{
  "ticker": "MHC",
  "data": [
    {
      "quarter": "Q1 2017",
      "income status": {
        "Net sales": 18801,
        "Cost of goods sold": 16945,
        "Gross Profit": 1856,
        "Financial expenses": -929,
        "Of which: Interest expense": 626,
        "Cost of sales": "N/A",
        "Enterprise cost management": 1639,
        "Total Operating Expenses": 710,
        "Total revenue financing activities": 6207,
        "Net profit from business activities": 7299,
        "Profit": 4,
        "Profit before tax": 7302,
        "Present corporate income tax expenses": 1304,
        "Deferred income taxes expenses": "N/A",
        "The interests of minority shareholders": "N/A",
        "Total Cost of profits": 1304,
        "Profit after tax corporate income": 5998,
        "Volume": 32735090,
        "Close of Quarter": 6.4,
        "EPS": 774,
        "Non-adjusted EPS": 774,
        "PE": 8.3,
        "Book Price": 15
      }
    },
    {
      "quarter": "Q4 2016",
      "income status": {
        "Net sales": 27275,
        "Cost of goods sold": 23900,
        "Gross Profit": 3376,
        "Financial expenses": 26960,
        "Of which: Interest expense": 951,
        "Cost of sales": "N/A",
        "Enterprise cost management": 2075,
        "Total Operating Expenses": 29035,
        "Total revenue financing activities": 13735,
        "Net profit from business activities": -12041,
        "Profit": 582,
        "Profit before tax": -11459,
        "Present corporate income tax expenses": -2598,
        "Deferred income taxes expenses": "N/A",
        "The interests of minority shareholders": "N/A",
        "Total Cost of profits": -2598,
        "Profit after tax corporate income": -8861,
        "Volume": 32735090,
        "Close of Quarter": 6.3,
        "EPS": 1829,
        "Non-adjusted EPS": 1829,
        "PE": 3.5,
        "Book Price": 14.8
      }
    },
    {
      "quarter": "Q3 2016",
      "income status": {
        "Net sales": 11094,
        "Cost of goods sold": 10019,
        "Gross Profit": 1075,
        "Financial expenses": -3525,
        "Of which: Interest expense": 667,
        "Cost of sales": 4,
        "Enterprise cost management": 1897,
        "Total Operating Expenses": -1624,
        "Total revenue financing activities": 26018,
        "Net profit from business activities": 27998,
        "Profit": -1,
        "Profit before tax": 27997,
        "Present corporate income tax expenses": 5743,
        "Deferred income taxes expenses": "N/A",
        "The interests of minority shareholders": "N/A",
        "Total Cost of profits": 5743,
        "Profit after tax corporate income": 22254,
        "Volume": 28466327,
        "Close of Quarter": 6.0,
        "EPS": 3528.8,
        "Non-adjusted EPS": 4058,
        "PE": 1.5,
        "Book Price": 16
      }
    },
    {
      "quarter": "Q2 2016",
      "income status": {
        "Net sales": 24314,
        "Cost of goods sold": 20422,
        "Gross Profit": 3892,
        "Financial expenses": 15344,
        "Of which: Interest expense": 461,
        "Cost of sales": "N/A",
        "Enterprise cost management": 2296,
        "Total Operating Expenses": 17640,
        "Total revenue financing activities": 21621,
        "Net profit from business activities": 7627,
        "Profit": -1,
        "Profit before tax": 7626,
        "Present corporate income tax expenses": 1675,
        "Deferred income taxes expenses": "N/A",
        "The interests of minority shareholders": "N/A",
        "Total Cost of profits": 1675,
        "Profit after tax corporate income": 5951,
        "Volume": 28466327,
        "Close of Quarter": 8.8,
        "EPS": 3240.1,
        "Non-adjusted EPS": 3726,
        "PE": 2.4,
        "Book Price": 15.3
      }
    },
    {
      "quarter": "Q1 2016",
      "income status": {
        "Net sales": 9243,
        "Cost of goods sold": 8426,
        "Gross Profit": 817,
        "Financial expenses": 7338,
        "Of which: Interest expense": 195,
        "Cost of sales": "N/A",
        "Enterprise cost management": 1911,
        "Total Operating Expenses": 9249,
        "Total revenue financing activities": 66298,
        "Net profit from business activities": 57608,
        "Profit": "N/A",
        "Profit before tax": 57608,
        "Present corporate income tax expenses": 17082,
        "Deferred income taxes expenses": "N/A",
        "The interests of minority shareholders": "N/A",
        "Total Cost of profits": 17082,
        "Profit after tax corporate income": 40527,
        "Volume": 27110788,
        "Close of Quarter": 10.6,
        "EPS": 3267.2,
        "Non-adjusted EPS": 3945,
        "PE": 2.7,
        "Book Price": 14.7
      }
    },
    {
      "quarter": "Q4 2015",
      "income status": {
        "Net sales": 17572,
        "Cost of goods sold": 15604,
        "Gross Profit": 1967,
        "Financial expenses": 5515,
        "Of which: Interest expense": 182,
        "Cost of sales": "N/A",
        "Enterprise cost management": 2071,
        "Total Operating Expenses": 7586,
        "Total revenue financing activities": 40243,
        "Net profit from business activities": 49770,
        "Profit": "N/A",
        "Profit before tax": 49770,
        "Present corporate income tax expenses": 2995,
        "Deferred income taxes expenses": "N/A",
        "The interests of minority shareholders": "N/A",
        "Total Cost of profits": 2995,
        "Profit after tax corporate income": 46775,
        "Volume": 27110788,
        "Close of Quarter": 11.9,
        "EPS": 2352.1,
        "Non-adjusted EPS": 2840,
        "PE": 4.2,
        "Book Price": 12.3
      }
    },
    {
      "quarter": "Q3 2015",
      "income status": {
        "Net sales": 17061,
        "Cost of goods sold": 14086,
        "Gross Profit": 2975,
        "Financial expenses": 1493,
        "Of which: Interest expense": 38,
        "Cost of sales": "N/A",
        "Enterprise cost management": 1257,
        "Total Operating Expenses": 2750,
        "Total revenue financing activities": 1280,
        "Net profit from business activities": 13396,
        "Profit": -127,
        "Profit before tax": 13269,
        "Present corporate income tax expenses": 455,
        "Deferred income taxes expenses": "N/A",
        "The interests of minority shareholders": "N/A",
        "Total Cost of profits": 455,
        "Profit after tax corporate income": 12815,
        "Volume": 27110788,
        "Close of Quarter": 12.9,
        "EPS": 1234,
        "Non-adjusted EPS": 1490,
        "PE": 8.6,
        "Book Price": 10.9
      }
    },
    {
      "quarter": "Q2 2015",
      "income status": {
        "Net sales": 25992,
        "Cost of goods sold": 25210,
        "Gross Profit": 782,
        "Financial expenses": 4613,
        "Of which: Interest expense": 403,
        "Cost of sales": "N/A",
        "Enterprise cost management": 3132,
        "Total Operating Expenses": 7745,
        "Total revenue financing activities": -312,
        "Net profit from business activities": 3218,
        "Profit": 4496,
        "Profit before tax": 7714,
        "Present corporate income tax expenses": 886,
        "Deferred income taxes expenses": "N/A",
        "The interests of minority shareholders": "N/A",
        "Total Cost of profits": 886,
        "Profit after tax corporate income": 6828,
        "Volume": 27110788,
        "Close of Quarter": 11.3,
        "EPS": 2109.4,
        "Non-adjusted EPS": 2547,
        "PE": 4.4,
        "Book Price": 10.5
      }
    },
    {
      "quarter": "Q1 2015",
      "income status": {
        "Net sales": 7394,
        "Cost of goods sold": 6381,
        "Gross Profit": 1012,
        "Financial expenses": 2109,
        "Of which: Interest expense": 554,
        "Cost of sales": "N/A",
        "Enterprise cost management": 456,
        "Total Operating Expenses": 2565,
        "Total revenue financing activities": 3236,
        "Net profit from business activities": 10795,
        "Profit": -97,
        "Profit before tax": 10698,
        "Present corporate income tax expenses": 122,
        "Deferred income taxes expenses": "N/A",
        "The interests of minority shareholders": "N/A",
        "Total Cost of profits": 122,
        "Profit after tax corporate income": 10576,
        "Volume": 13555394,
        "Close of Quarter": 10.5,
        "EPS": 2128.0,
        "Non-adjusted EPS": 5139,
        "PE": 2.0,
        "Book Price": 10.6
      }
    },
    {
      "quarter": "Q4 2014",
      "income status": {
        "Net sales": 9440,
        "Cost of goods sold": 9052,
        "Gross Profit": 388,
        "Financial expenses": 485,
        "Of which: Interest expense": 484,
        "Cost of sales": "N/A",
        "Enterprise cost management": 8691,
        "Total Operating Expenses": 9176,
        "Total revenue financing activities": 13063,
        "Net profit from business activities": 10202,
        "Profit": -4,
        "Profit before tax": 10198,
        "Present corporate income tax expenses": 21,
        "Deferred income taxes expenses": "N/A",
        "The interests of minority shareholders": "N/A",
        "Total Cost of profits": 21,
        "Profit after tax corporate income": 10177,
        "Volume": 13555394,
        "Close of Quarter": 10.5,
        "EPS": 2170.7,
        "Non-adjusted EPS": 5242,
        "PE": 2.0,
        "Book Price": 6.1
      }
    },
    {
      "quarter": "Q3 2014",
      "income status": {
        "Net sales": 19377,
        "Cost of goods sold": 14974,
        "Gross Profit": 4403,
        "Financial expenses": 464,
        "Of which: Interest expense": 431,
        "Cost of sales": 239,
        "Enterprise cost management": 7054,
        "Total Operating Expenses": 7757,
        "Total revenue financing activities": 2528,
        "Net profit from business activities": 6151,
        "Profit": 34873,
        "Profit before tax": 41024,
        "Present corporate income tax expenses": 21,
        "Deferred income taxes expenses": "N/A",
        "The interests of minority shareholders": -467,
        "Total Cost of profits": -446,
        "Profit after tax corporate income": 41470,
        "Volume": 13555394,
        "Close of Quarter": 11.6,
        "EPS": 2007.9,
        "Non-adjusted EPS": 4849,
        "PE": 2.4,
        "Book Price": 6.1
      }
    },
    {
      "quarter": "Q2 2014",
      "income status": {
        "Net sales": 22988,
        "Cost of goods sold": 15860,
        "Gross Profit": 7129,
        "Financial expenses": 638,
        "Of which: Interest expense": 453,
        "Cost of sales": 180,
        "Enterprise cost management": 5371,
        "Total Operating Expenses": 6189,
        "Total revenue financing activities": 2628,
        "Net profit from business activities": 9636,
        "Profit": -49,
        "Profit before tax": 9586,
        "Present corporate income tax expenses": 849,
        "Deferred income taxes expenses": "N/A",
        "The interests of minority shareholders": 1304,
        "Total Cost of profits": 2153,
        "Profit after tax corporate income": 7433,
        "Volume": 13555394,
        "Close of Quarter": 7.6,
        "EPS": 839.8,
        "Non-adjusted EPS": 2028,
        "PE": 3.8,
        "Book Price": 4.8
      }
    },
    {
      "quarter": "Q1 2014",
      "income status": {
        "Net sales": 17907,
        "Cost of goods sold": 12629,
        "Gross Profit": 5278,
        "Financial expenses": 666,
        "Of which: Interest expense": 576,
        "Cost of sales": 130,
        "Enterprise cost management": 4866,
        "Total Operating Expenses": 5662,
        "Total revenue financing activities": 7080,
        "Net profit from business activities": 8113,
        "Profit": 5240,
        "Profit before tax": 13353,
        "Present corporate income tax expenses": 454,
        "Deferred income taxes expenses": "N/A",
        "The interests of minority shareholders": 915,
        "Total Cost of profits": 1369,
        "Profit after tax corporate income": 11984,
        "Volume": 13555394,
        "Close of Quarter": 8.0,
        "EPS": 742.9,
        "Non-adjusted EPS": 1794,
        "PE": 4.5,
        "Book Price": 4.1
      }
    },
    {
      "quarter": "Q4 2013",
      "income status": {
        "Net sales": 17831,
        "Cost of goods sold": 13194,
        "Gross Profit": 4637,
        "Financial expenses": 1719,
        "Of which: Interest expense": 871,
        "Cost of sales": 510,
        "Enterprise cost management": 5189,
        "Total Operating Expenses": 7418,
        "Total revenue financing activities": 627,
        "Net profit from business activities": -2153,
        "Profit": 463,
        "Profit before tax": 7114,
        "Present corporate income tax expenses": 284,
        "Deferred income taxes expenses": "N/A",
        "The interests of minority shareholders": 1992,
        "Total Cost of profits": 2276,
        "Profit after tax corporate income": 4838,
        "Volume": 13555394,
        "Close of Quarter": 2.6,
        "EPS": 477.9,
        "Non-adjusted EPS": 1154,
        "PE": 2.3,
        "Book Price": 3.4
      }
    },
    {
      "quarter": "Q3 2013",
      "income status": {
        "Net sales": 14202,
        "Cost of goods sold": 10167,
        "Gross Profit": 4035,
        "Financial expenses": 943,
        "Of which: Interest expense": 829,
        "Cost of sales": 169,
        "Enterprise cost management": 4652,
        "Total Operating Expenses": 5764,
        "Total revenue financing activities": 437,
        "Net profit from business activities": -1292,
        "Profit": -703,
        "Profit before tax": 4034,
        "Present corporate income tax expenses": 315,
        "Deferred income taxes expenses": "N/A",
        "The interests of minority shareholders": 478,
        "Total Cost of profits": 793,
        "Profit after tax corporate income": 3241,
        "Volume": 13555394,
        "Close of Quarter": 2.8,
        "EPS": 241,
        "Non-adjusted EPS": 582,
        "PE": 4.7,
        "Book Price": 3.3
      }
    },
    {
      "quarter": "Q2 2013",
      "income status": {
        "Net sales": 9541,
        "Cost of goods sold": 6273,
        "Gross Profit": 3268,
        "Financial expenses": 863,
        "Of which: Interest expense": 486,
        "Cost of sales": 105,
        "Enterprise cost management": 4337,
        "Total Operating Expenses": 5305,
        "Total revenue financing activities": 511,
        "Net profit from business activities": -1526,
        "Profit": 1074,
        "Profit before tax": 4988,
        "Present corporate income tax expenses": 73,
        "Deferred income taxes expenses": "N/A",
        "The interests of minority shareholders": 658,
        "Total Cost of profits": 731,
        "Profit after tax corporate income": 4257,
        "Volume": 13555394,
        "Close of Quarter": 1.9,
        "EPS": 228.6,
        "Non-adjusted EPS": 552,
        "PE": 3.5,
        "Book Price": 3.2
      }
    },
    {
      "quarter": "Q1 2013",
      "income status": {
        "Net sales": 22259,
        "Cost of goods sold": 19537,
        "Gross Profit": 2722,
        "Financial expenses": 1216,
        "Of which: Interest expense": 1177,
        "Cost of sales": 123,
        "Enterprise cost management": 3309,
        "Total Operating Expenses": 4648,
        "Total revenue financing activities": 311,
        "Net profit from business activities": -1616,
        "Profit": 367,
        "Profit before tax": 3608,
        "Present corporate income tax expenses": 118,
        "Deferred income taxes expenses": "N/A",
        "The interests of minority shareholders": 186,
        "Total Cost of profits": 304,
        "Profit after tax corporate income": 3304,
        "Volume": 13555394,
        "Close of Quarter": 1.6,
        "EPS": 171.9,
        "Non-adjusted EPS": 415,
        "PE": 4.0,
        "Book Price": 3.1
      }
    },
    {
      "quarter": "Q4 2012",
      "income status": {
        "Net sales": 53404,
        "Cost of goods sold": 50869,
        "Gross Profit": 2535,
        "Financial expenses": 3085,
        "Of which: Interest expense": 1040,
        "Cost of sales": 126,
        "Enterprise cost management": 6793,
        "Total Operating Expenses": 10004,
        "Total revenue financing activities": 1078,
        "Net profit from business activities": -6390,
        "Profit": 1150,
        "Profit before tax": -2636,
        "Present corporate income tax expenses": 23,
        "Deferred income taxes expenses": "N/A",
        "The interests of minority shareholders": 257,
        "Total Cost of profits": 280,
        "Profit after tax corporate income": -2916,
        "Volume": 13555394,
        "Close of Quarter": 1.8,
        "EPS": 95.2,
        "Non-adjusted EPS": 230,
        "PE": 8,
        "Book Price": 2.9
      }
    },
    {
      "quarter": "Q3 2012",
      "income status": {
        "Net sales": 21421,
        "Cost of goods sold": 17646,
        "Gross Profit": 3775,
        "Financial expenses": 1277,
        "Of which: Interest expense": 1241,
        "Cost of sales": 345,
        "Enterprise cost management": 4023,
        "Total Operating Expenses": 5645,
        "Total revenue financing activities": 378,
        "Net profit from business activities": -1493,
        "Profit": -1394,
        "Profit before tax": 3248,
        "Present corporate income tax expenses": 148,
        "Deferred income taxes expenses": "N/A",
        "The interests of minority shareholders": 264,
        "Total Cost of profits": 412,
        "Profit after tax corporate income": 2836,
        "Volume": 13555394,
        "Close of Quarter": 1.8,
        "EPS": 103.9,
        "Non-adjusted EPS": 251,
        "PE": 7.3,
        "Book Price": 3.1
      }
    },
    {
      "quarter": "Q2 2012",
      "income status": {
        "Net sales": 22978,
        "Cost of goods sold": 18629,
        "Gross Profit": 4349,
        "Financial expenses": 2359,
        "Of which: Interest expense": 1385,
        "Cost of sales": 346,
        "Enterprise cost management": 4034,
        "Total Operating Expenses": 6739,
        "Total revenue financing activities": 882,
        "Net profit from business activities": -1509,
        "Profit": 945,
        "Profit before tax": 2789,
        "Present corporate income tax expenses": 101,
        "Deferred income taxes expenses": "N/A",
        "The interests of minority shareholders": 283,
        "Total Cost of profits": 384,
        "Profit after tax corporate income": 2405,
        "Volume": 13555394,
        "Close of Quarter": 1.6,
        "EPS": 34.8,
        "Non-adjusted EPS": 84,
        "PE": 19.5,
        "Book Price": 3.0
      }
    },
    {
      "quarter": "Q1 2012",
      "income status": {
        "Net sales": 22089,
        "Cost of goods sold": 18920,
        "Gross Profit": 3169,
        "Financial expenses": 1583,
        "Of which: Interest expense": 1514,
        "Cost of sales": 321,
        "Enterprise cost management": 4552,
        "Total Operating Expenses": 6456,
        "Total revenue financing activities": 409,
        "Net profit from business activities": -2877,
        "Profit": -1047,
        "Profit before tax": 1126,
        "Present corporate income tax expenses": 158,
        "Deferred income taxes expenses": "N/A",
        "The interests of minority shareholders": 176,
        "Total Cost of profits": 334,
        "Profit after tax corporate income": 791,
        "Volume": 13555394,
        "Close of Quarter": 1.8,
        "EPS": -19.1,
        "Non-adjusted EPS": -46,
        "PE": -40,
        "Book Price": 3.0
      }
    },
    {
      "quarter": "Q4 2011",
      "income status": {
        "Net sales": 29416,
        "Cost of goods sold": 24934,
        "Gross Profit": 4482,
        "Financial expenses": 9877,
        "Of which: Interest expense": 1650,
        "Cost of sales": 451,
        "Enterprise cost management": 2961,
        "Total Operating Expenses": 13289,
        "Total revenue financing activities": 1789,
        "Net profit from business activities": -7018,
        "Profit": 2496,
        "Profit before tax": -2861,
        "Present corporate income tax expenses": -232,
        "Deferred income taxes expenses": "N/A",
        "The interests of minority shareholders": -6,
        "Total Cost of profits": -238,
        "Profit after tax corporate income": -2623,
        "Volume": 13555394,
        "Close of Quarter": 1.5,
        "EPS": -13.3,
        "Non-adjusted EPS": -32,
        "PE": -47.2,
        "Book Price": 3.0
      }
    },
    {
      "quarter": "Q3 2011",
      "income status": {
        "Net sales": 32749,
        "Cost of goods sold": 27345,
        "Gross Profit": 5404,
        "Financial expenses": 2674,
        "Of which: Interest expense": 1765,
        "Cost of sales": 353,
        "Enterprise cost management": 5149,
        "Total Operating Expenses": 8176,
        "Total revenue financing activities": 985,
        "Net profit from business activities": -1787,
        "Profit": -58,
        "Profit before tax": 808,
        "Present corporate income tax expenses": 178,
        "Deferred income taxes expenses": "N/A",
        "The interests of minority shareholders": 67,
        "Total Cost of profits": 245,
        "Profit after tax corporate income": 563,
        "Volume": 13555394,
        "Close of Quarter": 2.0,
        "EPS": 645.2,
        "Non-adjusted EPS": 1558,
        "PE": 1.3,
        "Book Price": 3.0
      }
    },
    {
      "quarter": "Q2 2011",
      "income status": {
        "Net sales": 34359,
        "Cost of goods sold": 27313,
        "Gross Profit": 7046,
        "Financial expenses": 2518,
        "Of which: Interest expense": 2054,
        "Cost of sales": 418,
        "Enterprise cost management": 5950,
        "Total Operating Expenses": 8886,
        "Total revenue financing activities": 746,
        "Net profit from business activities": 1094,
        "Profit": 542,
        "Profit before tax": 1576,
        "Present corporate income tax expenses": 206,
        "Deferred income taxes expenses": "N/A",
        "The interests of minority shareholders": 365,
        "Total Cost of profits": 571,
        "Profit after tax corporate income": 640,
        "Volume": 13555394,
        "Close of Quarter": 2.4,
        "EPS": 664.2,
        "Non-adjusted EPS": 1604,
        "PE": 1.5,
        "Book Price": 3.0
      }
    },
    {
      "quarter": "Q1 2011",
      "income status": {
        "Net sales": 29767,
        "Cost of goods sold": 24104,
        "Gross Profit": 5663,
        "Financial expenses": 2700,
        "Of which: Interest expense": 1711,
        "Cost of sales": 338,
        "Enterprise cost management": 5810,
        "Total Operating Expenses": 8848,
        "Total revenue financing activities": 5180,
        "Net profit from business activities": 1995,
        "Profit": 155,
        "Profit before tax": 1552,
        "Present corporate income tax expenses": 1,
        "Deferred income taxes expenses": "N/A",
        "The interests of minority shareholders": 569,
        "Total Cost of profits": 570,
        "Profit after tax corporate income": 982,
        "Volume": 13555394,
        "Close of Quarter": 3.9,
        "EPS": 300.6,
        "Non-adjusted EPS": 726,
        "PE": 5.3,
        "Book Price": 3.0
      }
    },
    {
      "quarter": "Q4 2010",
      "income status": {
        "Net sales": 29602,
        "Cost of goods sold": 23317,
        "Gross Profit": 6285,
        "Financial expenses": 627,
        "Of which: Interest expense": -1281,
        "Cost of sales": 349,
        "Enterprise cost management": 6041,
        "Total Operating Expenses": 7017,
        "Total revenue financing activities": 19169,
        "Net profit from business activities": 18436,
        "Profit": 1222,
        "Profit before tax": 19129,
        "Present corporate income tax expenses": 49,
        "Deferred income taxes expenses": "N/A",
        "The interests of minority shareholders": 148,
        "Total Cost of profits": 197,
        "Profit after tax corporate income": 18931,
        "Volume": 13555394,
        "Close of Quarter": 5.3,
        "EPS": -1333.4,
        "Non-adjusted EPS": -3220,
        "PE": -1.6,
        "Book Price": 2.9
      }
    },
    {
      "quarter": "Q3 2010",
      "income status": {
        "Net sales": 32133,
        "Cost of goods sold": 26296,
        "Gross Profit": 5837,
        "Financial expenses": 3565,
        "Of which: Interest expense": 2434,
        "Cost of sales": 176,
        "Enterprise cost management": 5973,
        "Total Operating Expenses": 9714,
        "Total revenue financing activities": 3162,
        "Net profit from business activities": -715,
        "Profit": 1907,
        "Profit before tax": 1192,
        "Present corporate income tax expenses": 7,
        "Deferred income taxes expenses": "N/A",
        "The interests of minority shareholders": "N/A",
        "Total Cost of profits": 7,
        "Profit after tax corporate income": 1185,
        "Volume": 13555394,
        "Close of Quarter": 5.6,
        "EPS": -2825.4,
        "Non-adjusted EPS": -6823,
        "PE": -0.8,
        "Book Price": 2.2
      }
    },
    {
      "quarter": "Q2 2010",
      "income status": {
        "Net sales": 34798,
        "Cost of goods sold": 42648,
        "Gross Profit": -7850,
        "Financial expenses": 7489,
        "Of which: Interest expense": 2525,
        "Cost of sales": 546,
        "Enterprise cost management": 8999,
        "Total Operating Expenses": 17034,
        "Total revenue financing activities": 279,
        "Net profit from business activities": -24604,
        "Profit": 13420,
        "Profit before tax": -11184,
        "Present corporate income tax expenses": 74,
        "Deferred income taxes expenses": "N/A",
        "The interests of minority shareholders": "N/A",
        "Total Cost of profits": 74,
        "Profit after tax corporate income": -11259,
        "Volume": 13555394,
        "Close of Quarter": 6.9,
        "EPS": -3531.8,
        "Non-adjusted EPS": -8529,
        "PE": -0.8,
        "Book Price": 2.2
      }
    },
    {
      "quarter": "Q1 2010",
      "income status": {
        "Net sales": 34345,
        "Cost of goods sold": 49395,
        "Gross Profit": -15050,
        "Financial expenses": 7624,
        "Of which: Interest expense": 4010,
        "Cost of sales": 407,
        "Enterprise cost management": 5712,
        "Total Operating Expenses": 13743,
        "Total revenue financing activities": 3952,
        "Net profit from business activities": -24840,
        "Profit": -27664,
        "Profit before tax": -52505,
        "Present corporate income tax expenses": 5,
        "Deferred income taxes expenses": "N/A",
        "The interests of minority shareholders": "N/A",
        "Total Cost of profits": 5,
        "Profit after tax corporate income": -52509,
        "Volume": 13555394,
        "Close of Quarter": 5.3,
        "EPS": -2620.4,
        "Non-adjusted EPS": -6328,
        "PE": -0.8,
        "Book Price": 2.5
      }
    },
    {
      "quarter": "Q4 2009",
      "income status": {
        "Net sales": 39850,
        "Cost of goods sold": 52503,
        "Gross Profit": -12653,
        "Financial expenses": 9806,
        "Of which: Interest expense": 3517,
        "Cost of sales": 402,
        "Enterprise cost management": 9949,
        "Total Operating Expenses": 20157,
        "Total revenue financing activities": 494,
        "Net profit from business activities": -32316,
        "Profit": 2412,
        "Profit before tax": -29904,
        "Present corporate income tax expenses": "N/A",
        "Deferred income taxes expenses": "N/A",
        "The interests of minority shareholders": "N/A",
        "Total Cost of profits": 0,
        "Profit after tax corporate income": -29904,
        "Volume": 13555394,
        "Close of Quarter": 6.4,
        "EPS": -1180.2,
        "Non-adjusted EPS": -2850,
        "PE": -2.3,
        "Book Price": 4.2
      }
    },
    {
      "quarter": "Q3 2009",
      "income status": {
        "Net sales": 43515,
        "Cost of goods sold": 56652,
        "Gross Profit": -13137,
        "Financial expenses": 3368,
        "Of which: Interest expense": 2504,
        "Cost of sales": 365,
        "Enterprise cost management": 5861,
        "Total Operating Expenses": 9594,
        "Total revenue financing activities": 645,
        "Net profit from business activities": -22088,
        "Profit": 139,
        "Profit before tax": -21948,
        "Present corporate income tax expenses": "N/A",
        "Deferred income taxes expenses": "N/A",
        "The interests of minority shareholders": "N/A",
        "Total Cost of profits": 0,
        "Profit after tax corporate income": -21948,
        "Volume": 11788087,
        "Close of Quarter": 9.5,
        "EPS": -123.2,
        "Non-adjusted EPS": -342,
        "PE": -27.8,
        "Book Price": 5.1
      }
    },
    {
      "quarter": "Q2 2009",
      "income status": {
        "Net sales": 43790,
        "Cost of goods sold": 62213,
        "Gross Profit": -18424,
        "Financial expenses": 3952,
        "Of which: Interest expense": 2224,
        "Cost of sales": 339,
        "Enterprise cost management": 5766,
        "Total Operating Expenses": 10057,
        "Total revenue financing activities": 52988,
        "Net profit from business activities": 24508,
        "Profit": 136,
        "Profit before tax": 24643,
        "Present corporate income tax expenses": 6060,
        "Deferred income taxes expenses": "N/A",
        "The interests of minority shareholders": "N/A",
        "Total Cost of profits": 6060,
        "Profit after tax corporate income": 18583,
        "Volume": 11788087,
        "Close of Quarter": 7.0,
        "EPS": 134.0,
        "Non-adjusted EPS": 372,
        "PE": 18.9,
        "Book Price": 5.8
      }
    },
    {
      "quarter": "Q1 2009",
      "income status": {
        "Net sales": 41503,
        "Cost of goods sold": 48838,
        "Gross Profit": -7335,
        "Financial expenses": 3651,
        "Of which: Interest expense": 2968,
        "Cost of sales": 169,
        "Enterprise cost management": 4259,
        "Total Operating Expenses": 8079,
        "Total revenue financing activities": 4817,
        "Net profit from business activities": -10598,
        "Profit": 5238,
        "Profit before tax": -5360,
        "Present corporate income tax expenses": "N/A",
        "Deferred income taxes expenses": "N/A",
        "The interests of minority shareholders": "N/A",
        "Total Cost of profits": 0,
        "Profit after tax corporate income": -5360,
        "Volume": 11788087,
        "Close of Quarter": 4.1,
        "EPS": -424.2,
        "Non-adjusted EPS": -1178,
        "PE": -3.5,
        "Book Price": 5.1
      }
    },
    {
      "quarter": "Q4 2008",
      "income status": {
        "Net sales": 78084,
        "Cost of goods sold": 65497,
        "Gross Profit": 12587,
        "Financial expenses": 8985,
        "Of which: Interest expense": "N/A",
        "Cost of sales": 376,
        "Enterprise cost management": 4802,
        "Total Operating Expenses": 14163,
        "Total revenue financing activities": 6234,
        "Net profit from business activities": 4658,
        "Profit": 37,
        "Profit before tax": 4695,
        "Present corporate income tax expenses": "N/A",
        "Deferred income taxes expenses": "N/A",
        "The interests of minority shareholders": "N/A",
        "Total Cost of profits": 0,
        "Profit after tax corporate income": 4695,
        "Volume": 11788087,
        "Close of Quarter": 4.5,
        "EPS": 1.1,
        "Non-adjusted EPS": 3,
        "PE": 1486.7,
        "Book Price": 5.3
      }
    },
    {
      "quarter": "Q3 2008",
      "income status": {
        "Net sales": 48374,
        "Cost of goods sold": 65953,
        "Gross Profit": -17579,
        "Financial expenses": 2753,
        "Of which: Interest expense": "N/A",
        "Cost of sales": 181,
        "Enterprise cost management": 4752,
        "Total Operating Expenses": 7686,
        "Total revenue financing activities": 1165,
        "Net profit from business activities": -24099,
        "Profit": 10571,
        "Profit before tax": -13528,
        "Present corporate income tax expenses": "N/A",
        "Deferred income taxes expenses": "N/A",
        "The interests of minority shareholders": "N/A",
        "Total Cost of profits": 0,
        "Profit after tax corporate income": -13528,
        "Volume": 11788087,
        "Close of Quarter": 7.4,
        "EPS": -137.9,
        "Non-adjusted EPS": -383,
        "PE": -19.4,
        "Book Price": 5.1
      }
    },
    {
      "quarter": "Q2 2008",
      "income status": {
        "Net sales": 54346,
        "Cost of goods sold": 53440,
        "Gross Profit": 906,
        "Financial expenses": 3112,
        "Of which: Interest expense": "N/A",
        "Cost of sales": 246,
        "Enterprise cost management": 3986,
        "Total Operating Expenses": 7344,
        "Total revenue financing activities": 960,
        "Net profit from business activities": -5478,
        "Profit": 5863,
        "Profit before tax": 384,
        "Present corporate income tax expenses": 81,
        "Deferred income taxes expenses": "N/A",
        "The interests of minority shareholders": "N/A",
        "Total Cost of profits": 81,
        "Profit after tax corporate income": 303,
        "Volume": 11788087,
        "Close of Quarter": 7.0,
        "EPS": 1058.7,
        "Non-adjusted EPS": 2940,
        "PE": 2.4,
        "Book Price": 5.6
      }
    },
    {
      "quarter": "Q1 2008",
      "income status": {
        "Net sales": 51981,
        "Cost of goods sold": 51386,
        "Gross Profit": 595,
        "Financial expenses": 1414,
        "Of which: Interest expense": "N/A",
        "Cost of sales": 235,
        "Enterprise cost management": 3624,
        "Total Operating Expenses": 5273,
        "Total revenue financing activities": 12862,
        "Net profit from business activities": 8184,
        "Profit": 381,
        "Profit before tax": 8565,
        "Present corporate income tax expenses": "N/A",
        "Deferred income taxes expenses": "N/A",
        "The interests of minority shareholders": "N/A",
        "Total Cost of profits": 0,
        "Profit after tax corporate income": 8565,
        "Volume": 9387896,
        "Close of Quarter": 10.4,
        "EPS": 1190.7,
        "Non-adjusted EPS": 4152,
        "PE": 2.5,
        "Book Price": 4.1
      }
    },
    {
      "quarter": "Q4 2007",
      "income status": {
        "Net sales": 63418,
        "Cost of goods sold": 57774,
        "Gross Profit": 5644,
        "Financial expenses": 1534,
        "Of which: Interest expense": "N/A",
        "Cost of sales": 119,
        "Enterprise cost management": 4483,
        "Total Operating Expenses": 6136,
        "Total revenue financing activities": 272,
        "Net profit from business activities": -221,
        "Profit": 622,
        "Profit before tax": 401,
        "Present corporate income tax expenses": 255,
        "Deferred income taxes expenses": "N/A",
        "The interests of minority shareholders": "N/A",
        "Total Cost of profits": 255,
        "Profit after tax corporate income": 146,
        "Volume": 9387896,
        "Close of Quarter": 23.7,
        "EPS": 1023.2,
        "Non-adjusted EPS": 3568,
        "PE": 6.7,
        "Book Price": 4.2
      }
    },
    {
      "quarter": "Q3 2007",
      "income status": {
        "Net sales": 51403,
        "Cost of goods sold": 42789,
        "Gross Profit": 8614,
        "Financial expenses": 970,
        "Of which: Interest expense": "N/A",
        "Cost of sales": 122,
        "Enterprise cost management": 3347,
        "Total Operating Expenses": 4439,
        "Total revenue financing activities": 24037,
        "Net profit from business activities": 28212,
        "Profit": 252,
        "Profit before tax": 28464,
        "Present corporate income tax expenses": 2825,
        "Deferred income taxes expenses": "N/A",
        "The interests of minority shareholders": "N/A",
        "Total Cost of profits": 2825,
        "Profit after tax corporate income": 25639,
        "Volume": 9387896,
        "Close of Quarter": 20.1,
        "EPS": 1142.6,
        "Non-adjusted EPS": 3984,
        "PE": 5.1,
        "Book Price": 4.2
      }
    },
    {
      "quarter": "Q2 2007",
      "income status": {
        "Net sales": 72965,
        "Cost of goods sold": 63317,
        "Gross Profit": 9648,
        "Financial expenses": 511,
        "Of which: Interest expense": "N/A",
        "Cost of sales": 70,
        "Enterprise cost management": 3195,
        "Total Operating Expenses": 3776,
        "Total revenue financing activities": 164,
        "Net profit from business activities": 6036,
        "Profit": 188,
        "Profit before tax": 6224,
        "Present corporate income tax expenses": 1597,
        "Deferred income taxes expenses": "N/A",
        "The interests of minority shareholders": "N/A",
        "Total Cost of profits": 1597,
        "Profit after tax corporate income": 4627,
        "Volume": 9387896,
        "Close of Quarter": 17.1,
        "EPS": 437.6,
        "Non-adjusted EPS": 1526,
        "PE": 11.2,
        "Book Price": 3.4
      }
    },
    {
      "quarter": "Q1 2007",
      "income status": {
        "Net sales": 54567,
        "Cost of goods sold": 48892,
        "Gross Profit": 5675,
        "Financial expenses": 481,
        "Of which: Interest expense": "N/A",
        "Cost of sales": 218,
        "Enterprise cost management": 3590,
        "Total Operating Expenses": 4289,
        "Total revenue financing activities": 2094,
        "Net profit from business activities": 3480,
        "Profit": 43,
        "Profit before tax": 3523,
        "Present corporate income tax expenses": 441,
        "Deferred income taxes expenses": "N/A",
        "The interests of minority shareholders": "N/A",
        "Total Cost of profits": 441,
        "Profit after tax corporate income": 3083,
        "Volume": 6705640,
        "Close of Quarter": 20.4,
        "EPS": 453.1,
        "Non-adjusted EPS": 2212,
        "PE": 9.2,
        "Book Price": 3.3
      }
    },
    {
      "quarter": "Q4 2006",
      "income status": {
        "Net sales": 56576,
        "Cost of goods sold": 55684,
        "Gross Profit": 893,
        "Financial expenses": 1389,
        "Of which: Interest expense": "N/A",
        "Cost of sales": 191,
        "Enterprise cost management": 4775,
        "Total Operating Expenses": 6355,
        "Total revenue financing activities": 2184,
        "Net profit from business activities": -3278,
        "Profit": 8077,
        "Profit before tax": 4799,
        "Present corporate income tax expenses": 744,
        "Deferred income taxes expenses": "N/A",
        "The interests of minority shareholders": "N/A",
        "Total Cost of profits": 744,
        "Profit after tax corporate income": 4055,
        "Volume": 6705640,
        "Close of Quarter": 10.7,
        "EPS": 478.7,
        "Non-adjusted EPS": 2337,
        "PE": 4.6,
        "Book Price": 3.2
      }
    },
    {
      "quarter": "Q3 2006",
      "income status": {
        "Net sales": 59710,
        "Cost of goods sold": 53283,
        "Gross Profit": 6427,
        "Financial expenses": 684,
        "Of which: Interest expense": "N/A",
        "Cost of sales": 119,
        "Enterprise cost management": 3168,
        "Total Operating Expenses": 3971,
        "Total revenue financing activities": 508,
        "Net profit from business activities": 2965,
        "Profit": "N/A",
        "Profit before tax": 2965,
        "Present corporate income tax expenses": 408,
        "Deferred income taxes expenses": "N/A",
        "The interests of minority shareholders": "N/A",
        "Total Cost of profits": 408,
        "Profit after tax corporate income": 2557,
        "Volume": 6705640,
        "Close of Quarter": 12.1,
        "EPS": 354.8,
        "Non-adjusted EPS": 1732,
        "PE": 7,
        "Book Price": 3.1
      }
    },
    {
      "quarter": "Q2 2006",
      "income status": {
        "Net sales": 60443,
        "Cost of goods sold": 52752,
        "Gross Profit": 7691,
        "Financial expenses": 617,
        "Of which: Interest expense": "N/A",
        "Cost of sales": 76,
        "Enterprise cost management": 3364,
        "Total Operating Expenses": 4057,
        "Total revenue financing activities": 2103,
        "Net profit from business activities": 5737,
        "Profit": 5,
        "Profit before tax": 5742,
        "Present corporate income tax expenses": 602,
        "Deferred income taxes expenses": "N/A",
        "The interests of minority shareholders": "N/A",
        "Total Cost of profits": 602,
        "Profit after tax corporate income": 5140,
        "Volume": 6705640,
        "Close of Quarter": 10.4,
        "EPS": 276.8,
        "Non-adjusted EPS": 1351,
        "PE": 7.7,
        "Book Price": 3.1
      }
    },
    {
      "quarter": "Q1 2006",
      "income status": {
        "Net sales": 47152,
        "Cost of goods sold": 39021,
        "Gross Profit": 8131,
        "Financial expenses": 554,
        "Of which: Interest expense": "N/A",
        "Cost of sales": 162,
        "Enterprise cost management": 3207,
        "Total Operating Expenses": 3923,
        "Total revenue financing activities": 291,
        "Net profit from business activities": 4499,
        "Profit": 101,
        "Profit before tax": 4599,
        "Present corporate income tax expenses": 681,
        "Deferred income taxes expenses": "N/A",
        "The interests of minority shareholders": "N/A",
        "Total Cost of profits": 681,
        "Profit after tax corporate income": 3919,
        "Volume": 6705640,
        "Close of Quarter": 13.2,
        "EPS": 119.6,
        "Non-adjusted EPS": 584,
        "PE": 22.5,
        "Book Price": 3.1
      }
    }
  ]
}