{
  "ticker": "SNG",
  "data": [
    {
      "quarter": "Q3 2014",
      "income status": {
        "Net sales": 48407,
        "Cost of goods sold": 33041,
        "Gross Profit": 15366,
        "Financial expenses": 3976,
        "Of which: Interest expense": 3791,
        "Cost of sales": "N/A",
        "Enterprise cost management": 4582,
        "Total Operating Expenses": 8558,
        "Total revenue financing activities": 1127,
        "Net profit from business activities": 7935,
        "Profit": -1897,
        "Profit before tax": 6038,
        "Present corporate income tax expenses": 1595,
        "Deferred income taxes expenses": "N/A",
        "The interests of minority shareholders": "N/A",
        "Total Cost of profits": 1595,
        "Profit after tax corporate income": 4443,
        "Volume": 4608360,
        "Close of Quarter": 20,
        "EPS": 5610,
        "Non-adjusted EPS": 5610,
        "PE": 3.6,
        "Book Price": 32.8
      }
    },
    {
      "quarter": "Q2 2014",
      "income status": {
        "Net sales": 68629,
        "Cost of goods sold": 57431,
        "Gross Profit": 11198,
        "Financial expenses": 3807,
        "Of which: Interest expense": 3681,
        "Cost of sales": "N/A",
        "Enterprise cost management": 4369,
        "Total Operating Expenses": 8176,
        "Total revenue financing activities": 1993,
        "Net profit from business activities": 5016,
        "Profit": -357,
        "Profit before tax": 4659,
        "Present corporate income tax expenses": 2371,
        "Deferred income taxes expenses": "N/A",
        "The interests of minority shareholders": "N/A",
        "Total Cost of profits": 2371,
        "Profit after tax corporate income": 2288,
        "Volume": 4608360,
        "Close of Quarter": 17.6,
        "EPS": 5436,
        "Non-adjusted EPS": 5436,
        "PE": 3.2,
        "Book Price": 34.7
      }
    },
    {
      "quarter": "Q1 2014",
      "income status": {
        "Net sales": 60362,
        "Cost of goods sold": 44705,
        "Gross Profit": 15657,
        "Financial expenses": 3272,
        "Of which: Interest expense": 3235,
        "Cost of sales": "N/A",
        "Enterprise cost management": 5049,
        "Total Operating Expenses": 8321,
        "Total revenue financing activities": 11,
        "Net profit from business activities": 7347,
        "Profit": -35,
        "Profit before tax": 7312,
        "Present corporate income tax expenses": 370,
        "Deferred income taxes expenses": "N/A",
        "The interests of minority shareholders": "N/A",
        "Total Cost of profits": 370,
        "Profit after tax corporate income": 6942,
        "Volume": 4608360,
        "Close of Quarter": 17.9,
        "EPS": 5283,
        "Non-adjusted EPS": 5283,
        "PE": 3.4,
        "Book Price": 34.8
      }
    },
    {
      "quarter": "Q4 2013",
      "income status": {
        "Net sales": 94276,
        "Cost of goods sold": 73481,
        "Gross Profit": 20795,
        "Financial expenses": 4297,
        "Of which: Interest expense": 4288,
        "Cost of sales": "N/A",
        "Enterprise cost management": 2714,
        "Total Operating Expenses": 7011,
        "Total revenue financing activities": 30,
        "Net profit from business activities": 13814,
        "Profit": -942,
        "Profit before tax": 12872,
        "Present corporate income tax expenses": 693,
        "Deferred income taxes expenses": "N/A",
        "The interests of minority shareholders": "N/A",
        "Total Cost of profits": 693,
        "Profit after tax corporate income": 12179,
        "Volume": 4608360,
        "Close of Quarter": 13.4,
        "EPS": 3801,
        "Non-adjusted EPS": 3801,
        "PE": 3.5,
        "Book Price": 35.3
      }
    },
    {
      "quarter": "Q3 2013",
      "income status": {
        "Net sales": 49460,
        "Cost of goods sold": 35872,
        "Gross Profit": 13588,
        "Financial expenses": 4521,
        "Of which: Interest expense": 2799,
        "Cost of sales": "N/A",
        "Enterprise cost management": 4833,
        "Total Operating Expenses": 9354,
        "Total revenue financing activities": 4,
        "Net profit from business activities": 4239,
        "Profit": -381,
        "Profit before tax": 3858,
        "Present corporate income tax expenses": 216,
        "Deferred income taxes expenses": "N/A",
        "The interests of minority shareholders": "N/A",
        "Total Cost of profits": 216,
        "Profit after tax corporate income": 3642,
        "Volume": 4608360,
        "Close of Quarter": 10.8,
        "EPS": 1946,
        "Non-adjusted EPS": 1946,
        "PE": 5.6,
        "Book Price": 32.4
      }
    },
    {
      "quarter": "Q2 2013",
      "income status": {
        "Net sales": 41322,
        "Cost of goods sold": 30015,
        "Gross Profit": 11308,
        "Financial expenses": 4315,
        "Of which: Interest expense": 3962,
        "Cost of sales": "N/A",
        "Enterprise cost management": 5249,
        "Total Operating Expenses": 9564,
        "Total revenue financing activities": 4,
        "Net profit from business activities": 1747,
        "Profit": -76,
        "Profit before tax": 1671,
        "Present corporate income tax expenses": 90,
        "Deferred income taxes expenses": "N/A",
        "The interests of minority shareholders": "N/A",
        "Total Cost of profits": 90,
        "Profit after tax corporate income": 1581,
        "Volume": 4608360,
        "Close of Quarter": 11.2,
        "EPS": 2474,
        "Non-adjusted EPS": 2474,
        "PE": 4.5,
        "Book Price": 31.6
      }
    },
    {
      "quarter": "Q1 2013",
      "income status": {
        "Net sales": 13132,
        "Cost of goods sold": 7203,
        "Gross Profit": 5929,
        "Financial expenses": 4092,
        "Of which: Interest expense": 4029,
        "Cost of sales": "N/A",
        "Enterprise cost management": 1721,
        "Total Operating Expenses": 5813,
        "Total revenue financing activities": 7,
        "Net profit from business activities": 123,
        "Profit": "N/A",
        "Profit before tax": 123,
        "Present corporate income tax expenses": 8,
        "Deferred income taxes expenses": "N/A",
        "The interests of minority shareholders": "N/A",
        "Total Cost of profits": 8,
        "Profit after tax corporate income": 115,
        "Volume": 4608360,
        "Close of Quarter": 11.3,
        "EPS": 4045,
        "Non-adjusted EPS": 4045,
        "PE": 2.8,
        "Book Price": 31.2
      }
    },
    {
      "quarter": "Q4 2012",
      "income status": {
        "Net sales": 25486,
        "Cost of goods sold": 11539,
        "Gross Profit": 13947,
        "Financial expenses": 5845,
        "Of which: Interest expense": 5680,
        "Cost of sales": "N/A",
        "Enterprise cost management": 4069,
        "Total Operating Expenses": 9914,
        "Total revenue financing activities": 64,
        "Net profit from business activities": 4097,
        "Profit": -371,
        "Profit before tax": 3726,
        "Present corporate income tax expenses": 97,
        "Deferred income taxes expenses": "N/A",
        "The interests of minority shareholders": "N/A",
        "Total Cost of profits": 97,
        "Profit after tax corporate income": 3629,
        "Volume": 4608360,
        "Close of Quarter": 11.0,
        "EPS": 5168,
        "Non-adjusted EPS": 5168,
        "PE": 2.1,
        "Book Price": 32
      }
    },
    {
      "quarter": "Q3 2012",
      "income status": {
        "Net sales": 50703,
        "Cost of goods sold": 37847,
        "Gross Profit": 12856,
        "Financial expenses": 2574,
        "Of which: Interest expense": 2434,
        "Cost of sales": "N/A",
        "Enterprise cost management": 4217,
        "Total Operating Expenses": 6791,
        "Total revenue financing activities": 10,
        "Net profit from business activities": 6074,
        "Profit": 2,
        "Profit before tax": 6076,
        "Present corporate income tax expenses": "N/A",
        "Deferred income taxes expenses": "N/A",
        "The interests of minority shareholders": "N/A",
        "Total Cost of profits": 0,
        "Profit after tax corporate income": 6076,
        "Volume": 4608360,
        "Close of Quarter": 8.8,
        "EPS": 7107,
        "Non-adjusted EPS": 7107,
        "PE": 1.2,
        "Book Price": 33.2
      }
    },
    {
      "quarter": "Q2 2012",
      "income status": {
        "Net sales": 79448,
        "Cost of goods sold": 56691,
        "Gross Profit": 22758,
        "Financial expenses": 5737,
        "Of which: Interest expense": 5698,
        "Cost of sales": "N/A",
        "Enterprise cost management": 5313,
        "Total Operating Expenses": 11050,
        "Total revenue financing activities": 252,
        "Net profit from business activities": 11959,
        "Profit": -2536,
        "Profit before tax": 9423,
        "Present corporate income tax expenses": 600,
        "Deferred income taxes expenses": "N/A",
        "The interests of minority shareholders": "N/A",
        "Total Cost of profits": 600,
        "Profit after tax corporate income": 8823,
        "Volume": 3840300,
        "Close of Quarter": 10.7,
        "EPS": 8047.5,
        "Non-adjusted EPS": 9657,
        "PE": 1.1,
        "Book Price": 31.9
      }
    },
    {
      "quarter": "Q1 2012",
      "income status": {
        "Net sales": 50156,
        "Cost of goods sold": 37074,
        "Gross Profit": 13082,
        "Financial expenses": 4767,
        "Of which: Interest expense": 4767,
        "Cost of sales": "N/A",
        "Enterprise cost management": 3204,
        "Total Operating Expenses": 7971,
        "Total revenue financing activities": 457,
        "Net profit from business activities": 5568,
        "Profit": -2,
        "Profit before tax": 5566,
        "Present corporate income tax expenses": 280,
        "Deferred income taxes expenses": "N/A",
        "The interests of minority shareholders": "N/A",
        "Total Cost of profits": 280,
        "Profit after tax corporate income": 5286,
        "Volume": 3840300,
        "Close of Quarter": 10.0,
        "EPS": 7649.2,
        "Non-adjusted EPS": 9179,
        "PE": 1.1,
        "Book Price": 28
      }
    },
    {
      "quarter": "Q4 2011",
      "income status": {
        "Net sales": 191958,
        "Cost of goods sold": 164996,
        "Gross Profit": 26962,
        "Financial expenses": 7136,
        "Of which: Interest expense": 4564,
        "Cost of sales": "N/A",
        "Enterprise cost management": 7331,
        "Total Operating Expenses": 14467,
        "Total revenue financing activities": 45,
        "Net profit from business activities": 12540,
        "Profit": 160,
        "Profit before tax": 12700,
        "Present corporate income tax expenses": 133,
        "Deferred income taxes expenses": "N/A",
        "The interests of minority shareholders": "N/A",
        "Total Cost of profits": 133,
        "Profit after tax corporate income": 12567,
        "Volume": 3840300,
        "Close of Quarter": 7.0,
        "EPS": 7444.2,
        "Non-adjusted EPS": 8933,
        "PE": 0.8,
        "Book Price": 29.9
      }
    },
    {
      "quarter": "Q3 2011",
      "income status": {
        "Net sales": 122758,
        "Cost of goods sold": 100626,
        "Gross Profit": 22132,
        "Financial expenses": 5930,
        "Of which: Interest expense": 5867,
        "Cost of sales": "N/A",
        "Enterprise cost management": 4581,
        "Total Operating Expenses": 10511,
        "Total revenue financing activities": 40,
        "Net profit from business activities": 11661,
        "Profit": -293,
        "Profit before tax": 11368,
        "Present corporate income tax expenses": 959,
        "Deferred income taxes expenses": "N/A",
        "The interests of minority shareholders": "N/A",
        "Total Cost of profits": 959,
        "Profit after tax corporate income": 10409,
        "Volume": 3840300,
        "Close of Quarter": 8.1,
        "EPS": 5934.2,
        "Non-adjusted EPS": 7121,
        "PE": 1.1,
        "Book Price": 27.2
      }
    },
    {
      "quarter": "Q2 2011",
      "income status": {
        "Net sales": 84260,
        "Cost of goods sold": 68224,
        "Gross Profit": 16035,
        "Financial expenses": 4526,
        "Of which: Interest expense": 4434,
        "Cost of sales": "N/A",
        "Enterprise cost management": 3936,
        "Total Operating Expenses": 8462,
        "Total revenue financing activities": 14,
        "Net profit from business activities": 7588,
        "Profit": -25,
        "Profit before tax": 7563,
        "Present corporate income tax expenses": 573,
        "Deferred income taxes expenses": "N/A",
        "The interests of minority shareholders": "N/A",
        "Total Cost of profits": 573,
        "Profit after tax corporate income": 6990,
        "Volume": 3840300,
        "Close of Quarter": 7.8,
        "EPS": 5475,
        "Non-adjusted EPS": 6570,
        "PE": 1.2,
        "Book Price": 23.3
      }
    },
    {
      "quarter": "Q1 2011",
      "income status": {
        "Net sales": 33352,
        "Cost of goods sold": 19747,
        "Gross Profit": 13605,
        "Financial expenses": 4889,
        "Of which: Interest expense": 4609,
        "Cost of sales": "N/A",
        "Enterprise cost management": 4032,
        "Total Operating Expenses": 8921,
        "Total revenue financing activities": 21,
        "Net profit from business activities": 4706,
        "Profit": -6,
        "Profit before tax": 4700,
        "Present corporate income tax expenses": 358,
        "Deferred income taxes expenses": "N/A",
        "The interests of minority shareholders": "N/A",
        "Total Cost of profits": 358,
        "Profit after tax corporate income": 4341,
        "Volume": 3840300,
        "Close of Quarter": 10.7,
        "EPS": 5961.7,
        "Non-adjusted EPS": 7154,
        "PE": 1.5,
        "Book Price": 21.8
      }
    },
    {
      "quarter": "Q4 2010",
      "income status": {
        "Net sales": 112778,
        "Cost of goods sold": 97385,
        "Gross Profit": 15393,
        "Financial expenses": 5052,
        "Of which: Interest expense": 3455,
        "Cost of sales": "N/A",
        "Enterprise cost management": 4397,
        "Total Operating Expenses": 9449,
        "Total revenue financing activities": 32,
        "Net profit from business activities": 5977,
        "Profit": 168,
        "Profit before tax": 6145,
        "Present corporate income tax expenses": 540,
        "Deferred income taxes expenses": "N/A",
        "The interests of minority shareholders": "N/A",
        "Total Cost of profits": 540,
        "Profit after tax corporate income": 5605,
        "Volume": 3840300,
        "Close of Quarter": 13.6,
        "EPS": 5459.2,
        "Non-adjusted EPS": 6551,
        "PE": 2.1,
        "Book Price": 23.9
      }
    },
    {
      "quarter": "Q3 2010",
      "income status": {
        "Net sales": 81706,
        "Cost of goods sold": 65750,
        "Gross Profit": 15955,
        "Financial expenses": 3952,
        "Of which: Interest expense": 3814,
        "Cost of sales": "N/A",
        "Enterprise cost management": 3233,
        "Total Operating Expenses": 7185,
        "Total revenue financing activities": 193,
        "Net profit from business activities": 8964,
        "Profit": 2,
        "Profit before tax": 8965,
        "Present corporate income tax expenses": 673,
        "Deferred income taxes expenses": "N/A",
        "The interests of minority shareholders": "N/A",
        "Total Cost of profits": 673,
        "Profit after tax corporate income": 8293,
        "Volume": 1900000,
        "Close of Quarter": 16.5,
        "EPS": 5438.2,
        "Non-adjusted EPS": 13190,
        "PE": 1.3,
        "Book Price": 23.0
      }
    },
    {
      "quarter": "Q2 2010",
      "income status": {
        "Net sales": 77795,
        "Cost of goods sold": 60555,
        "Gross Profit": 17240,
        "Financial expenses": 4095,
        "Of which: Interest expense": 3961,
        "Cost of sales": "N/A",
        "Enterprise cost management": 2894,
        "Total Operating Expenses": 6989,
        "Total revenue financing activities": 64,
        "Net profit from business activities": 10315,
        "Profit": -303,
        "Profit before tax": 10012,
        "Present corporate income tax expenses": 775,
        "Deferred income taxes expenses": "N/A",
        "The interests of minority shareholders": "N/A",
        "Total Cost of profits": 775,
        "Profit after tax corporate income": 9236,
        "Volume": 1900000,
        "Close of Quarter": 18.6,
        "EPS": 5307.1,
        "Non-adjusted EPS": 12872,
        "PE": 1.4,
        "Book Price": 21.2
      }
    },
    {
      "quarter": "Q1 2010",
      "income status": {
        "Net sales": 31422,
        "Cost of goods sold": 24027,
        "Gross Profit": 7395,
        "Financial expenses": 3002,
        "Of which: Interest expense": 2973,
        "Cost of sales": "N/A",
        "Enterprise cost management": 2256,
        "Total Operating Expenses": 5258,
        "Total revenue financing activities": 49,
        "Net profit from business activities": 2186,
        "Profit": 3,
        "Profit before tax": 2189,
        "Present corporate income tax expenses": 164,
        "Deferred income taxes expenses": "N/A",
        "The interests of minority shareholders": "N/A",
        "Total Cost of profits": 164,
        "Profit after tax corporate income": 2025,
        "Volume": 1900000,
        "Close of Quarter": 20.9,
        "EPS": 4564.5,
        "Non-adjusted EPS": 11071,
        "PE": 1.9,
        "Book Price": 14.8
      }
    },
    {
      "quarter": "Q4 2009",
      "income status": {
        "Net sales": 91047,
        "Cost of goods sold": 80091,
        "Gross Profit": 10955,
        "Financial expenses": 2541,
        "Of which: Interest expense": "N/A",
        "Cost of sales": "N/A",
        "Enterprise cost management": 2216,
        "Total Operating Expenses": 4757,
        "Total revenue financing activities": 29,
        "Net profit from business activities": 6228,
        "Profit": -241,
        "Profit before tax": 5987,
        "Present corporate income tax expenses": 480,
        "Deferred income taxes expenses": "N/A",
        "The interests of minority shareholders": "N/A",
        "Total Cost of profits": 480,
        "Profit after tax corporate income": 5507,
        "Volume": 1900000,
        "Close of Quarter": 20.8,
        "EPS": 4917.4,
        "Non-adjusted EPS": 11927,
        "PE": 1.7,
        "Book Price": 16.0
      }
    },
    {
      "quarter": "Q3 2009",
      "income status": {
        "Net sales": 70024,
        "Cost of goods sold": 57540,
        "Gross Profit": 12484,
        "Financial expenses": 2664,
        "Of which: Interest expense": "N/A",
        "Cost of sales": "N/A",
        "Enterprise cost management": 1499,
        "Total Operating Expenses": 4163,
        "Total revenue financing activities": 25,
        "Net profit from business activities": 8345,
        "Profit": -32,
        "Profit before tax": 8313,
        "Present corporate income tax expenses": 624,
        "Deferred income taxes expenses": "N/A",
        "The interests of minority shareholders": "N/A",
        "Total Cost of profits": 624,
        "Profit after tax corporate income": 7688,
        "Volume": 1900000,
        "Close of Quarter": 17.8,
        "EPS": 5246.0,
        "Non-adjusted EPS": 12724,
        "PE": 1.4,
        "Book Price": 14.9
      }
    },
    {
      "quarter": "Q2 2009",
      "income status": {
        "Net sales": 65838,
        "Cost of goods sold": 52870,
        "Gross Profit": 12968,
        "Financial expenses": 2997,
        "Of which: Interest expense": "N/A",
        "Cost of sales": "N/A",
        "Enterprise cost management": 3166,
        "Total Operating Expenses": 6163,
        "Total revenue financing activities": 32,
        "Net profit from business activities": 6838,
        "Profit": -385,
        "Profit before tax": 6453,
        "Present corporate income tax expenses": 637,
        "Deferred income taxes expenses": "N/A",
        "The interests of minority shareholders": "N/A",
        "Total Cost of profits": 637,
        "Profit after tax corporate income": 5815,
        "Volume": 1900000,
        "Close of Quarter": 9.7,
        "EPS": 4433.0,
        "Non-adjusted EPS": 10752,
        "PE": 0.9,
        "Book Price": 13.7
      }
    },
    {
      "quarter": "Q1 2009",
      "income status": {
        "Net sales": 35824,
        "Cost of goods sold": 27670,
        "Gross Profit": 8155,
        "Financial expenses": 2388,
        "Of which: Interest expense": "N/A",
        "Cost of sales": "N/A",
        "Enterprise cost management": 1899,
        "Total Operating Expenses": 4287,
        "Total revenue financing activities": 76,
        "Net profit from business activities": 3944,
        "Profit": 5,
        "Profit before tax": 3948,
        "Present corporate income tax expenses": 296,
        "Deferred income taxes expenses": "N/A",
        "The interests of minority shareholders": "N/A",
        "Total Cost of profits": 296,
        "Profit after tax corporate income": 3652,
        "Volume": 1900000,
        "Close of Quarter": 6.3,
        "EPS": 3689.2,
        "Non-adjusted EPS": 8948,
        "PE": 0.7,
        "Book Price": 12.1
      }
    },
    {
      "quarter": "Q4 2008",
      "income status": {
        "Net sales": 84044,
        "Cost of goods sold": 71433,
        "Gross Profit": 12610,
        "Financial expenses": 2710,
        "Of which: Interest expense": "N/A",
        "Cost of sales": "N/A",
        "Enterprise cost management": 2334,
        "Total Operating Expenses": 5044,
        "Total revenue financing activities": 27,
        "Net profit from business activities": 7594,
        "Profit": -11,
        "Profit before tax": 7583,
        "Present corporate income tax expenses": 563,
        "Deferred income taxes expenses": "N/A",
        "The interests of minority shareholders": "N/A",
        "Total Cost of profits": 563,
        "Profit after tax corporate income": 7020,
        "Volume": 1900000,
        "Close of Quarter": 5.3,
        "EPS": 3152.4,
        "Non-adjusted EPS": 7646,
        "PE": 0.7,
        "Book Price": 12.5
      }
    },
    {
      "quarter": "Q3 2008",
      "income status": {
        "Net sales": 21061,
        "Cost of goods sold": 13529,
        "Gross Profit": 7532,
        "Financial expenses": 1950,
        "Of which: Interest expense": "N/A",
        "Cost of sales": "N/A",
        "Enterprise cost management": 1343,
        "Total Operating Expenses": 3293,
        "Total revenue financing activities": 25,
        "Net profit from business activities": 4264,
        "Profit": -2,
        "Profit before tax": 4262,
        "Present corporate income tax expenses": 320,
        "Deferred income taxes expenses": "N/A",
        "The interests of minority shareholders": "N/A",
        "Total Cost of profits": 320,
        "Profit after tax corporate income": 3942,
        "Volume": 1900000,
        "Close of Quarter": 7.7,
        "EPS": 3198.2,
        "Non-adjusted EPS": 7757,
        "PE": 1,
        "Book Price": 11.0
      }
    },
    {
      "quarter": "Q2 2008",
      "income status": {
        "Net sales": 25749,
        "Cost of goods sold": 19738,
        "Gross Profit": 6012,
        "Financial expenses": 1663,
        "Of which: Interest expense": "N/A",
        "Cost of sales": "N/A",
        "Enterprise cost management": 1815,
        "Total Operating Expenses": 3478,
        "Total revenue financing activities": 51,
        "Net profit from business activities": 2585,
        "Profit": -3,
        "Profit before tax": 2581,
        "Present corporate income tax expenses": 194,
        "Deferred income taxes expenses": "N/A",
        "The interests of minority shareholders": "N/A",
        "Total Cost of profits": 194,
        "Profit after tax corporate income": 2388,
        "Volume": 1900000,
        "Close of Quarter": 7.2,
        "EPS": 2615.6,
        "Non-adjusted EPS": 6344,
        "PE": 1.1,
        "Book Price": 10.2
      }
    },
    {
      "quarter": "Q1 2008",
      "income status": {
        "Net sales": 6320,
        "Cost of goods sold": 3181,
        "Gross Profit": 3139,
        "Financial expenses": 1216,
        "Of which: Interest expense": 1104,
        "Cost of sales": "N/A",
        "Enterprise cost management": 684,
        "Total Operating Expenses": 1900,
        "Total revenue financing activities": 45,
        "Net profit from business activities": 1284,
        "Profit": -10,
        "Profit before tax": 1274,
        "Present corporate income tax expenses": 96,
        "Deferred income taxes expenses": "N/A",
        "The interests of minority shareholders": "N/A",
        "Total Cost of profits": 96,
        "Profit after tax corporate income": 1178,
        "Volume": 1900000,
        "Close of Quarter": 13.3,
        "EPS": 2879.5,
        "Non-adjusted EPS": 6984,
        "PE": 1.9,
        "Book Price": 10.8
      }
    },
    {
      "quarter": "Q4 2007",
      "income status": {
        "Net sales": 44633,
        "Cost of goods sold": 32870,
        "Gross Profit": 11763,
        "Financial expenses": 1000,
        "Of which: Interest expense": "N/A",
        "Cost of sales": "N/A",
        "Enterprise cost management": 1725,
        "Total Operating Expenses": 2725,
        "Total revenue financing activities": 10,
        "Net profit from business activities": 9049,
        "Profit": 27,
        "Profit before tax": 9076,
        "Present corporate income tax expenses": 1846,
        "Deferred income taxes expenses": "N/A",
        "The interests of minority shareholders": "N/A",
        "Total Cost of profits": 1846,
        "Profit after tax corporate income": 7230,
        "Volume": 1900000,
        "Close of Quarter": 44.4,
        "EPS": 2850.2,
        "Non-adjusted EPS": 6913,
        "PE": 6.4,
        "Book Price": 10.7
      }
    },
    {
      "quarter": "Q3 2007",
      "income status": {
        "Net sales": 6686,
        "Cost of goods sold": 3042,
        "Gross Profit": 3645,
        "Financial expenses": 955,
        "Of which: Interest expense": "N/A",
        "Cost of sales": "N/A",
        "Enterprise cost management": 1356,
        "Total Operating Expenses": 2311,
        "Total revenue financing activities": 16,
        "Net profit from business activities": 1349,
        "Profit": 10,
        "Profit before tax": 1359,
        "Present corporate income tax expenses": 102,
        "Deferred income taxes expenses": "N/A",
        "The interests of minority shareholders": "N/A",
        "Total Cost of profits": 102,
        "Profit after tax corporate income": 1257,
        "Volume": 1900000,
        "Close of Quarter": 22.5,
        "EPS": 2911.2,
        "Non-adjusted EPS": 7061,
        "PE": 3.2,
        "Book Price": 9.0
      }
    },
    {
      "quarter": "Q2 2007",
      "income status": {
        "Net sales": 27284,
        "Cost of goods sold": 20899,
        "Gross Profit": 6384,
        "Financial expenses": 1162,
        "Of which: Interest expense": "N/A",
        "Cost of sales": "N/A",
        "Enterprise cost management": 1518,
        "Total Operating Expenses": 2680,
        "Total revenue financing activities": 284,
        "Net profit from business activities": 3988,
        "Profit": "N/A",
        "Profit before tax": 3988,
        "Present corporate income tax expenses": 383,
        "Deferred income taxes expenses": "N/A",
        "The interests of minority shareholders": "N/A",
        "Total Cost of profits": 383,
        "Profit after tax corporate income": 3605,
        "Volume": 1900000,
        "Close of Quarter": 20.7,
        "EPS": 2638.3,
        "Non-adjusted EPS": 6399,
        "PE": 3.2,
        "Book Price": 8.7
      }
    },
    {
      "quarter": "Q1 2007",
      "income status": {
        "Net sales": 7535,
        "Cost of goods sold": 3848,
        "Gross Profit": 3687,
        "Financial expenses": 1040,
        "Of which: Interest expense": "N/A",
        "Cost of sales": "N/A",
        "Enterprise cost management": 1572,
        "Total Operating Expenses": 2612,
        "Total revenue financing activities": 52,
        "Net profit from business activities": 1127,
        "Profit": "N/A",
        "Profit before tax": 1127,
        "Present corporate income tax expenses": 85,
        "Deferred income taxes expenses": "N/A",
        "The interests of minority shareholders": "N/A",
        "Total Cost of profits": 85,
        "Profit after tax corporate income": 1042,
        "Volume": 1900000,
        "Close of Quarter": 27.1,
        "EPS": 1856.2,
        "Non-adjusted EPS": 4502,
        "PE": 6.0,
        "Book Price": 8.9
      }
    },
    {
      "quarter": "Q4 2006",
      "income status": {
        "Net sales": 43421,
        "Cost of goods sold": 33396,
        "Gross Profit": 10025,
        "Financial expenses": 962,
        "Of which: Interest expense": "N/A",
        "Cost of sales": "N/A",
        "Enterprise cost management": 1574,
        "Total Operating Expenses": 2536,
        "Total revenue financing activities": 23,
        "Net profit from business activities": 7512,
        "Profit": "N/A",
        "Profit before tax": 7512,
        "Present corporate income tax expenses": "N/A",
        "Deferred income taxes expenses": "N/A",
        "The interests of minority shareholders": "N/A",
        "Total Cost of profits": 0,
        "Profit after tax corporate income": 7512,
        "Volume": 1900000,
        "Close of Quarter": 11.1,
        "EPS": 1630.2,
        "Non-adjusted EPS": 3954,
        "PE": 2.8,
        "Book Price": 11.3
      }
    }
  ]
}