{
  "ticker": "PJC",
  "data": [
    {
      "quarter": "Q1 2017",
      "income status": {
        "Net sales": 230563,
        "Cost of goods sold": 216181,
        "Gross Profit": 14383,
        "Financial expenses": 188,
        "Of which: Interest expense": 188,
        "Cost of sales": 5898,
        "Enterprise cost management": 2790,
        "Total Operating Expenses": 8876,
        "Total revenue financing activities": 289,
        "Net profit from business activities": 5796,
        "Profit": 297,
        "Profit before tax": 6093,
        "Present corporate income tax expenses": 1219,
        "Deferred income taxes expenses": "N/A",
        "The interests of minority shareholders": "N/A",
        "Total Cost of profits": 1219,
        "Profit after tax corporate income": 4874,
        "Volume": 5861556,
        "Close of Quarter": 23.9,
        "EPS": 3294,
        "Non-adjusted EPS": 3294,
        "PE": 7.2,
        "Book Price": 14.7
      }
    },
    {
      "quarter": "Q4 2016",
      "income status": {
        "Net sales": 243798,
        "Cost of goods sold": 228718,
        "Gross Profit": 15080,
        "Financial expenses": 221,
        "Of which: Interest expense": 221,
        "Cost of sales": 9776,
        "Enterprise cost management": 1988,
        "Total Operating Expenses": 11985,
        "Total revenue financing activities": 253,
        "Net profit from business activities": 3347,
        "Profit": 3751,
        "Profit before tax": 7098,
        "Present corporate income tax expenses": 1463,
        "Deferred income taxes expenses": "N/A",
        "The interests of minority shareholders": "N/A",
        "Total Cost of profits": 1463,
        "Profit after tax corporate income": 5635,
        "Volume": 5861556,
        "Close of Quarter": 14.3,
        "EPS": 3125,
        "Non-adjusted EPS": 3125,
        "PE": 4.6,
        "Book Price": 16.6
      }
    },
    {
      "quarter": "Q3 2016",
      "income status": {
        "Net sales": 188942,
        "Cost of goods sold": 174057,
        "Gross Profit": 14885,
        "Financial expenses": 121,
        "Of which: Interest expense": 727,
        "Cost of sales": 6108,
        "Enterprise cost management": 4791,
        "Total Operating Expenses": 11020,
        "Total revenue financing activities": 288,
        "Net profit from business activities": 4154,
        "Profit": 507,
        "Profit before tax": 4661,
        "Present corporate income tax expenses": 938,
        "Deferred income taxes expenses": "N/A",
        "The interests of minority shareholders": "N/A",
        "Total Cost of profits": 938,
        "Profit after tax corporate income": 3723,
        "Volume": 5861556,
        "Close of Quarter": 14.4,
        "EPS": 2843,
        "Non-adjusted EPS": 2843,
        "PE": 5.1,
        "Book Price": 15.7
      }
    },
    {
      "quarter": "Q2 2016",
      "income status": {
        "Net sales": 188284,
        "Cost of goods sold": 171215,
        "Gross Profit": 17069,
        "Financial expenses": 149,
        "Of which: Interest expense": 149,
        "Cost of sales": 7286,
        "Enterprise cost management": 3705,
        "Total Operating Expenses": 11140,
        "Total revenue financing activities": 328,
        "Net profit from business activities": 6256,
        "Profit": -32,
        "Profit before tax": 6224,
        "Present corporate income tax expenses": 1151,
        "Deferred income taxes expenses": "N/A",
        "The interests of minority shareholders": "N/A",
        "Total Cost of profits": 1151,
        "Profit after tax corporate income": 5074,
        "Volume": 3907875,
        "Close of Quarter": 12.1,
        "EPS": 2540.1,
        "Non-adjusted EPS": 3810,
        "PE": 3.2,
        "Book Price": 15.1
      }
    },
    {
      "quarter": "Q1 2016",
      "income status": {
        "Net sales": 176299,
        "Cost of goods sold": 162248,
        "Gross Profit": 14051,
        "Financial expenses": 57,
        "Of which: Interest expense": 57,
        "Cost of sales": 3585,
        "Enterprise cost management": 5726,
        "Total Operating Expenses": 9368,
        "Total revenue financing activities": 14,
        "Net profit from business activities": 4697,
        "Profit": 288,
        "Profit before tax": 4985,
        "Present corporate income tax expenses": 1097,
        "Deferred income taxes expenses": "N/A",
        "The interests of minority shareholders": "N/A",
        "Total Cost of profits": 1097,
        "Profit after tax corporate income": 3888,
        "Volume": 3907875,
        "Close of Quarter": 11.1,
        "EPS": 2541.4,
        "Non-adjusted EPS": 3812,
        "PE": 2.9,
        "Book Price": 15.4
      }
    },
    {
      "quarter": "Q4 2015",
      "income status": {
        "Net sales": 205356,
        "Cost of goods sold": 193693,
        "Gross Profit": 11663,
        "Financial expenses": 234,
        "Of which: Interest expense": 263,
        "Cost of sales": 4890,
        "Enterprise cost management": 2373,
        "Total Operating Expenses": 7497,
        "Total revenue financing activities": 771,
        "Net profit from business activities": 4938,
        "Profit": 264,
        "Profit before tax": 5201,
        "Present corporate income tax expenses": 1219,
        "Deferred income taxes expenses": "N/A",
        "The interests of minority shareholders": "N/A",
        "Total Cost of profits": 1219,
        "Profit after tax corporate income": 3982,
        "Volume": 3907875,
        "Close of Quarter": 11.3,
        "EPS": 2307.4,
        "Non-adjusted EPS": 3461,
        "PE": 3.3,
        "Book Price": 14.7
      }
    },
    {
      "quarter": "Q3 2015",
      "income status": {
        "Net sales": 202897,
        "Cost of goods sold": 190384,
        "Gross Profit": 12512,
        "Financial expenses": 101,
        "Of which: Interest expense": 101,
        "Cost of sales": 5818,
        "Enterprise cost management": 4322,
        "Total Operating Expenses": 10241,
        "Total revenue financing activities": 40,
        "Net profit from business activities": 2311,
        "Profit": 181,
        "Profit before tax": 2492,
        "Present corporate income tax expenses": 548,
        "Deferred income taxes expenses": "N/A",
        "The interests of minority shareholders": "N/A",
        "Total Cost of profits": 548,
        "Profit after tax corporate income": 1944,
        "Volume": 3907875,
        "Close of Quarter": 9.7,
        "EPS": 2108.8,
        "Non-adjusted EPS": 3163,
        "PE": 3.1,
        "Book Price": 14.1
      }
    },
    {
      "quarter": "Q2 2015",
      "income status": {
        "Net sales": 259010,
        "Cost of goods sold": 242649,
        "Gross Profit": 16362,
        "Financial expenses": -1917,
        "Of which: Interest expense": "N/A",
        "Cost of sales": 8604,
        "Enterprise cost management": 3886,
        "Total Operating Expenses": 10573,
        "Total revenue financing activities": 481,
        "Net profit from business activities": 6270,
        "Profit": 244,
        "Profit before tax": 6514,
        "Present corporate income tax expenses": 1433,
        "Deferred income taxes expenses": "N/A",
        "The interests of minority shareholders": "N/A",
        "Total Cost of profits": 1433,
        "Profit after tax corporate income": 5081,
        "Volume": 3907875,
        "Close of Quarter": 9.5,
        "EPS": 1980.8,
        "Non-adjusted EPS": 2971,
        "PE": 3.2,
        "Book Price": 13.7
      }
    },
    {
      "quarter": "Q1 2015",
      "income status": {
        "Net sales": 215647,
        "Cost of goods sold": 201467,
        "Gross Profit": 14180,
        "Financial expenses": 140,
        "Of which: Interest expense": 140,
        "Cost of sales": 4557,
        "Enterprise cost management": 6646,
        "Total Operating Expenses": 11343,
        "Total revenue financing activities": 114,
        "Net profit from business activities": 2952,
        "Profit": 276,
        "Profit before tax": 3227,
        "Present corporate income tax expenses": 710,
        "Deferred income taxes expenses": "N/A",
        "The interests of minority shareholders": "N/A",
        "Total Cost of profits": 710,
        "Profit after tax corporate income": 2517,
        "Volume": 3907875,
        "Close of Quarter": 9.2,
        "EPS": 1318.1,
        "Non-adjusted EPS": 1977,
        "PE": 4.6,
        "Book Price": 12.9
      }
    },
    {
      "quarter": "Q4 2014",
      "income status": {
        "Net sales": 241244,
        "Cost of goods sold": 231522,
        "Gross Profit": 9723,
        "Financial expenses": -15,
        "Of which: Interest expense": 69,
        "Cost of sales": 3665,
        "Enterprise cost management": 2651,
        "Total Operating Expenses": 6301,
        "Total revenue financing activities": 231,
        "Net profit from business activities": 3652,
        "Profit": -11,
        "Profit before tax": 3641,
        "Present corporate income tax expenses": 821,
        "Deferred income taxes expenses": "N/A",
        "The interests of minority shareholders": "N/A",
        "Total Cost of profits": 821,
        "Profit after tax corporate income": 2819,
        "Volume": 3907875,
        "Close of Quarter": 6.6,
        "EPS": 1236.1,
        "Non-adjusted EPS": 1854,
        "PE": 3.6,
        "Book Price": 13.5
      }
    },
    {
      "quarter": "Q3 2014",
      "income status": {
        "Net sales": 307667,
        "Cost of goods sold": 300295,
        "Gross Profit": 7372,
        "Financial expenses": 110,
        "Of which: Interest expense": 159,
        "Cost of sales": 3916,
        "Enterprise cost management": 2319,
        "Total Operating Expenses": 6345,
        "Total revenue financing activities": 178,
        "Net profit from business activities": 1205,
        "Profit": 349,
        "Profit before tax": 1555,
        "Present corporate income tax expenses": 360,
        "Deferred income taxes expenses": "N/A",
        "The interests of minority shareholders": "N/A",
        "Total Cost of profits": 360,
        "Profit after tax corporate income": 1195,
        "Volume": 3126300,
        "Close of Quarter": 6.1,
        "EPS": 1452.9,
        "Non-adjusted EPS": 2724,
        "PE": 2.2,
        "Book Price": 13.0
      }
    },
    {
      "quarter": "Q2 2014",
      "income status": {
        "Net sales": 307667,
        "Cost of goods sold": 300295,
        "Gross Profit": 7372,
        "Financial expenses": 110,
        "Of which: Interest expense": 159,
        "Cost of sales": 3916,
        "Enterprise cost management": 2319,
        "Total Operating Expenses": 6345,
        "Total revenue financing activities": 178,
        "Net profit from business activities": 1205,
        "Profit": 349,
        "Profit before tax": 1555,
        "Present corporate income tax expenses": 360,
        "Deferred income taxes expenses": "N/A",
        "The interests of minority shareholders": "N/A",
        "Total Cost of profits": 360,
        "Profit after tax corporate income": 1195,
        "Volume": 3126300,
        "Close of Quarter": 6.1,
        "EPS": 1492.9,
        "Non-adjusted EPS": 2799,
        "PE": 2.2,
        "Book Price": 12.7
      }
    },
    {
      "quarter": "Q1 2014",
      "income status": {
        "Net sales": 299125,
        "Cost of goods sold": 289766,
        "Gross Profit": 9359,
        "Financial expenses": 423,
        "Of which: Interest expense": 423,
        "Cost of sales": 3880,
        "Enterprise cost management": 2563,
        "Total Operating Expenses": 6866,
        "Total revenue financing activities": 30,
        "Net profit from business activities": 2523,
        "Profit": 87,
        "Profit before tax": 2610,
        "Present corporate income tax expenses": 574,
        "Deferred income taxes expenses": "N/A",
        "The interests of minority shareholders": "N/A",
        "Total Cost of profits": 574,
        "Profit after tax corporate income": 2036,
        "Volume": 3126300,
        "Close of Quarter": 6.5,
        "EPS": 1512.1,
        "Non-adjusted EPS": 2835,
        "PE": 2.3,
        "Book Price": 12.5
      }
    },
    {
      "quarter": "Q4 2013",
      "income status": {
        "Net sales": 329885,
        "Cost of goods sold": 320284,
        "Gross Profit": 9602,
        "Financial expenses": -1469,
        "Of which: Interest expense": 206,
        "Cost of sales": 4022,
        "Enterprise cost management": 1931,
        "Total Operating Expenses": 4484,
        "Total revenue financing activities": 155,
        "Net profit from business activities": 5273,
        "Profit": 228,
        "Profit before tax": 5502,
        "Present corporate income tax expenses": 1412,
        "Deferred income taxes expenses": "N/A",
        "The interests of minority shareholders": "N/A",
        "Total Cost of profits": 1412,
        "Profit after tax corporate income": 4090,
        "Volume": 3126300,
        "Close of Quarter": 5.2,
        "EPS": 1361.7,
        "Non-adjusted EPS": 2553,
        "PE": 2.0,
        "Book Price": 13.1
      }
    },
    {
      "quarter": "Q3 2013",
      "income status": {
        "Net sales": 307197,
        "Cost of goods sold": 298940,
        "Gross Profit": 8257,
        "Financial expenses": 100,
        "Of which: Interest expense": 100,
        "Cost of sales": 4211,
        "Enterprise cost management": 2080,
        "Total Operating Expenses": 6391,
        "Total revenue financing activities": 84,
        "Net profit from business activities": 1949,
        "Profit": -29,
        "Profit before tax": 1920,
        "Present corporate income tax expenses": 490,
        "Deferred income taxes expenses": "N/A",
        "The interests of minority shareholders": "N/A",
        "Total Cost of profits": 490,
        "Profit after tax corporate income": 1430,
        "Volume": 3126300,
        "Close of Quarter": 4.7,
        "EPS": 1059.3,
        "Non-adjusted EPS": 1986,
        "PE": 2.4,
        "Book Price": 12.4
      }
    },
    {
      "quarter": "Q2 2013",
      "income status": {
        "Net sales": 325916,
        "Cost of goods sold": 317780,
        "Gross Profit": 8135,
        "Financial expenses": -12,
        "Of which: Interest expense": -12,
        "Cost of sales": 4247,
        "Enterprise cost management": 2060,
        "Total Operating Expenses": 6295,
        "Total revenue financing activities": 32,
        "Net profit from business activities": 1873,
        "Profit": -62,
        "Profit before tax": 1810,
        "Present corporate income tax expenses": 504,
        "Deferred income taxes expenses": "N/A",
        "The interests of minority shareholders": "N/A",
        "Total Cost of profits": 504,
        "Profit after tax corporate income": 1306,
        "Volume": 3126300,
        "Close of Quarter": 5.2,
        "EPS": 1276.9,
        "Non-adjusted EPS": 2394,
        "PE": 2.2,
        "Book Price": 12.1
      }
    },
    {
      "quarter": "Q1 2013",
      "income status": {
        "Net sales": 318446,
        "Cost of goods sold": 310849,
        "Gross Profit": 7598,
        "Financial expenses": 115,
        "Of which: Interest expense": 115,
        "Cost of sales": 4050,
        "Enterprise cost management": 1939,
        "Total Operating Expenses": 6104,
        "Total revenue financing activities": 45,
        "Net profit from business activities": 1539,
        "Profit": "N/A",
        "Profit before tax": 1539,
        "Present corporate income tax expenses": 385,
        "Deferred income taxes expenses": "N/A",
        "The interests of minority shareholders": "N/A",
        "Total Cost of profits": 385,
        "Profit after tax corporate income": 1154,
        "Volume": 3126300,
        "Close of Quarter": 5.9,
        "EPS": 1649.7,
        "Non-adjusted EPS": 3093,
        "PE": 1.9,
        "Book Price": 12.9
      }
    },
    {
      "quarter": "Q4 2012",
      "income status": {
        "Net sales": 324404,
        "Cost of goods sold": 312409,
        "Gross Profit": 11995,
        "Financial expenses": 227,
        "Of which: Interest expense": 32,
        "Cost of sales": 5066,
        "Enterprise cost management": 3549,
        "Total Operating Expenses": 8842,
        "Total revenue financing activities": 91,
        "Net profit from business activities": 3245,
        "Profit": -21,
        "Profit before tax": 3224,
        "Present corporate income tax expenses": 904,
        "Deferred income taxes expenses": "N/A",
        "The interests of minority shareholders": "N/A",
        "Total Cost of profits": 904,
        "Profit after tax corporate income": 2319,
        "Volume": 3126300,
        "Close of Quarter": 3.9,
        "EPS": 1867.8,
        "Non-adjusted EPS": 3502,
        "PE": 1.1,
        "Book Price": 12.7
      }
    },
    {
      "quarter": "Q3 2012",
      "income status": {
        "Net sales": 297186,
        "Cost of goods sold": 289401,
        "Gross Profit": 7786,
        "Financial expenses": 128,
        "Of which: Interest expense": 128,
        "Cost of sales": 3809,
        "Enterprise cost management": 1633,
        "Total Operating Expenses": 5570,
        "Total revenue financing activities": 346,
        "Net profit from business activities": 2562,
        "Profit": 827,
        "Profit before tax": 3388,
        "Present corporate income tax expenses": 682,
        "Deferred income taxes expenses": "N/A",
        "The interests of minority shareholders": "N/A",
        "Total Cost of profits": 682,
        "Profit after tax corporate income": 2706,
        "Volume": 3126300,
        "Close of Quarter": 4.4,
        "EPS": 1830.0,
        "Non-adjusted EPS": 3431,
        "PE": 1.3,
        "Book Price": 12.1
      }
    },
    {
      "quarter": "Q2 2012",
      "income status": {
        "Net sales": 296412,
        "Cost of goods sold": 286806,
        "Gross Profit": 9607,
        "Financial expenses": -735,
        "Of which: Interest expense": "N/A",
        "Cost of sales": 3728,
        "Enterprise cost management": 2050,
        "Total Operating Expenses": 5043,
        "Total revenue financing activities": 90,
        "Net profit from business activities": 4654,
        "Profit": "N/A",
        "Profit before tax": 4654,
        "Present corporate income tax expenses": 1163,
        "Deferred income taxes expenses": "N/A",
        "The interests of minority shareholders": "N/A",
        "Total Cost of profits": 1163,
        "Profit after tax corporate income": 3490,
        "Volume": 3072410,
        "Close of Quarter": 5.0,
        "EPS": 1910.6,
        "Non-adjusted EPS": 3645,
        "PE": 1.4,
        "Book Price": 11.6
      }
    },
    {
      "quarter": "Q1 2012",
      "income status": {
        "Net sales": 285355,
        "Cost of goods sold": 277003,
        "Gross Profit": 8352,
        "Financial expenses": 246,
        "Of which: Interest expense": 246,
        "Cost of sales": 3376,
        "Enterprise cost management": 1748,
        "Total Operating Expenses": 5370,
        "Total revenue financing activities": 261,
        "Net profit from business activities": 3243,
        "Profit": "N/A",
        "Profit before tax": 3243,
        "Present corporate income tax expenses": 811,
        "Deferred income taxes expenses": "N/A",
        "The interests of minority shareholders": "N/A",
        "Total Cost of profits": 811,
        "Profit after tax corporate income": 2432,
        "Volume": 3072410,
        "Close of Quarter": 4.9,
        "EPS": 1844,
        "Non-adjusted EPS": 3518,
        "PE": 1.4,
        "Book Price": 12.1
      }
    },
    {
      "quarter": "Q4 2011",
      "income status": {
        "Net sales": 220985,
        "Cost of goods sold": 212819,
        "Gross Profit": 8165,
        "Financial expenses": 344,
        "Of which: Interest expense": 216,
        "Cost of sales": 3252,
        "Enterprise cost management": 2122,
        "Total Operating Expenses": 5718,
        "Total revenue financing activities": 151,
        "Net profit from business activities": 2599,
        "Profit": 31,
        "Profit before tax": 2629,
        "Present corporate income tax expenses": 533,
        "Deferred income taxes expenses": "N/A",
        "The interests of minority shareholders": "N/A",
        "Total Cost of profits": 533,
        "Profit after tax corporate income": 2097,
        "Volume": 3072410,
        "Close of Quarter": 3.5,
        "EPS": 1927.9,
        "Non-adjusted EPS": 3678,
        "PE": 1.0,
        "Book Price": 11.6
      }
    },
    {
      "quarter": "Q3 2011",
      "income status": {
        "Net sales": 275284,
        "Cost of goods sold": 266772,
        "Gross Profit": 8513,
        "Financial expenses": 63,
        "Of which: Interest expense": "N/A",
        "Cost of sales": 3790,
        "Enterprise cost management": 1925,
        "Total Operating Expenses": 5778,
        "Total revenue financing activities": 697,
        "Net profit from business activities": 3431,
        "Profit": 814,
        "Profit before tax": 4245,
        "Present corporate income tax expenses": 1065,
        "Deferred income taxes expenses": "N/A",
        "The interests of minority shareholders": "N/A",
        "Total Cost of profits": 1065,
        "Profit after tax corporate income": 3180,
        "Volume": 3072410,
        "Close of Quarter": 3.4,
        "EPS": 2018.0,
        "Non-adjusted EPS": 3850,
        "PE": 0.9,
        "Book Price": 11.3
      }
    },
    {
      "quarter": "Q2 2011",
      "income status": {
        "Net sales": 296294,
        "Cost of goods sold": 288051,
        "Gross Profit": 8244,
        "Financial expenses": 27,
        "Of which: Interest expense": 27,
        "Cost of sales": 3178,
        "Enterprise cost management": 1711,
        "Total Operating Expenses": 4916,
        "Total revenue financing activities": 669,
        "Net profit from business activities": 3997,
        "Profit": "N/A",
        "Profit before tax": 3997,
        "Present corporate income tax expenses": 897,
        "Deferred income taxes expenses": "N/A",
        "The interests of minority shareholders": "N/A",
        "Total Cost of profits": 897,
        "Profit after tax corporate income": 3100,
        "Volume": 3072410,
        "Close of Quarter": 10.3,
        "EPS": 2106.1,
        "Non-adjusted EPS": 4018,
        "PE": 2.6,
        "Book Price": 10.8
      }
    },
    {
      "quarter": "Q1 2011",
      "income status": {
        "Net sales": 237492,
        "Cost of goods sold": 227631,
        "Gross Profit": 9861,
        "Financial expenses": 57,
        "Of which: Interest expense": 57,
        "Cost of sales": 4383,
        "Enterprise cost management": 2150,
        "Total Operating Expenses": 6590,
        "Total revenue financing activities": 246,
        "Net profit from business activities": 3518,
        "Profit": 381,
        "Profit before tax": 3899,
        "Present corporate income tax expenses": 975,
        "Deferred income taxes expenses": "N/A",
        "The interests of minority shareholders": "N/A",
        "Total Cost of profits": 975,
        "Profit after tax corporate income": 2924,
        "Volume": 1563150,
        "Close of Quarter": 12.0,
        "EPS": 2027.0,
        "Non-adjusted EPS": 7601,
        "PE": 1.6,
        "Book Price": 8.6
      }
    },
    {
      "quarter": "Q4 2010",
      "income status": {
        "Net sales": 220985,
        "Cost of goods sold": 212819,
        "Gross Profit": 8165,
        "Financial expenses": 344,
        "Of which: Interest expense": 344,
        "Cost of sales": 3252,
        "Enterprise cost management": 2122,
        "Total Operating Expenses": 5718,
        "Total revenue financing activities": 111,
        "Net profit from business activities": 2559,
        "Profit": 31,
        "Profit before tax": 2589,
        "Present corporate income tax expenses": -36,
        "Deferred income taxes expenses": "N/A",
        "The interests of minority shareholders": "N/A",
        "Total Cost of profits": -36,
        "Profit after tax corporate income": 2626,
        "Volume": 1563150,
        "Close of Quarter": 10.5,
        "EPS": 1905.7,
        "Non-adjusted EPS": 7146,
        "PE": 1.5,
        "Book Price": 8.2
      }
    },
    {
      "quarter": "Q3 2010",
      "income status": {
        "Net sales": 197606,
        "Cost of goods sold": 190332,
        "Gross Profit": 7274,
        "Financial expenses": 337,
        "Of which: Interest expense": 337,
        "Cost of sales": 3066,
        "Enterprise cost management": 1157,
        "Total Operating Expenses": 4560,
        "Total revenue financing activities": 227,
        "Net profit from business activities": 2941,
        "Profit": 104,
        "Profit before tax": 3045,
        "Present corporate income tax expenses": -651,
        "Deferred income taxes expenses": "N/A",
        "The interests of minority shareholders": "N/A",
        "Total Cost of profits": -651,
        "Profit after tax corporate income": 3696,
        "Volume": 1563150,
        "Close of Quarter": 10.6,
        "EPS": 1820.1,
        "Non-adjusted EPS": 6825,
        "PE": 1.6,
        "Book Price": 7.8
      }
    },
    {
      "quarter": "Q2 2010",
      "income status": {
        "Net sales": 195951,
        "Cost of goods sold": 188459,
        "Gross Profit": 7492,
        "Financial expenses": 219,
        "Of which: Interest expense": 219,
        "Cost of sales": 2370,
        "Enterprise cost management": 1816,
        "Total Operating Expenses": 4405,
        "Total revenue financing activities": 318,
        "Net profit from business activities": 3406,
        "Profit": 13,
        "Profit before tax": 3419,
        "Present corporate income tax expenses": 784,
        "Deferred income taxes expenses": "N/A",
        "The interests of minority shareholders": "N/A",
        "Total Cost of profits": 784,
        "Profit after tax corporate income": 2635,
        "Volume": 1563150,
        "Close of Quarter": 6.7,
        "EPS": 1356.1,
        "Non-adjusted EPS": 5085,
        "PE": 1.3,
        "Book Price": 7.2
      }
    },
    {
      "quarter": "Q1 2010",
      "income status": {
        "Net sales": 190250,
        "Cost of goods sold": 183789,
        "Gross Profit": 6461,
        "Financial expenses": 158,
        "Of which: Interest expense": 158,
        "Cost of sales": 2419,
        "Enterprise cost management": 1310,
        "Total Operating Expenses": 3887,
        "Total revenue financing activities": 26,
        "Net profit from business activities": 2601,
        "Profit": 352,
        "Profit before tax": 2952,
        "Present corporate income tax expenses": 738,
        "Deferred income taxes expenses": "N/A",
        "The interests of minority shareholders": "N/A",
        "Total Cost of profits": 738,
        "Profit after tax corporate income": 2214,
        "Volume": 1563150,
        "Close of Quarter": 4.4,
        "EPS": 1095.0,
        "Non-adjusted EPS": 4106,
        "PE": 1.1,
        "Book Price": 7.3
      }
    },
    {
      "quarter": "Q4 2009",
      "income status": {
        "Net sales": 188044,
        "Cost of goods sold": 179630,
        "Gross Profit": 8414,
        "Financial expenses": 1375,
        "Of which: Interest expense": 1375,
        "Cost of sales": 2768,
        "Enterprise cost management": 1386,
        "Total Operating Expenses": 5529,
        "Total revenue financing activities": 44,
        "Net profit from business activities": 2929,
        "Profit": -55,
        "Profit before tax": 2874,
        "Present corporate income tax expenses": 751,
        "Deferred income taxes expenses": "N/A",
        "The interests of minority shareholders": "N/A",
        "Total Cost of profits": 751,
        "Profit after tax corporate income": 2123,
        "Volume": 1563150,
        "Close of Quarter": 3.7,
        "EPS": 1127.3,
        "Non-adjusted EPS": 4227,
        "PE": 0.9,
        "Book Price": 6.9
      }
    },
    {
      "quarter": "Q3 2009",
      "income status": {
        "Net sales": 134411,
        "Cost of goods sold": 128942,
        "Gross Profit": 5468,
        "Financial expenses": 155,
        "Of which: Interest expense": 728,
        "Cost of sales": 2371,
        "Enterprise cost management": 1457,
        "Total Operating Expenses": 3983,
        "Total revenue financing activities": 36,
        "Net profit from business activities": 1521,
        "Profit": -220,
        "Profit before tax": 1301,
        "Present corporate income tax expenses": 324,
        "Deferred income taxes expenses": "N/A",
        "The interests of minority shareholders": "N/A",
        "Total Cost of profits": 324,
        "Profit after tax corporate income": 977,
        "Volume": 1563150,
        "Close of Quarter": 4.3,
        "EPS": 893.1,
        "Non-adjusted EPS": 3349,
        "PE": 1.3,
        "Book Price": 6.6
      }
    },
    {
      "quarter": "Q2 2009",
      "income status": {
        "Net sales": 109021,
        "Cost of goods sold": 103965,
        "Gross Profit": 5056,
        "Financial expenses": 590,
        "Of which: Interest expense": 590,
        "Cost of sales": 2017,
        "Enterprise cost management": 1009,
        "Total Operating Expenses": 3616,
        "Total revenue financing activities": 32,
        "Net profit from business activities": 1471,
        "Profit": 1,
        "Profit before tax": 1472,
        "Present corporate income tax expenses": 368,
        "Deferred income taxes expenses": "N/A",
        "The interests of minority shareholders": "N/A",
        "Total Cost of profits": 368,
        "Profit after tax corporate income": 1104,
        "Volume": 1563150,
        "Close of Quarter": 4.0,
        "EPS": 941.9,
        "Non-adjusted EPS": 3532,
        "PE": 1.1,
        "Book Price": 6.5
      }
    },
    {
      "quarter": "Q1 2009",
      "income status": {
        "Net sales": 97085,
        "Cost of goods sold": 90617,
        "Gross Profit": 6468,
        "Financial expenses": 572,
        "Of which: Interest expense": "N/A",
        "Cost of sales": 2170,
        "Enterprise cost management": 1135,
        "Total Operating Expenses": 3877,
        "Total revenue financing activities": 308,
        "Net profit from business activities": 2900,
        "Profit": 210,
        "Profit before tax": 3110,
        "Present corporate income tax expenses": 706,
        "Deferred income taxes expenses": "N/A",
        "The interests of minority shareholders": "N/A",
        "Total Cost of profits": 706,
        "Profit after tax corporate income": 2404,
        "Volume": 1563150,
        "Close of Quarter": 2.2,
        "EPS": 1049.7,
        "Non-adjusted EPS": 3936,
        "PE": 0.6,
        "Book Price": 6.7
      }
    },
    {
      "quarter": "Q4 2008",
      "income status": {
        "Net sales": 123846,
        "Cost of goods sold": 118428,
        "Gross Profit": 5419,
        "Financial expenses": 1610,
        "Of which: Interest expense": 936,
        "Cost of sales": 1823,
        "Enterprise cost management": 1527,
        "Total Operating Expenses": 4960,
        "Total revenue financing activities": 405,
        "Net profit from business activities": 864,
        "Profit": 8,
        "Profit before tax": 872,
        "Present corporate income tax expenses": 122,
        "Deferred income taxes expenses": "N/A",
        "The interests of minority shareholders": "N/A",
        "Total Cost of profits": 122,
        "Profit after tax corporate income": 750,
        "Volume": 1563150,
        "Close of Quarter": 2.1,
        "EPS": 981.4,
        "Non-adjusted EPS": 3680,
        "PE": 0.6,
        "Book Price": 6.3
      }
    },
    {
      "quarter": "Q3 2008",
      "income status": {
        "Net sales": 108882,
        "Cost of goods sold": 104021,
        "Gross Profit": 4861,
        "Financial expenses": 1095,
        "Of which: Interest expense": 1095,
        "Cost of sales": 1302,
        "Enterprise cost management": 1082,
        "Total Operating Expenses": 3479,
        "Total revenue financing activities": 89,
        "Net profit from business activities": 1470,
        "Profit": -1,
        "Profit before tax": 1468,
        "Present corporate income tax expenses": 206,
        "Deferred income taxes expenses": "N/A",
        "The interests of minority shareholders": "N/A",
        "Total Cost of profits": 206,
        "Profit after tax corporate income": 1263,
        "Volume": 1563150,
        "Close of Quarter": 3.7,
        "EPS": 1036.3,
        "Non-adjusted EPS": 3886,
        "PE": 1.0,
        "Book Price": 6.2
      }
    },
    {
      "quarter": "Q2 2008",
      "income status": {
        "Net sales": 118853,
        "Cost of goods sold": 114052,
        "Gross Profit": 4801,
        "Financial expenses": 776,
        "Of which: Interest expense": 776,
        "Cost of sales": 1328,
        "Enterprise cost management": 875,
        "Total Operating Expenses": 2979,
        "Total revenue financing activities": 111,
        "Net profit from business activities": 1933,
        "Profit": 71,
        "Profit before tax": 2004,
        "Present corporate income tax expenses": 268,
        "Deferred income taxes expenses": "N/A",
        "The interests of minority shareholders": "N/A",
        "Total Cost of profits": 268,
        "Profit after tax corporate income": 1736,
        "Volume": 1563150,
        "Close of Quarter": 2.3,
        "EPS": 928.0,
        "Non-adjusted EPS": 3480,
        "PE": 0.7,
        "Book Price": 6
      }
    },
    {
      "quarter": "Q1 2008",
      "income status": {
        "Net sales": 94983,
        "Cost of goods sold": 89718,
        "Gross Profit": 5265,
        "Financial expenses": 157,
        "Of which: Interest expense": "N/A",
        "Cost of sales": 1130,
        "Enterprise cost management": 1750,
        "Total Operating Expenses": 3037,
        "Total revenue financing activities": 95,
        "Net profit from business activities": 2322,
        "Profit": 8,
        "Profit before tax": 2331,
        "Present corporate income tax expenses": 326,
        "Deferred income taxes expenses": "N/A",
        "The interests of minority shareholders": "N/A",
        "Total Cost of profits": 326,
        "Profit after tax corporate income": 2004,
        "Volume": 1563150,
        "Close of Quarter": 3.8,
        "EPS": 800.0,
        "Non-adjusted EPS": 3000,
        "PE": 1.3,
        "Book Price": 5.7
      }
    },
    {
      "quarter": "Q4 2007",
      "income status": {
        "Net sales": 78596,
        "Cost of goods sold": 75061,
        "Gross Profit": 3535,
        "Financial expenses": 122,
        "Of which: Interest expense": "N/A",
        "Cost of sales": 1243,
        "Enterprise cost management": 1057,
        "Total Operating Expenses": 2422,
        "Total revenue financing activities": 123,
        "Net profit from business activities": 1236,
        "Profit": 9,
        "Profit before tax": 1245,
        "Present corporate income tax expenses": 174,
        "Deferred income taxes expenses": "N/A",
        "The interests of minority shareholders": "N/A",
        "Total Cost of profits": 174,
        "Profit after tax corporate income": 1071,
        "Volume": 1563150,
        "Close of Quarter": 7.4,
        "EPS": 689.6,
        "Non-adjusted EPS": 2586,
        "PE": 2.9,
        "Book Price": 5.8
      }
    },
    {
      "quarter": "Q3 2007",
      "income status": {
        "Net sales": 60173,
        "Cost of goods sold": 57581,
        "Gross Profit": 2592,
        "Financial expenses": 135,
        "Of which: Interest expense": "N/A",
        "Cost of sales": 676,
        "Enterprise cost management": 972,
        "Total Operating Expenses": 1783,
        "Total revenue financing activities": 20,
        "Net profit from business activities": 828,
        "Profit": 2,
        "Profit before tax": 830,
        "Present corporate income tax expenses": 202,
        "Deferred income taxes expenses": "N/A",
        "The interests of minority shareholders": "N/A",
        "Total Cost of profits": 202,
        "Profit after tax corporate income": 628,
        "Volume": 1563150,
        "Close of Quarter": 5.9,
        "EPS": 830.4,
        "Non-adjusted EPS": 3114,
        "PE": 1.9,
        "Book Price": 5.6
      }
    },
    {
      "quarter": "Q2 2007",
      "income status": {
        "Net sales": 64569,
        "Cost of goods sold": 62010,
        "Gross Profit": 2559,
        "Financial expenses": 170,
        "Of which: Interest expense": "N/A",
        "Cost of sales": 709,
        "Enterprise cost management": 799,
        "Total Operating Expenses": 1678,
        "Total revenue financing activities": 153,
        "Net profit from business activities": 1035,
        "Profit": 112,
        "Profit before tax": 1147,
        "Present corporate income tax expenses": 161,
        "Deferred income taxes expenses": "N/A",
        "The interests of minority shareholders": "N/A",
        "Total Cost of profits": 161,
        "Profit after tax corporate income": 986,
        "Volume": 1563150,
        "Close of Quarter": 5.3,
        "EPS": 723.2,
        "Non-adjusted EPS": 2712,
        "PE": 2.0,
        "Book Price": 5.5
      }
    },
    {
      "quarter": "Q1 2007",
      "income status": {
        "Net sales": 57503,
        "Cost of goods sold": 54148,
        "Gross Profit": 3356,
        "Financial expenses": 142,
        "Of which: Interest expense": "N/A",
        "Cost of sales": 629,
        "Enterprise cost management": 1156,
        "Total Operating Expenses": 1927,
        "Total revenue financing activities": 61,
        "Net profit from business activities": 1489,
        "Profit": 90,
        "Profit before tax": 1579,
        "Present corporate income tax expenses": 221,
        "Deferred income taxes expenses": "N/A",
        "The interests of minority shareholders": "N/A",
        "Total Cost of profits": 221,
        "Profit after tax corporate income": 1358,
        "Volume": 1563150,
        "Close of Quarter": 9.3,
        "EPS": 555.0,
        "Non-adjusted EPS": 2081,
        "PE": 4.5,
        "Book Price": 5.4
      }
    },
    {
      "quarter": "Q4 2006",
      "income status": {
        "Net sales": 71265,
        "Cost of goods sold": 66650,
        "Gross Profit": 4614,
        "Financial expenses": 148,
        "Of which: Interest expense": "N/A",
        "Cost of sales": 847,
        "Enterprise cost management": 1037,
        "Total Operating Expenses": 2032,
        "Total revenue financing activities": 14,
        "Net profit from business activities": 2597,
        "Profit": 35,
        "Profit before tax": 2632,
        "Present corporate income tax expenses": 737,
        "Deferred income taxes expenses": "N/A",
        "The interests of minority shareholders": "N/A",
        "Total Cost of profits": 737,
        "Profit after tax corporate income": 1895,
        "Volume": 1563150,
        "Close of Quarter": 5.5,
        "EPS": 323.2,
        "Non-adjusted EPS": 1212,
        "PE": 4.5,
        "Book Price": 5.6
      }
    }
  ]
}