{
  "ticker": "TMC",
  "data": [
    {
      "quarter": "Q1 2017",
      "income status": {
        "Net sales": 497883,
        "Cost of goods sold": 457261,
        "Gross Profit": 40622,
        "Financial expenses": 742,
        "Of which: Interest expense": 135,
        "Cost of sales": 25118,
        "Enterprise cost management": 10266,
        "Total Operating Expenses": 36126,
        "Total revenue financing activities": 744,
        "Net profit from business activities": 5240,
        "Profit": 60,
        "Profit before tax": 5300,
        "Present corporate income tax expenses": 1039,
        "Deferred income taxes expenses": "N/A",
        "The interests of minority shareholders": 1,
        "Total Cost of profits": 1040,
        "Profit after tax corporate income": 4261,
        "Volume": 12400000,
        "Close of Quarter": 14.5,
        "EPS": 1795,
        "Non-adjusted EPS": 1795,
        "PE": 8.1,
        "Book Price": 15.5
      }
    },
    {
      "quarter": "Q4 2016",
      "income status": {
        "Net sales": 602364,
        "Cost of goods sold": 564447,
        "Gross Profit": 37917,
        "Financial expenses": 10358,
        "Of which: Interest expense": 190,
        "Cost of sales": 23554,
        "Enterprise cost management": 12543,
        "Total Operating Expenses": 46455,
        "Total revenue financing activities": 15764,
        "Net profit from business activities": 7226,
        "Profit": 50,
        "Profit before tax": 7276,
        "Present corporate income tax expenses": 1459,
        "Deferred income taxes expenses": -51,
        "The interests of minority shareholders": 30,
        "Total Cost of profits": 1438,
        "Profit after tax corporate income": 5837,
        "Volume": 12400000,
        "Close of Quarter": 17.8,
        "EPS": 1792,
        "Non-adjusted EPS": 1792,
        "PE": 10.0,
        "Book Price": 15.2
      }
    },
    {
      "quarter": "Q3 2016",
      "income status": {
        "Net sales": 479719,
        "Cost of goods sold": 445412,
        "Gross Profit": 34307,
        "Financial expenses": 292,
        "Of which: Interest expense": "N/A",
        "Cost of sales": 20881,
        "Enterprise cost management": 5102,
        "Total Operating Expenses": 26275,
        "Total revenue financing activities": 1208,
        "Net profit from business activities": 9239,
        "Profit": 57,
        "Profit before tax": 9295,
        "Present corporate income tax expenses": 1633,
        "Deferred income taxes expenses": "N/A",
        "The interests of minority shareholders": 2,
        "Total Cost of profits": 1635,
        "Profit after tax corporate income": 7660,
        "Volume": 12400000,
        "Close of Quarter": 13.7,
        "EPS": 1563,
        "Non-adjusted EPS": 1563,
        "PE": 8.8,
        "Book Price": 15.4
      }
    },
    {
      "quarter": "Q2 2016",
      "income status": {
        "Net sales": 477292,
        "Cost of goods sold": 439808,
        "Gross Profit": 37484,
        "Financial expenses": 1626,
        "Of which: Interest expense": 140,
        "Cost of sales": 19557,
        "Enterprise cost management": 12096,
        "Total Operating Expenses": 33279,
        "Total revenue financing activities": 1212,
        "Net profit from business activities": 5417,
        "Profit": 81,
        "Profit before tax": 5498,
        "Present corporate income tax expenses": 998,
        "Deferred income taxes expenses": "N/A",
        "The interests of minority shareholders": 2,
        "Total Cost of profits": 1000,
        "Profit after tax corporate income": 4498,
        "Volume": 12400000,
        "Close of Quarter": 13.2,
        "EPS": 1296,
        "Non-adjusted EPS": 1296,
        "PE": 10.2,
        "Book Price": 14.8
      }
    },
    {
      "quarter": "Q1 2016",
      "income status": {
        "Net sales": 447555,
        "Cost of goods sold": 419300,
        "Gross Profit": 28255,
        "Financial expenses": 28,
        "Of which: Interest expense": 10,
        "Cost of sales": 17272,
        "Enterprise cost management": 7174,
        "Total Operating Expenses": 24474,
        "Total revenue financing activities": 1603,
        "Net profit from business activities": 5384,
        "Profit": -155,
        "Profit before tax": 5229,
        "Present corporate income tax expenses": 1003,
        "Deferred income taxes expenses": "N/A",
        "The interests of minority shareholders": 5,
        "Total Cost of profits": 1008,
        "Profit after tax corporate income": 4221,
        "Volume": 12400000,
        "Close of Quarter": 11.8,
        "EPS": 2058,
        "Non-adjusted EPS": 2058,
        "PE": 5.8,
        "Book Price": 15.1
      }
    },
    {
      "quarter": "Q4 2015",
      "income status": {
        "Net sales": 560017,
        "Cost of goods sold": 532456,
        "Gross Profit": 27561,
        "Financial expenses": 111,
        "Of which: Interest expense": 223,
        "Cost of sales": 18304,
        "Enterprise cost management": 6230,
        "Total Operating Expenses": 24645,
        "Total revenue financing activities": 823,
        "Net profit from business activities": 3739,
        "Profit": 141,
        "Profit before tax": 3880,
        "Present corporate income tax expenses": 902,
        "Deferred income taxes expenses": -49,
        "The interests of minority shareholders": 27,
        "Total Cost of profits": 880,
        "Profit after tax corporate income": 3000,
        "Volume": 12400000,
        "Close of Quarter": 11.6,
        "EPS": 2155,
        "Non-adjusted EPS": 2155,
        "PE": 5.4,
        "Book Price": 15.1
      }
    },
    {
      "quarter": "Q3 2015",
      "income status": {
        "Net sales": 660556,
        "Cost of goods sold": 628223,
        "Gross Profit": 32333,
        "Financial expenses": 203,
        "Of which: Interest expense": 179,
        "Cost of sales": 19725,
        "Enterprise cost management": 8584,
        "Total Operating Expenses": 28512,
        "Total revenue financing activities": 1031,
        "Net profit from business activities": 4853,
        "Profit": 645,
        "Profit before tax": 5498,
        "Present corporate income tax expenses": 1149,
        "Deferred income taxes expenses": -12,
        "The interests of minority shareholders": 7,
        "Total Cost of profits": 1144,
        "Profit after tax corporate income": 4354,
        "Volume": 12400000,
        "Close of Quarter": 10.2,
        "EPS": 2178,
        "Non-adjusted EPS": 2178,
        "PE": 4.7,
        "Book Price": 15.5
      }
    },
    {
      "quarter": "Q2 2015",
      "income status": {
        "Net sales": 694261,
        "Cost of goods sold": 637590,
        "Gross Profit": 56670,
        "Financial expenses": 3426,
        "Of which: Interest expense": 1016,
        "Cost of sales": 24756,
        "Enterprise cost management": 12739,
        "Total Operating Expenses": 40921,
        "Total revenue financing activities": 1371,
        "Net profit from business activities": 17120,
        "Profit": 329,
        "Profit before tax": 17449,
        "Present corporate income tax expenses": 3802,
        "Deferred income taxes expenses": -70,
        "The interests of minority shareholders": -225,
        "Total Cost of profits": 3507,
        "Profit after tax corporate income": 13942,
        "Volume": 12400000,
        "Close of Quarter": 10.5,
        "EPS": 2389,
        "Non-adjusted EPS": 2389,
        "PE": 4.4,
        "Book Price": 15.2
      }
    },
    {
      "quarter": "Q1 2015",
      "income status": {
        "Net sales": 530926,
        "Cost of goods sold": 507050,
        "Gross Profit": 23876,
        "Financial expenses": 300,
        "Of which: Interest expense": 281,
        "Cost of sales": 12326,
        "Enterprise cost management": 5276,
        "Total Operating Expenses": 17902,
        "Total revenue financing activities": 883,
        "Net profit from business activities": 6856,
        "Profit": 349,
        "Profit before tax": 7205,
        "Present corporate income tax expenses": 1510,
        "Deferred income taxes expenses": -12,
        "The interests of minority shareholders": 278,
        "Total Cost of profits": 1776,
        "Profit after tax corporate income": 5429,
        "Volume": 12400000,
        "Close of Quarter": 9.2,
        "EPS": 1651,
        "Non-adjusted EPS": 1651,
        "PE": 5.6,
        "Book Price": 14.4
      }
    },
    {
      "quarter": "Q4 2014",
      "income status": {
        "Net sales": 821259,
        "Cost of goods sold": 793651,
        "Gross Profit": 27609,
        "Financial expenses": 3273,
        "Of which: Interest expense": 378,
        "Cost of sales": 14803,
        "Enterprise cost management": 10901,
        "Total Operating Expenses": 28977,
        "Total revenue financing activities": 865,
        "Net profit from business activities": -504,
        "Profit": 5535,
        "Profit before tax": 5030,
        "Present corporate income tax expenses": 1598,
        "Deferred income taxes expenses": -97,
        "The interests of minority shareholders": 249,
        "Total Cost of profits": 1750,
        "Profit after tax corporate income": 3281,
        "Volume": 12400000,
        "Close of Quarter": 9.2,
        "EPS": 1739,
        "Non-adjusted EPS": 1739,
        "PE": 5.3,
        "Book Price": 14.5
      }
    },
    {
      "quarter": "Q3 2014",
      "income status": {
        "Net sales": 708009,
        "Cost of goods sold": 684868,
        "Gross Profit": 23142,
        "Financial expenses": 1227,
        "Of which: Interest expense": 534,
        "Cost of sales": 12421,
        "Enterprise cost management": 3029,
        "Total Operating Expenses": 16677,
        "Total revenue financing activities": 1131,
        "Net profit from business activities": 7596,
        "Profit": 1285,
        "Profit before tax": 8881,
        "Present corporate income tax expenses": 1910,
        "Deferred income taxes expenses": -12,
        "The interests of minority shareholders": 14,
        "Total Cost of profits": 1912,
        "Profit after tax corporate income": 6970,
        "Volume": 12400000,
        "Close of Quarter": 8.3,
        "EPS": 1720,
        "Non-adjusted EPS": 1720,
        "PE": 4.8,
        "Book Price": 14.8
      }
    },
    {
      "quarter": "Q2 2014",
      "income status": {
        "Net sales": 608411,
        "Cost of goods sold": 583761,
        "Gross Profit": 24650,
        "Financial expenses": 1064,
        "Of which: Interest expense": 673,
        "Cost of sales": 14810,
        "Enterprise cost management": 5797,
        "Total Operating Expenses": 21671,
        "Total revenue financing activities": 1506,
        "Net profit from business activities": 4485,
        "Profit": 1654,
        "Profit before tax": 6139,
        "Present corporate income tax expenses": 1174,
        "Deferred income taxes expenses": -24,
        "The interests of minority shareholders": 199,
        "Total Cost of profits": 1349,
        "Profit after tax corporate income": 4790,
        "Volume": 12400000,
        "Close of Quarter": 8.0,
        "EPS": 1485,
        "Non-adjusted EPS": 1485,
        "PE": 5.4,
        "Book Price": 14.2
      }
    },
    {
      "quarter": "Q1 2014",
      "income status": {
        "Net sales": 591563,
        "Cost of goods sold": 572170,
        "Gross Profit": 19392,
        "Financial expenses": 1051,
        "Of which: Interest expense": 857,
        "Cost of sales": 13656,
        "Enterprise cost management": 5805,
        "Total Operating Expenses": 20512,
        "Total revenue financing activities": 1182,
        "Net profit from business activities": 62,
        "Profit": 8240,
        "Profit before tax": 8302,
        "Present corporate income tax expenses": 1763,
        "Deferred income taxes expenses": "N/A",
        "The interests of minority shareholders": 13,
        "Total Cost of profits": 1776,
        "Profit after tax corporate income": 6526,
        "Volume": 12400000,
        "Close of Quarter": 8.2,
        "EPS": 1610,
        "Non-adjusted EPS": 1610,
        "PE": 5.1,
        "Book Price": 14.2
      }
    },
    {
      "quarter": "Q4 2013",
      "income status": {
        "Net sales": 588254,
        "Cost of goods sold": 567693,
        "Gross Profit": 20561,
        "Financial expenses": 1446,
        "Of which: Interest expense": 1184,
        "Cost of sales": 11660,
        "Enterprise cost management": 5453,
        "Total Operating Expenses": 18559,
        "Total revenue financing activities": 708,
        "Net profit from business activities": 2709,
        "Profit": 1745,
        "Profit before tax": 4454,
        "Present corporate income tax expenses": 1204,
        "Deferred income taxes expenses": 155,
        "The interests of minority shareholders": 49,
        "Total Cost of profits": 1408,
        "Profit after tax corporate income": 3046,
        "Volume": 12400000,
        "Close of Quarter": 7.0,
        "EPS": 1207,
        "Non-adjusted EPS": 1207,
        "PE": 5.8,
        "Book Price": 14.3
      }
    },
    {
      "quarter": "Q3 2013",
      "income status": {
        "Net sales": 561615,
        "Cost of goods sold": 539862,
        "Gross Profit": 21754,
        "Financial expenses": 2791,
        "Of which: Interest expense": 1912,
        "Cost of sales": 10644,
        "Enterprise cost management": 4692,
        "Total Operating Expenses": 18127,
        "Total revenue financing activities": 1095,
        "Net profit from business activities": 4722,
        "Profit": 798,
        "Profit before tax": 5565,
        "Present corporate income tax expenses": 1274,
        "Deferred income taxes expenses": "N/A",
        "The interests of minority shareholders": 241,
        "Total Cost of profits": 1515,
        "Profit after tax corporate income": 4049,
        "Volume": 12400000,
        "Close of Quarter": 6.5,
        "EPS": 1282,
        "Non-adjusted EPS": 1282,
        "PE": 5.1,
        "Book Price": 14.1
      }
    },
    {
      "quarter": "Q2 2013",
      "income status": {
        "Net sales": 572324,
        "Cost of goods sold": 549649,
        "Gross Profit": 22675,
        "Financial expenses": 2060,
        "Of which: Interest expense": 2205,
        "Cost of sales": 11755,
        "Enterprise cost management": 3205,
        "Total Operating Expenses": 17020,
        "Total revenue financing activities": 1395,
        "Net profit from business activities": 7050,
        "Profit": 997,
        "Profit before tax": 8047,
        "Present corporate income tax expenses": 1893,
        "Deferred income taxes expenses": "N/A",
        "The interests of minority shareholders": -188,
        "Total Cost of profits": 1705,
        "Profit after tax corporate income": 6342,
        "Volume": 12400000,
        "Close of Quarter": 7.0,
        "EPS": 1385,
        "Non-adjusted EPS": 1385,
        "PE": 5.1,
        "Book Price": 14.3
      }
    },
    {
      "quarter": "Q1 2013",
      "income status": {
        "Net sales": 541160,
        "Cost of goods sold": 524231,
        "Gross Profit": 16929,
        "Financial expenses": 2175,
        "Of which: Interest expense": 2088,
        "Cost of sales": 12150,
        "Enterprise cost management": 2582,
        "Total Operating Expenses": 16907,
        "Total revenue financing activities": 689,
        "Net profit from business activities": 711,
        "Profit": 1523,
        "Profit before tax": 2189,
        "Present corporate income tax expenses": 534,
        "Deferred income taxes expenses": "N/A",
        "The interests of minority shareholders": 132,
        "Total Cost of profits": 666,
        "Profit after tax corporate income": 1524,
        "Volume": 12400000,
        "Close of Quarter": 6.3,
        "EPS": 1371,
        "Non-adjusted EPS": 1371,
        "PE": 4.6,
        "Book Price": 13.8
      }
    },
    {
      "quarter": "Q4 2012",
      "income status": {
        "Net sales": 589137,
        "Cost of goods sold": 571325,
        "Gross Profit": 17813,
        "Financial expenses": 1709,
        "Of which: Interest expense": 1522,
        "Cost of sales": 11053,
        "Enterprise cost management": 2995,
        "Total Operating Expenses": 15757,
        "Total revenue financing activities": 1556,
        "Net profit from business activities": 3611,
        "Profit": 1212,
        "Profit before tax": 4925,
        "Present corporate income tax expenses": 854,
        "Deferred income taxes expenses": "N/A",
        "The interests of minority shareholders": 88,
        "Total Cost of profits": 942,
        "Profit after tax corporate income": 3983,
        "Volume": 12400000,
        "Close of Quarter": 6.9,
        "EPS": 1610,
        "Non-adjusted EPS": 1610,
        "PE": 4.3,
        "Book Price": 14.9
      }
    },
    {
      "quarter": "Q3 2012",
      "income status": {
        "Net sales": 543107,
        "Cost of goods sold": 524474,
        "Gross Profit": 18632,
        "Financial expenses": 1520,
        "Of which: Interest expense": 1457,
        "Cost of sales": 10912,
        "Enterprise cost management": 2094,
        "Total Operating Expenses": 14526,
        "Total revenue financing activities": 1201,
        "Net profit from business activities": 5307,
        "Profit": 1015,
        "Profit before tax": 6344,
        "Present corporate income tax expenses": 1037,
        "Deferred income taxes expenses": "N/A",
        "The interests of minority shareholders": -22,
        "Total Cost of profits": 1015,
        "Profit after tax corporate income": 5329,
        "Volume": 12400000,
        "Close of Quarter": 6.2,
        "EPS": 1443,
        "Non-adjusted EPS": 1443,
        "PE": 4.3,
        "Book Price": 14.7
      }
    },
    {
      "quarter": "Q2 2012",
      "income status": {
        "Net sales": 528786,
        "Cost of goods sold": 508188,
        "Gross Profit": 20598,
        "Financial expenses": 1762,
        "Of which: Interest expense": 2116,
        "Cost of sales": 11494,
        "Enterprise cost management": 2058,
        "Total Operating Expenses": 15314,
        "Total revenue financing activities": 1763,
        "Net profit from business activities": 7048,
        "Profit": 929,
        "Profit before tax": 8036,
        "Present corporate income tax expenses": 1831,
        "Deferred income taxes expenses": "N/A",
        "The interests of minority shareholders": 34,
        "Total Cost of profits": 1865,
        "Profit after tax corporate income": 6170,
        "Volume": 12400000,
        "Close of Quarter": 6.6,
        "EPS": 1325,
        "Non-adjusted EPS": 1325,
        "PE": 5.0,
        "Book Price": 14.2
      }
    },
    {
      "quarter": "Q1 2012",
      "income status": {
        "Net sales": 520877,
        "Cost of goods sold": 502937,
        "Gross Profit": 17940,
        "Financial expenses": 4381,
        "Of which: Interest expense": 4119,
        "Cost of sales": 10880,
        "Enterprise cost management": 2084,
        "Total Operating Expenses": 17345,
        "Total revenue financing activities": 1307,
        "Net profit from business activities": 1902,
        "Profit": 3986,
        "Profit before tax": 5798,
        "Present corporate income tax expenses": 1437,
        "Deferred income taxes expenses": "N/A",
        "The interests of minority shareholders": -120,
        "Total Cost of profits": 1317,
        "Profit after tax corporate income": 4481,
        "Volume": 8000000,
        "Close of Quarter": 5.7,
        "EPS": 1439.4,
        "Non-adjusted EPS": 2231,
        "PE": 2.5,
        "Book Price": 14.3
      }
    },
    {
      "quarter": "Q4 2011",
      "income status": {
        "Net sales": 503113,
        "Cost of goods sold": 491136,
        "Gross Profit": 11977,
        "Financial expenses": 3534,
        "Of which: Interest expense": 2908,
        "Cost of sales": 6890,
        "Enterprise cost management": 2188,
        "Total Operating Expenses": 12612,
        "Total revenue financing activities": 1180,
        "Net profit from business activities": 545,
        "Profit": 1977,
        "Profit before tax": 2539,
        "Present corporate income tax expenses": 623,
        "Deferred income taxes expenses": 3,
        "The interests of minority shareholders": "N/A",
        "Total Cost of profits": 626,
        "Profit after tax corporate income": 1913,
        "Volume": 8000000,
        "Close of Quarter": 5.1,
        "EPS": 1626.5,
        "Non-adjusted EPS": 2521,
        "PE": 2.0,
        "Book Price": 11.3
      }
    },
    {
      "quarter": "Q3 2011",
      "income status": {
        "Net sales": 560369,
        "Cost of goods sold": 543054,
        "Gross Profit": 17316,
        "Financial expenses": 5369,
        "Of which: Interest expense": 4769,
        "Cost of sales": 8225,
        "Enterprise cost management": 1757,
        "Total Operating Expenses": 15351,
        "Total revenue financing activities": 2119,
        "Net profit from business activities": 4085,
        "Profit": 881,
        "Profit before tax": 5027,
        "Present corporate income tax expenses": 1030,
        "Deferred income taxes expenses": "N/A",
        "The interests of minority shareholders": 138,
        "Total Cost of profits": 1168,
        "Profit after tax corporate income": 3860,
        "Volume": 8000000,
        "Close of Quarter": 7.8,
        "EPS": 1846.5,
        "Non-adjusted EPS": 2862,
        "PE": 2.7,
        "Book Price": 11.2
      }
    },
    {
      "quarter": "Q2 2011",
      "income status": {
        "Net sales": 546088,
        "Cost of goods sold": 517960,
        "Gross Profit": 28128,
        "Financial expenses": 8769,
        "Of which: Interest expense": 5597,
        "Cost of sales": 11517,
        "Enterprise cost management": 1609,
        "Total Operating Expenses": 21895,
        "Total revenue financing activities": 2612,
        "Net profit from business activities": 8845,
        "Profit": 788,
        "Profit before tax": 9633,
        "Present corporate income tax expenses": 1960,
        "Deferred income taxes expenses": "N/A",
        "The interests of minority shareholders": 77,
        "Total Cost of profits": 2037,
        "Profit after tax corporate income": 7596,
        "Volume": 8000000,
        "Close of Quarter": 7.5,
        "EPS": 2021.3,
        "Non-adjusted EPS": 3133,
        "PE": 2.4,
        "Book Price": 10.9
      }
    },
    {
      "quarter": "Q1 2011",
      "income status": {
        "Net sales": 455454,
        "Cost of goods sold": 431460,
        "Gross Profit": 23994,
        "Financial expenses": 5130,
        "Of which: Interest expense": 5120,
        "Cost of sales": 10480,
        "Enterprise cost management": 1548,
        "Total Operating Expenses": 17158,
        "Total revenue financing activities": 1141,
        "Net profit from business activities": 7977,
        "Profit": 1060,
        "Profit before tax": 9037,
        "Present corporate income tax expenses": 2147,
        "Deferred income taxes expenses": "N/A",
        "The interests of minority shareholders": 95,
        "Total Cost of profits": 2242,
        "Profit after tax corporate income": 6795,
        "Volume": 8000000,
        "Close of Quarter": 9.4,
        "EPS": 1781.9,
        "Non-adjusted EPS": 2762,
        "PE": 3.4,
        "Book Price": 11.2
      }
    },
    {
      "quarter": "Q4 2010",
      "income status": {
        "Net sales": 479652,
        "Cost of goods sold": 458126,
        "Gross Profit": 21525,
        "Financial expenses": 3567,
        "Of which: Interest expense": 3632,
        "Cost of sales": 9448,
        "Enterprise cost management": 2796,
        "Total Operating Expenses": 15811,
        "Total revenue financing activities": 736,
        "Net profit from business activities": 6450,
        "Profit": 318,
        "Profit before tax": 6768,
        "Present corporate income tax expenses": 1729,
        "Deferred income taxes expenses": 162,
        "The interests of minority shareholders": 231,
        "Total Cost of profits": 2122,
        "Profit after tax corporate income": 4646,
        "Volume": 8000000,
        "Close of Quarter": 12.4,
        "EPS": 1704.5,
        "Non-adjusted EPS": 2642,
        "PE": 4.7,
        "Book Price": 10.7
      }
    },
    {
      "quarter": "Q3 2010",
      "income status": {
        "Net sales": 392520,
        "Cost of goods sold": 372725,
        "Gross Profit": 19795,
        "Financial expenses": 2629,
        "Of which: Interest expense": 2608,
        "Cost of sales": 8669,
        "Enterprise cost management": 2069,
        "Total Operating Expenses": 13367,
        "Total revenue financing activities": 1377,
        "Net profit from business activities": 7805,
        "Profit": 360,
        "Profit before tax": 8164,
        "Present corporate income tax expenses": 1857,
        "Deferred income taxes expenses": "N/A",
        "The interests of minority shareholders": 280,
        "Total Cost of profits": 2137,
        "Profit after tax corporate income": 6027,
        "Volume": 8000000,
        "Close of Quarter": 12.6,
        "EPS": 2338.7,
        "Non-adjusted EPS": 3625,
        "PE": 3.5,
        "Book Price": 10.8
      }
    },
    {
      "quarter": "Q2 2010",
      "income status": {
        "Net sales": 424578,
        "Cost of goods sold": 410590,
        "Gross Profit": 13988,
        "Financial expenses": 2545,
        "Of which: Interest expense": 2280,
        "Cost of sales": 6041,
        "Enterprise cost management": 2045,
        "Total Operating Expenses": 10631,
        "Total revenue financing activities": 2243,
        "Net profit from business activities": 5601,
        "Profit": 546,
        "Profit before tax": 6147,
        "Present corporate income tax expenses": 1376,
        "Deferred income taxes expenses": "N/A",
        "The interests of minority shareholders": "N/A",
        "Total Cost of profits": 1376,
        "Profit after tax corporate income": 4629,
        "Volume": 7986584,
        "Close of Quarter": 15.8,
        "EPS": 2445.6,
        "Non-adjusted EPS": 3797,
        "PE": 4.2,
        "Book Price": 10.9
      }
    },
    {
      "quarter": "Q1 2010",
      "income status": {
        "Net sales": 346836,
        "Cost of goods sold": 328079,
        "Gross Profit": 18757,
        "Financial expenses": 2168,
        "Of which: Interest expense": 2102,
        "Cost of sales": 7792,
        "Enterprise cost management": 1709,
        "Total Operating Expenses": 11669,
        "Total revenue financing activities": 645,
        "Net profit from business activities": 7733,
        "Profit": 318,
        "Profit before tax": 8051,
        "Present corporate income tax expenses": 1995,
        "Deferred income taxes expenses": "N/A",
        "The interests of minority shareholders": 225,
        "Total Cost of profits": 2220,
        "Profit after tax corporate income": 5831,
        "Volume": 4000000,
        "Close of Quarter": 13.7,
        "EPS": 2622.9,
        "Non-adjusted EPS": 8131,
        "PE": 1.7,
        "Book Price": 10.6
      }
    },
    {
      "quarter": "Q4 2009",
      "income status": {
        "Net sales": 347449,
        "Cost of goods sold": 325334,
        "Gross Profit": 22115,
        "Financial expenses": -1896,
        "Of which: Interest expense": 1406,
        "Cost of sales": 14813,
        "Enterprise cost management": 2378,
        "Total Operating Expenses": 15295,
        "Total revenue financing activities": 1586,
        "Net profit from business activities": 8406,
        "Profit": 7713,
        "Profit before tax": 16118,
        "Present corporate income tax expenses": 4056,
        "Deferred income taxes expenses": -618,
        "The interests of minority shareholders": 169,
        "Total Cost of profits": 3607,
        "Profit after tax corporate income": 12512,
        "Volume": 4000000,
        "Close of Quarter": 13.9,
        "EPS": 2466.1,
        "Non-adjusted EPS": 7645,
        "PE": 1.8,
        "Book Price": 8.1
      }
    },
    {
      "quarter": "Q3 2009",
      "income status": {
        "Net sales": 297700,
        "Cost of goods sold": 277924,
        "Gross Profit": 19777,
        "Financial expenses": 1322,
        "Of which: Interest expense": "N/A",
        "Cost of sales": 8892,
        "Enterprise cost management": 1672,
        "Total Operating Expenses": 11886,
        "Total revenue financing activities": 1036,
        "Net profit from business activities": 8926,
        "Profit": 235,
        "Profit before tax": 9162,
        "Present corporate income tax expenses": 1614,
        "Deferred income taxes expenses": "N/A",
        "The interests of minority shareholders": 198,
        "Total Cost of profits": 1812,
        "Profit after tax corporate income": 7350,
        "Volume": 4000000,
        "Close of Quarter": 14.5,
        "EPS": 1410.7,
        "Non-adjusted EPS": 4373,
        "PE": 3.3,
        "Book Price": 7.5
      }
    },
    {
      "quarter": "Q2 2009",
      "income status": {
        "Net sales": 287656,
        "Cost of goods sold": 271053,
        "Gross Profit": 16603,
        "Financial expenses": 1362,
        "Of which: Interest expense": "N/A",
        "Cost of sales": 7094,
        "Enterprise cost management": 1642,
        "Total Operating Expenses": 10098,
        "Total revenue financing activities": 1158,
        "Net profit from business activities": 7664,
        "Profit": 505,
        "Profit before tax": 8169,
        "Present corporate income tax expenses": 1337,
        "Deferred income taxes expenses": "N/A",
        "The interests of minority shareholders": "N/A",
        "Total Cost of profits": 1337,
        "Profit after tax corporate income": 6832,
        "Volume": 4000000,
        "Close of Quarter": 8.2,
        "EPS": 1257.4,
        "Non-adjusted EPS": 3898,
        "PE": 2.1,
        "Book Price": 6.9
      }
    },
    {
      "quarter": "Q1 2009",
      "income status": {
        "Net sales": 251437,
        "Cost of goods sold": 239409,
        "Gross Profit": 12028,
        "Financial expenses": 1604,
        "Of which: Interest expense": 1458,
        "Cost of sales": 4885,
        "Enterprise cost management": 1363,
        "Total Operating Expenses": 7852,
        "Total revenue financing activities": 648,
        "Net profit from business activities": 4823,
        "Profit": 589,
        "Profit before tax": 5413,
        "Present corporate income tax expenses": 911,
        "Deferred income taxes expenses": "N/A",
        "The interests of minority shareholders": 617,
        "Total Cost of profits": 1528,
        "Profit after tax corporate income": 3885,
        "Volume": 4000000,
        "Close of Quarter": 6.4,
        "EPS": 997.1,
        "Non-adjusted EPS": 3091,
        "PE": 2.1,
        "Book Price": 6.8
      }
    },
    {
      "quarter": "Q4 2008",
      "income status": {
        "Net sales": 279221,
        "Cost of goods sold": 272155,
        "Gross Profit": 7066,
        "Financial expenses": 3818,
        "Of which: Interest expense": "N/A",
        "Cost of sales": 3428,
        "Enterprise cost management": 2026,
        "Total Operating Expenses": 9272,
        "Total revenue financing activities": 1243,
        "Net profit from business activities": -963,
        "Profit": 190,
        "Profit before tax": -773,
        "Present corporate income tax expenses": -199,
        "Deferred income taxes expenses": 3,
        "The interests of minority shareholders": "N/A",
        "Total Cost of profits": -196,
        "Profit after tax corporate income": -576,
        "Volume": 4000000,
        "Close of Quarter": 5.8,
        "EPS": 1573.9,
        "Non-adjusted EPS": 4879,
        "PE": 1.2,
        "Book Price": 6.5
      }
    },
    {
      "quarter": "Q3 2008",
      "income status": {
        "Net sales": 329023,
        "Cost of goods sold": 312501,
        "Gross Profit": 16522,
        "Financial expenses": 3994,
        "Of which: Interest expense": 1746,
        "Cost of sales": 6872,
        "Enterprise cost management": 1689,
        "Total Operating Expenses": 12555,
        "Total revenue financing activities": 2294,
        "Net profit from business activities": 6260,
        "Profit": 386,
        "Profit before tax": 6646,
        "Present corporate income tax expenses": 873,
        "Deferred income taxes expenses": "N/A",
        "The interests of minority shareholders": 324,
        "Total Cost of profits": 1197,
        "Profit after tax corporate income": 5449,
        "Volume": 4000000,
        "Close of Quarter": 8.4,
        "EPS": 1973.2,
        "Non-adjusted EPS": 6117,
        "PE": 1.4,
        "Book Price": 6.9
      }
    },
    {
      "quarter": "Q2 2008",
      "income status": {
        "Net sales": 373449,
        "Cost of goods sold": 359865,
        "Gross Profit": 13584,
        "Financial expenses": 4093,
        "Of which: Interest expense": 1508,
        "Cost of sales": 5127,
        "Enterprise cost management": 1350,
        "Total Operating Expenses": 10570,
        "Total revenue financing activities": 957,
        "Net profit from business activities": 3969,
        "Profit": 422,
        "Profit before tax": 4391,
        "Present corporate income tax expenses": 545,
        "Deferred income taxes expenses": "N/A",
        "The interests of minority shareholders": 240,
        "Total Cost of profits": 785,
        "Profit after tax corporate income": 3606,
        "Volume": 4000000,
        "Close of Quarter": 5.3,
        "EPS": 1779.4,
        "Non-adjusted EPS": 5516,
        "PE": 1.0,
        "Book Price": 6.7
      }
    },
    {
      "quarter": "Q1 2008",
      "income status": {
        "Net sales": 357921,
        "Cost of goods sold": 335628,
        "Gross Profit": 22293,
        "Financial expenses": 1201,
        "Of which: Interest expense": 1144,
        "Cost of sales": 8181,
        "Enterprise cost management": 1288,
        "Total Operating Expenses": 10670,
        "Total revenue financing activities": 1409,
        "Net profit from business activities": 13032,
        "Profit": 107,
        "Profit before tax": 13139,
        "Present corporate income tax expenses": 1802,
        "Deferred income taxes expenses": "N/A",
        "The interests of minority shareholders": 300,
        "Total Cost of profits": 2102,
        "Profit after tax corporate income": 11037,
        "Volume": 3554507,
        "Close of Quarter": 6.4,
        "EPS": 1752.3,
        "Non-adjusted EPS": 6113,
        "PE": 1.0,
        "Book Price": 6.9
      }
    },
    {
      "quarter": "Q4 2007",
      "income status": {
        "Net sales": 324383,
        "Cost of goods sold": 308271,
        "Gross Profit": 16112,
        "Financial expenses": 3180,
        "Of which: Interest expense": 1322,
        "Cost of sales": 6814,
        "Enterprise cost management": 1489,
        "Total Operating Expenses": 11483,
        "Total revenue financing activities": 633,
        "Net profit from business activities": 5262,
        "Profit": 75,
        "Profit before tax": 5337,
        "Present corporate income tax expenses": 812,
        "Deferred income taxes expenses": -11,
        "The interests of minority shareholders": 159,
        "Total Cost of profits": 960,
        "Profit after tax corporate income": 4377,
        "Volume": 3554507,
        "Close of Quarter": 12.4,
        "EPS": 1201.7,
        "Non-adjusted EPS": 4192,
        "PE": 3.0,
        "Book Price": 4.7
      }
    },
    {
      "quarter": "Q3 2007",
      "income status": {
        "Net sales": 263997,
        "Cost of goods sold": 255739,
        "Gross Profit": 8258,
        "Financial expenses": 1396,
        "Of which: Interest expense": 1078,
        "Cost of sales": 4164,
        "Enterprise cost management": 946,
        "Total Operating Expenses": 6506,
        "Total revenue financing activities": 1469,
        "Net profit from business activities": 3221,
        "Profit": 282,
        "Profit before tax": 3503,
        "Present corporate income tax expenses": 461,
        "Deferred income taxes expenses": "N/A",
        "The interests of minority shareholders": "N/A",
        "Total Cost of profits": 461,
        "Profit after tax corporate income": 3042,
        "Volume": 3554507,
        "Close of Quarter": 12.8,
        "EPS": 1013.3,
        "Non-adjusted EPS": 3535,
        "PE": 3.6,
        "Book Price": 4.4
      }
    },
    {
      "quarter": "Q2 2007",
      "income status": {
        "Net sales": 253621,
        "Cost of goods sold": 244576,
        "Gross Profit": 9045,
        "Financial expenses": 1298,
        "Of which: Interest expense": "N/A",
        "Cost of sales": 3486,
        "Enterprise cost management": 1173,
        "Total Operating Expenses": 5957,
        "Total revenue financing activities": 793,
        "Net profit from business activities": 3881,
        "Profit": 85,
        "Profit before tax": 3966,
        "Present corporate income tax expenses": 540,
        "Deferred income taxes expenses": "N/A",
        "The interests of minority shareholders": 155,
        "Total Cost of profits": 695,
        "Profit after tax corporate income": 3271,
        "Volume": 2700000,
        "Close of Quarter": 11.6,
        "EPS": 974.2,
        "Non-adjusted EPS": 4474,
        "PE": 2.6,
        "Book Price": 3.7
      }
    },
    {
      "quarter": "Q1 2007",
      "income status": {
        "Net sales": 224527,
        "Cost of goods sold": 215588,
        "Gross Profit": 8938,
        "Financial expenses": 905,
        "Of which: Interest expense": 809,
        "Cost of sales": 4805,
        "Enterprise cost management": 857,
        "Total Operating Expenses": 6567,
        "Total revenue financing activities": 2384,
        "Net profit from business activities": 4754,
        "Profit": 292,
        "Profit before tax": 5046,
        "Present corporate income tax expenses": 685,
        "Deferred income taxes expenses": "N/A",
        "The interests of minority shareholders": 152,
        "Total Cost of profits": 837,
        "Profit after tax corporate income": 4209,
        "Volume": 2700000,
        "Close of Quarter": 12.5,
        "EPS": 997.5,
        "Non-adjusted EPS": 4581,
        "PE": 2.7,
        "Book Price": 3.5
      }
    },
    {
      "quarter": "Q4 2006",
      "income status": {
        "Net sales": 234486,
        "Cost of goods sold": 227673,
        "Gross Profit": 6813,
        "Financial expenses": 593,
        "Of which: Interest expense": "N/A",
        "Cost of sales": 4773,
        "Enterprise cost management": 1925,
        "Total Operating Expenses": 7291,
        "Total revenue financing activities": 2550,
        "Net profit from business activities": 2071,
        "Profit": 761,
        "Profit before tax": 2833,
        "Present corporate income tax expenses": 789,
        "Deferred income taxes expenses": "N/A",
        "The interests of minority shareholders": "N/A",
        "Total Cost of profits": 789,
        "Profit after tax corporate income": 2044,
        "Volume": 2700000,
        "Close of Quarter": 9.1,
        "EPS": 809.4,
        "Non-adjusted EPS": 3717,
        "PE": 2.5,
        "Book Price": 3.4
      }
    },
    {
      "quarter": "Q3 2006",
      "income status": {
        "Net sales": 213937,
        "Cost of goods sold": 206187,
        "Gross Profit": 7750,
        "Financial expenses": 448,
        "Of which: Interest expense": 436,
        "Cost of sales": 4494,
        "Enterprise cost management": 805,
        "Total Operating Expenses": 5747,
        "Total revenue financing activities": 1457,
        "Net profit from business activities": 3459,
        "Profit": 230,
        "Profit before tax": 3689,
        "Present corporate income tax expenses": 986,
        "Deferred income taxes expenses": "N/A",
        "The interests of minority shareholders": 147,
        "Total Cost of profits": 1133,
        "Profit after tax corporate income": 2556,
        "Volume": 2700000,
        "Close of Quarter": "N/A",
        "EPS": 644.5,
        "Non-adjusted EPS": 2960,
        "PE": "N/A",
        "Book Price": 3.4
      }
    },
    {
      "quarter": "Q2 2006",
      "income status": {
        "Net sales": 209424,
        "Cost of goods sold": 200444,
        "Gross Profit": 8981,
        "Financial expenses": 760,
        "Of which: Interest expense": 821,
        "Cost of sales": 3723,
        "Enterprise cost management": 745,
        "Total Operating Expenses": 5228,
        "Total revenue financing activities": 676,
        "Net profit from business activities": 4428,
        "Profit": 770,
        "Profit before tax": 5198,
        "Present corporate income tax expenses": 1468,
        "Deferred income taxes expenses": "N/A",
        "The interests of minority shareholders": 169,
        "Total Cost of profits": 1637,
        "Profit after tax corporate income": 3561,
        "Volume": 2700000,
        "Close of Quarter": "N/A",
        "EPS": 438.3,
        "Non-adjusted EPS": 2013,
        "PE": "N/A",
        "Book Price": "N/A"
      }
    },
    {
      "quarter": "Q1 2006",
      "income status": {
        "Net sales": 196677,
        "Cost of goods sold": 190672,
        "Gross Profit": 6005,
        "Financial expenses": 519,
        "Of which: Interest expense": 438,
        "Cost of sales": 3489,
        "Enterprise cost management": 606,
        "Total Operating Expenses": 4614,
        "Total revenue financing activities": 847,
        "Net profit from business activities": 2237,
        "Profit": 510,
        "Profit before tax": 2748,
        "Present corporate income tax expenses": 727,
        "Deferred income taxes expenses": "N/A",
        "The interests of minority shareholders": 146,
        "Total Cost of profits": 873,
        "Profit after tax corporate income": 1874,
        "Volume": 2700000,
        "Close of Quarter": "N/A",
        "EPS": 151.1,
        "Non-adjusted EPS": 694,
        "PE": "N/A",
        "Book Price": "N/A"
      }
    }
  ]
}