{
  "ticker": "NVB",
  "data": [
    {
      "quarter": "Q1 2017",
      "income status": {
        "Net sales": 225379,
        "Cost of goods sold": 1034466,
        "Gross Profit": -809087,
        "Financial expenses": 4166,
        "Of which: Interest expense": "N/A",
        "Cost of sales": 10423,
        "Enterprise cost management": 224145,
        "Total Operating Expenses": 238734,
        "Total revenue financing activities": 10452,
        "Net profit from business activities": 11686,
        "Profit": "N/A",
        "Profit before tax": 11686,
        "Present corporate income tax expenses": -2355,
        "Deferred income taxes expenses": "N/A",
        "The interests of minority shareholders": "N/A",
        "Total Cost of profits": -2355,
        "Profit after tax corporate income": 9331,
        "Volume": 301021552,
        "Close of Quarter": 4.6,
        "EPS": 46,
        "Non-adjusted EPS": 46,
        "PE": 100,
        "Book Price": 10.8
      }
    },
    {
      "quarter": "Q4 2016",
      "income status": {
        "Net sales": 280797,
        "Cost of goods sold": 994042,
        "Gross Profit": -713245,
        "Financial expenses": 154223,
        "Of which: Interest expense": "N/A",
        "Cost of sales": 9663,
        "Enterprise cost management": 288615,
        "Total Operating Expenses": 452501,
        "Total revenue financing activities": 123763,
        "Net profit from business activities": 115945,
        "Profit": -109082,
        "Profit before tax": 6863,
        "Present corporate income tax expenses": -1372,
        "Deferred income taxes expenses": "N/A",
        "The interests of minority shareholders": "N/A",
        "Total Cost of profits": -1372,
        "Profit after tax corporate income": 5491,
        "Volume": 301021552,
        "Close of Quarter": 4.8,
        "EPS": 44,
        "Non-adjusted EPS": 44,
        "PE": 109.1,
        "Book Price": 10.7
      }
    },
    {
      "quarter": "Q3 2016",
      "income status": {
        "Net sales": 266557,
        "Cost of goods sold": 934559,
        "Gross Profit": -668002,
        "Financial expenses": 3595,
        "Of which: Interest expense": "N/A",
        "Cost of sales": 10707,
        "Enterprise cost management": 204212,
        "Total Operating Expenses": 218514,
        "Total revenue financing activities": -34739,
        "Net profit from business activities": 27606,
        "Profit": -27162,
        "Profit before tax": 444,
        "Present corporate income tax expenses": -89,
        "Deferred income taxes expenses": "N/A",
        "The interests of minority shareholders": "N/A",
        "Total Cost of profits": -89,
        "Profit after tax corporate income": 355,
        "Volume": 301021552,
        "Close of Quarter": 5.8,
        "EPS": 53,
        "Non-adjusted EPS": 53,
        "PE": 109.4,
        "Book Price": 10.7
      }
    },
    {
      "quarter": "Q2 2016",
      "income status": {
        "Net sales": 246032,
        "Cost of goods sold": 876153,
        "Gross Profit": -630121,
        "Financial expenses": 5511,
        "Of which: Interest expense": "N/A",
        "Cost of sales": 9131,
        "Enterprise cost management": 198109,
        "Total Operating Expenses": 212751,
        "Total revenue financing activities": 8469,
        "Net profit from business activities": 56392,
        "Profit": -58363,
        "Profit before tax": -1971,
        "Present corporate income tax expenses": 609,
        "Deferred income taxes expenses": "N/A",
        "The interests of minority shareholders": "N/A",
        "Total Cost of profits": 609,
        "Profit after tax corporate income": -1362,
        "Volume": 301021552,
        "Close of Quarter": 5.6,
        "EPS": 54,
        "Non-adjusted EPS": 54,
        "PE": 103.7,
        "Book Price": 10.7
      }
    },
    {
      "quarter": "Q1 2016",
      "income status": {
        "Net sales": 159478,
        "Cost of goods sold": 756259,
        "Gross Profit": -596781,
        "Financial expenses": 2903,
        "Of which: Interest expense": "N/A",
        "Cost of sales": 8720,
        "Enterprise cost management": 149024,
        "Total Operating Expenses": 160647,
        "Total revenue financing activities": 758,
        "Net profit from business activities": 11212,
        "Profit": "N/A",
        "Profit before tax": 11212,
        "Present corporate income tax expenses": -2457,
        "Deferred income taxes expenses": "N/A",
        "The interests of minority shareholders": "N/A",
        "Total Cost of profits": -2457,
        "Profit after tax corporate income": 8755,
        "Volume": 301021552,
        "Close of Quarter": 5.7,
        "EPS": -2,
        "Non-adjusted EPS": -2,
        "PE": -2850,
        "Book Price": 10.7
      }
    },
    {
      "quarter": "Q4 2015",
      "income status": {
        "Net sales": 207592,
        "Cost of goods sold": 740947,
        "Gross Profit": -533355,
        "Financial expenses": 7624,
        "Of which: Interest expense": "N/A",
        "Cost of sales": 8834,
        "Enterprise cost management": 163356,
        "Total Operating Expenses": 179814,
        "Total revenue financing activities": -4756,
        "Net profit from business activities": 39480,
        "Profit": -29735,
        "Profit before tax": 9745,
        "Present corporate income tax expenses": -1528,
        "Deferred income taxes expenses": "N/A",
        "The interests of minority shareholders": "N/A",
        "Total Cost of profits": -1528,
        "Profit after tax corporate income": 8217,
        "Volume": 301021552,
        "Close of Quarter": 6.6,
        "EPS": 21,
        "Non-adjusted EPS": 21,
        "PE": 314.3,
        "Book Price": 10.7
      }
    },
    {
      "quarter": "Q3 2015",
      "income status": {
        "Net sales": 235211,
        "Cost of goods sold": 748585,
        "Gross Profit": -513374,
        "Financial expenses": 12816,
        "Of which: Interest expense": "N/A",
        "Cost of sales": 10977,
        "Enterprise cost management": 179429,
        "Total Operating Expenses": 203222,
        "Total revenue financing activities": -5827,
        "Net profit from business activities": 49954,
        "Profit": -49192,
        "Profit before tax": 762,
        "Present corporate income tax expenses": -123,
        "Deferred income taxes expenses": "N/A",
        "The interests of minority shareholders": "N/A",
        "Total Cost of profits": -123,
        "Profit after tax corporate income": 639,
        "Volume": 301021552,
        "Close of Quarter": 6.7,
        "EPS": -13,
        "Non-adjusted EPS": -13,
        "PE": -515.4,
        "Book Price": 10.7
      }
    },
    {
      "quarter": "Q2 2015",
      "income status": {
        "Net sales": 637800,
        "Cost of goods sold": 477200,
        "Gross Profit": 160600,
        "Financial expenses": 3328,
        "Of which: Interest expense": "N/A",
        "Cost of sales": 4860,
        "Enterprise cost management": 166519,
        "Total Operating Expenses": 174707,
        "Total revenue financing activities": 64979,
        "Net profit from business activities": 1178,
        "Profit": 24238,
        "Profit before tax": 25416,
        "Present corporate income tax expenses": -5,
        "Deferred income taxes expenses": "N/A",
        "The interests of minority shareholders": "N/A",
        "Total Cost of profits": -5,
        "Profit after tax corporate income": -18255,
        "Volume": 301021552,
        "Close of Quarter": 6.9,
        "EPS": 7,
        "Non-adjusted EPS": 7,
        "PE": 985.7,
        "Book Price": 10.7
      }
    },
    {
      "quarter": "Q1 2015",
      "income status": {
        "Net sales": 623952,
        "Cost of goods sold": 464476,
        "Gross Profit": 159476,
        "Financial expenses": 2314,
        "Of which: Interest expense": "N/A",
        "Cost of sales": 5592,
        "Enterprise cost management": 155964,
        "Total Operating Expenses": 163870,
        "Total revenue financing activities": 24418,
        "Net profit from business activities": 20024,
        "Profit": "N/A",
        "Profit before tax": 20024,
        "Present corporate income tax expenses": -4407,
        "Deferred income taxes expenses": "N/A",
        "The interests of minority shareholders": "N/A",
        "Total Cost of profits": -4407,
        "Profit after tax corporate income": 15616,
        "Volume": 301021552,
        "Close of Quarter": 6.4,
        "EPS": 69,
        "Non-adjusted EPS": 69,
        "PE": 92.8,
        "Book Price": 10.7
      }
    },
    {
      "quarter": "Q4 2014",
      "income status": {
        "Net sales": 583253,
        "Cost of goods sold": 455474,
        "Gross Profit": 127779,
        "Financial expenses": 1564,
        "Of which: Interest expense": "N/A",
        "Cost of sales": 8490,
        "Enterprise cost management": 178339,
        "Total Operating Expenses": 188393,
        "Total revenue financing activities": 64235,
        "Net profit from business activities": 3622,
        "Profit": -5595,
        "Profit before tax": -1973,
        "Present corporate income tax expenses": "N/A",
        "Deferred income taxes expenses": "N/A",
        "The interests of minority shareholders": "N/A",
        "Total Cost of profits": 0,
        "Profit after tax corporate income": -1973,
        "Volume": 301021552,
        "Close of Quarter": 6.8,
        "EPS": 25,
        "Non-adjusted EPS": 25,
        "PE": 272,
        "Book Price": 10.7
      }
    },
    {
      "quarter": "Q3 2014",
      "income status": {
        "Net sales": 676238,
        "Cost of goods sold": 480366,
        "Gross Profit": 195872,
        "Financial expenses": 746,
        "Of which: Interest expense": "N/A",
        "Cost of sales": 4748,
        "Enterprise cost management": 155936,
        "Total Operating Expenses": 161430,
        "Total revenue financing activities": -2138,
        "Net profit from business activities": 32306,
        "Profit": -24209,
        "Profit before tax": 8096,
        "Present corporate income tax expenses": -1251,
        "Deferred income taxes expenses": "N/A",
        "The interests of minority shareholders": "N/A",
        "Total Cost of profits": -1251,
        "Profit after tax corporate income": 6845,
        "Volume": 301021552,
        "Close of Quarter": 6.8,
        "EPS": 77,
        "Non-adjusted EPS": 77,
        "PE": 88.3,
        "Book Price": 10.7
      }
    },
    {
      "quarter": "Q2 2014",
      "income status": {
        "Net sales": 627862,
        "Cost of goods sold": 479095,
        "Gross Profit": 148767,
        "Financial expenses": 2745,
        "Of which: Interest expense": "N/A",
        "Cost of sales": 4075,
        "Enterprise cost management": 134070,
        "Total Operating Expenses": 140890,
        "Total revenue financing activities": 27755,
        "Net profit from business activities": 35632,
        "Profit": -35294,
        "Profit before tax": 338,
        "Present corporate income tax expenses": -133,
        "Deferred income taxes expenses": -60,
        "The interests of minority shareholders": "N/A",
        "Total Cost of profits": -193,
        "Profit after tax corporate income": 264,
        "Volume": 301021552,
        "Close of Quarter": 6.6,
        "EPS": 63,
        "Non-adjusted EPS": 63,
        "PE": 104.8,
        "Book Price": 10.7
      }
    },
    {
      "quarter": "Q1 2014",
      "income status": {
        "Net sales": 566976,
        "Cost of goods sold": 438913,
        "Gross Profit": 128063,
        "Financial expenses": 2168,
        "Of which: Interest expense": "N/A",
        "Cost of sales": 5345,
        "Enterprise cost management": 135366,
        "Total Operating Expenses": 142879,
        "Total revenue financing activities": 17969,
        "Net profit from business activities": 3153,
        "Profit": "N/A",
        "Profit before tax": 3153,
        "Present corporate income tax expenses": -695,
        "Deferred income taxes expenses": "N/A",
        "The interests of minority shareholders": "N/A",
        "Total Cost of profits": -695,
        "Profit after tax corporate income": 2458,
        "Volume": 301021552,
        "Close of Quarter": 6.9,
        "EPS": -4,
        "Non-adjusted EPS": -4,
        "PE": -1725,
        "Book Price": 10.7
      }
    },
    {
      "quarter": "Q4 2013",
      "income status": {
        "Net sales": 514849,
        "Cost of goods sold": 390646,
        "Gross Profit": 124203,
        "Financial expenses": 37484,
        "Of which: Interest expense": "N/A",
        "Cost of sales": 6798,
        "Enterprise cost management": 191055,
        "Total Operating Expenses": 235337,
        "Total revenue financing activities": 115590,
        "Net profit from business activities": 4455,
        "Profit": 13729,
        "Profit before tax": 18184,
        "Present corporate income tax expenses": -4546,
        "Deferred income taxes expenses": "N/A",
        "The interests of minority shareholders": "N/A",
        "Total Cost of profits": -4546,
        "Profit after tax corporate income": 13638,
        "Volume": 301021552,
        "Close of Quarter": 7,
        "EPS": 61,
        "Non-adjusted EPS": 61,
        "PE": 114.8,
        "Book Price": 10.7
      }
    },
    {
      "quarter": "Q3 2013",
      "income status": {
        "Net sales": 532374,
        "Cost of goods sold": 351458,
        "Gross Profit": 180917,
        "Financial expenses": 958,
        "Of which: Interest expense": "N/A",
        "Cost of sales": 3443,
        "Enterprise cost management": 162255,
        "Total Operating Expenses": 166656,
        "Total revenue financing activities": 5571,
        "Net profit from business activities": 19833,
        "Profit": -16549,
        "Profit before tax": 3284,
        "Present corporate income tax expenses": -821,
        "Deferred income taxes expenses": "N/A",
        "The interests of minority shareholders": "N/A",
        "Total Cost of profits": -821,
        "Profit after tax corporate income": 2463,
        "Volume": 301021552,
        "Close of Quarter": 7,
        "EPS": 37,
        "Non-adjusted EPS": 37,
        "PE": 189.2,
        "Book Price": 10.6
      }
    },
    {
      "quarter": "Q2 2013",
      "income status": {
        "Net sales": 367341,
        "Cost of goods sold": 242548,
        "Gross Profit": 124793,
        "Financial expenses": 491,
        "Of which: Interest expense": "N/A",
        "Cost of sales": 3241,
        "Enterprise cost management": 128750,
        "Total Operating Expenses": 132482,
        "Total revenue financing activities": 11195,
        "Net profit from business activities": 3507,
        "Profit": 22385,
        "Profit before tax": -18878,
        "Present corporate income tax expenses": 740,
        "Deferred income taxes expenses": "N/A",
        "The interests of minority shareholders": "N/A",
        "Total Cost of profits": 740,
        "Profit after tax corporate income": -19618,
        "Volume": 301021552,
        "Close of Quarter": 7,
        "EPS": 175,
        "Non-adjusted EPS": 175,
        "PE": 40,
        "Book Price": 10.6
      }
    },
    {
      "quarter": "Q1 2013",
      "income status": {
        "Net sales": 714089,
        "Cost of goods sold": 563585,
        "Gross Profit": 150504,
        "Financial expenses": 562,
        "Of which: Interest expense": "N/A",
        "Cost of sales": 3138,
        "Enterprise cost management": 127262,
        "Total Operating Expenses": 130962,
        "Total revenue financing activities": 2287,
        "Net profit from business activities": 21831,
        "Profit": "N/A",
        "Profit before tax": 21831,
        "Present corporate income tax expenses": "N/A",
        "Deferred income taxes expenses": "N/A",
        "The interests of minority shareholders": "N/A",
        "Total Cost of profits": 0,
        "Profit after tax corporate income": 21831,
        "Volume": 301021552,
        "Close of Quarter": 6.9,
        "EPS": 398,
        "Non-adjusted EPS": 398,
        "PE": 17.3,
        "Book Price": 46.8
      }
    },
    {
      "quarter": "Q3 2012",
      "income status": {
        "Net sales": 534726,
        "Cost of goods sold": 401234,
        "Gross Profit": 133492,
        "Financial expenses": 489,
        "Of which: Interest expense": "N/A",
        "Cost of sales": 3454,
        "Enterprise cost management": 121233,
        "Total Operating Expenses": 125176,
        "Total revenue financing activities": 6686,
        "Net profit from business activities": 15002,
        "Profit": 6234,
        "Profit before tax": 8769,
        "Present corporate income tax expenses": 2192,
        "Deferred income taxes expenses": "N/A",
        "The interests of minority shareholders": "N/A",
        "Total Cost of profits": 2192,
        "Profit after tax corporate income": 6576,
        "Volume": 301021552,
        "Close of Quarter": 7.5,
        "EPS": 435,
        "Non-adjusted EPS": 435,
        "PE": 17.2,
        "Book Price": 10.9
      }
    },
    {
      "quarter": "Q2 2012",
      "income status": {
        "Net sales": 721179,
        "Cost of goods sold": 530245,
        "Gross Profit": 190934,
        "Financial expenses": 651,
        "Of which: Interest expense": "N/A",
        "Cost of sales": 2968,
        "Enterprise cost management": 125178,
        "Total Operating Expenses": 128797,
        "Total revenue financing activities": 6885,
        "Net profit from business activities": 69021,
        "Profit": 10651,
        "Profit before tax": 58370,
        "Present corporate income tax expenses": 14593,
        "Deferred income taxes expenses": "N/A",
        "The interests of minority shareholders": "N/A",
        "Total Cost of profits": 14593,
        "Profit after tax corporate income": 43778,
        "Volume": 301021552,
        "Close of Quarter": 8,
        "EPS": 586,
        "Non-adjusted EPS": 586,
        "PE": 13.7,
        "Book Price": 10.9
      }
    },
    {
      "quarter": "Q1 2012",
      "income status": {
        "Net sales": 770608,
        "Cost of goods sold": 565646,
        "Gross Profit": 204962,
        "Financial expenses": 203,
        "Of which: Interest expense": "N/A",
        "Cost of sales": 4936,
        "Enterprise cost management": 128181,
        "Total Operating Expenses": 133320,
        "Total revenue financing activities": 6149,
        "Net profit from business activities": 77791,
        "Profit": 14135,
        "Profit before tax": 63656,
        "Present corporate income tax expenses": 15914,
        "Deferred income taxes expenses": "N/A",
        "The interests of minority shareholders": "N/A",
        "Total Cost of profits": 15914,
        "Profit after tax corporate income": 47742,
        "Volume": 301021552,
        "Close of Quarter": 8,
        "EPS": 558,
        "Non-adjusted EPS": 558,
        "PE": 14.3,
        "Book Price": 11
      }
    },
    {
      "quarter": "Q4 2011",
      "income status": {
        "Net sales": 725062,
        "Cost of goods sold": 511535,
        "Gross Profit": 213527,
        "Financial expenses": 554,
        "Of which: Interest expense": "N/A",
        "Cost of sales": 5412,
        "Enterprise cost management": 113838,
        "Total Operating Expenses": 119804,
        "Total revenue financing activities": -12235,
        "Net profit from business activities": 81488,
        "Profit": 37721,
        "Profit before tax": 43768,
        "Present corporate income tax expenses": 10942,
        "Deferred income taxes expenses": "N/A",
        "The interests of minority shareholders": "N/A",
        "Total Cost of profits": 10942,
        "Profit after tax corporate income": 32826,
        "Volume": 301021552,
        "Close of Quarter": 7.8,
        "EPS": 600,
        "Non-adjusted EPS": 600,
        "PE": 13,
        "Book Price": 10.7
      }
    },
    {
      "quarter": "Q3 2011",
      "income status": {
        "Net sales": 759892,
        "Cost of goods sold": 543548,
        "Gross Profit": 216345,
        "Financial expenses": 181,
        "Of which: Interest expense": "N/A",
        "Cost of sales": 3545,
        "Enterprise cost management": 94727,
        "Total Operating Expenses": 98453,
        "Total revenue financing activities": -34626,
        "Net profit from business activities": 83265,
        "Profit": 14004,
        "Profit before tax": 69261,
        "Present corporate income tax expenses": 17315,
        "Deferred income taxes expenses": "N/A",
        "The interests of minority shareholders": "N/A",
        "Total Cost of profits": 17315,
        "Profit after tax corporate income": 51946,
        "Volume": 182023485,
        "Close of Quarter": 8.1,
        "EPS": 635.5,
        "Non-adjusted EPS": 1051,
        "PE": 7.8,
        "Book Price": 10.6
      }
    },
    {
      "quarter": "Q2 2011",
      "income status": {
        "Net sales": 666292,
        "Cost of goods sold": 488943,
        "Gross Profit": 177349,
        "Financial expenses": 59,
        "Of which: Interest expense": "N/A",
        "Cost of sales": 3277,
        "Enterprise cost management": 85742,
        "Total Operating Expenses": 89078,
        "Total revenue financing activities": -3059,
        "Net profit from business activities": 85212,
        "Profit": -17759,
        "Profit before tax": 67454,
        "Present corporate income tax expenses": -31977,
        "Deferred income taxes expenses": "N/A",
        "The interests of minority shareholders": "N/A",
        "Total Cost of profits": -31977,
        "Profit after tax corporate income": 35477,
        "Volume": 182023485,
        "Close of Quarter": 8.4,
        "EPS": 656.7,
        "Non-adjusted EPS": 1086,
        "PE": 7.8,
        "Book Price": 10.4
      }
    },
    {
      "quarter": "Q1 2011",
      "income status": {
        "Net sales": 540036,
        "Cost of goods sold": 407689,
        "Gross Profit": 132347,
        "Financial expenses": 35,
        "Of which: Interest expense": "N/A",
        "Cost of sales": 3248,
        "Enterprise cost management": 83757,
        "Total Operating Expenses": 87040,
        "Total revenue financing activities": 15146,
        "Net profit from business activities": 60454,
        "Profit": "N/A",
        "Profit before tax": 60454,
        "Present corporate income tax expenses": "N/A",
        "Deferred income taxes expenses": "N/A",
        "The interests of minority shareholders": "N/A",
        "Total Cost of profits": 0,
        "Profit after tax corporate income": 60454,
        "Volume": 182023485,
        "Close of Quarter": 8.2,
        "EPS": 732.3,
        "Non-adjusted EPS": 1211,
        "PE": 6.8,
        "Book Price": 10.9
      }
    },
    {
      "quarter": "Q4 2010",
      "income status": {
        "Net sales": 464845,
        "Cost of goods sold": 327420,
        "Gross Profit": 137426,
        "Financial expenses": 283,
        "Of which: Interest expense": "N/A",
        "Cost of sales": 3023,
        "Enterprise cost management": 92805,
        "Total Operating Expenses": 96111,
        "Total revenue financing activities": 19114,
        "Net profit from business activities": 60430,
        "Profit": -2470,
        "Profit before tax": 57960,
        "Present corporate income tax expenses": -14490,
        "Deferred income taxes expenses": "N/A",
        "The interests of minority shareholders": "N/A",
        "Total Cost of profits": -14490,
        "Profit after tax corporate income": 43470,
        "Volume": 182023485,
        "Close of Quarter": 10.2,
        "EPS": 582.9,
        "Non-adjusted EPS": 964,
        "PE": 10.6,
        "Book Price": 6.7
      }
    },
    {
      "quarter": "Q3 2010",
      "income status": {
        "Net sales": 433674,
        "Cost of goods sold": 284048,
        "Gross Profit": 149627,
        "Financial expenses": 440,
        "Of which: Interest expense": "N/A",
        "Cost of sales": 2338,
        "Enterprise cost management": 66041,
        "Total Operating Expenses": 68819,
        "Total revenue financing activities": 8012,
        "Net profit from business activities": 88820,
        "Profit": -11215,
        "Profit before tax": 77605,
        "Present corporate income tax expenses": -19401,
        "Deferred income taxes expenses": "N/A",
        "The interests of minority shareholders": "N/A",
        "Total Cost of profits": -19401,
        "Profit after tax corporate income": 58204,
        "Volume": 100000000,
        "Close of Quarter": 9.1,
        "EPS": 579.0,
        "Non-adjusted EPS": 1743,
        "PE": 5.2,
        "Book Price": 4.0
      }
    },
    {
      "quarter": "Q2 2010",
      "income status": {
        "Net sales": 416919,
        "Cost of goods sold": 278941,
        "Gross Profit": 137978,
        "Financial expenses": 142,
        "Of which: Interest expense": "N/A",
        "Cost of sales": 2434,
        "Enterprise cost management": 58663,
        "Total Operating Expenses": 61239,
        "Total revenue financing activities": 9823,
        "Net profit from business activities": 86563,
        "Profit": -28233,
        "Profit before tax": 58329,
        "Present corporate income tax expenses": "N/A",
        "Deferred income taxes expenses": "N/A",
        "The interests of minority shareholders": "N/A",
        "Total Cost of profits": 0,
        "Profit after tax corporate income": 58329,
        "Volume": 100000000,
        "Close of Quarter": "N/A",
        "EPS": 385.7,
        "Non-adjusted EPS": 1161,
        "PE": "N/A",
        "Book Price": "N/A"
      }
    },
    {
      "quarter": "Q1 2010",
      "income status": {
        "Net sales": 399311,
        "Cost of goods sold": 334077,
        "Gross Profit": 65234,
        "Financial expenses": 41,
        "Of which: Interest expense": "N/A",
        "Cost of sales": 2132,
        "Enterprise cost management": 57663,
        "Total Operating Expenses": 59836,
        "Total revenue financing activities": 10056,
        "Net profit from business activities": 15454,
        "Profit": "N/A",
        "Profit before tax": 15454,
        "Present corporate income tax expenses": "N/A",
        "Deferred income taxes expenses": "N/A",
        "The interests of minority shareholders": "N/A",
        "Total Cost of profits": 0,
        "Profit after tax corporate income": 15454,
        "Volume": 100000000,
        "Close of Quarter": "N/A",
        "EPS": 192.0,
        "Non-adjusted EPS": 578,
        "PE": "N/A",
        "Book Price": "N/A"
      }
    },
    {
      "quarter": "Q4 2009",
      "income status": {
        "Net sales": 403103,
        "Cost of goods sold": 335888,
        "Gross Profit": 67215,
        "Financial expenses": 93,
        "Of which: Interest expense": "N/A",
        "Cost of sales": 3224,
        "Enterprise cost management": 53579,
        "Total Operating Expenses": 56896,
        "Total revenue financing activities": 103836,
        "Net profit from business activities": 114156,
        "Profit": -58116,
        "Profit before tax": 56039,
        "Present corporate income tax expenses": -13707,
        "Deferred income taxes expenses": "N/A",
        "The interests of minority shareholders": "N/A",
        "Total Cost of profits": -13707,
        "Profit after tax corporate income": 42332,
        "Volume": 100000000,
        "Close of Quarter": "N/A",
        "EPS": 140.5,
        "Non-adjusted EPS": 423,
        "PE": "N/A",
        "Book Price": "N/A"
      }
    }
  ]
}