{
  "ticker": "QNC",
  "data": [
    {
      "quarter": "Q1 2017",
      "income status": {
        "Net sales": 173880,
        "Cost of goods sold": 137139,
        "Gross Profit": 36742,
        "Financial expenses": 13121,
        "Of which: Interest expense": 12428,
        "Cost of sales": 11875,
        "Enterprise cost management": 5010,
        "Total Operating Expenses": 30006,
        "Total revenue financing activities": 17,
        "Net profit from business activities": 6794,
        "Profit": 151,
        "Profit before tax": 6945,
        "Present corporate income tax expenses": 1443,
        "Deferred income taxes expenses": "N/A",
        "The interests of minority shareholders": -134,
        "Total Cost of profits": 1309,
        "Profit after tax corporate income": 5636,
        "Volume": 18375109,
        "Close of Quarter": 3.4,
        "EPS": -2138,
        "Non-adjusted EPS": -2138,
        "PE": -1.6,
        "Book Price": 11.3
      }
    },
    {
      "quarter": "Q4 2016",
      "income status": {
        "Net sales": 335849,
        "Cost of goods sold": 312062,
        "Gross Profit": 23787,
        "Financial expenses": 22571,
        "Of which: Interest expense": 20574,
        "Cost of sales": 7260,
        "Enterprise cost management": 19525,
        "Total Operating Expenses": 49356,
        "Total revenue financing activities": 1223,
        "Net profit from business activities": -24314,
        "Profit": 550,
        "Profit before tax": -23765,
        "Present corporate income tax expenses": 254,
        "Deferred income taxes expenses": "N/A",
        "The interests of minority shareholders": -27,
        "Total Cost of profits": 227,
        "Profit after tax corporate income": -23991,
        "Volume": 18375109,
        "Close of Quarter": 4.8,
        "EPS": -3519,
        "Non-adjusted EPS": -3519,
        "PE": -1.4,
        "Book Price": 7.7
      }
    },
    {
      "quarter": "Q3 2016",
      "income status": {
        "Net sales": 315117,
        "Cost of goods sold": 256469,
        "Gross Profit": 58648,
        "Financial expenses": 18874,
        "Of which: Interest expense": 18636,
        "Cost of sales": 48629,
        "Enterprise cost management": 5893,
        "Total Operating Expenses": 73396,
        "Total revenue financing activities": 968,
        "Net profit from business activities": -13798,
        "Profit": 839,
        "Profit before tax": -12958,
        "Present corporate income tax expenses": 144,
        "Deferred income taxes expenses": "N/A",
        "The interests of minority shareholders": 198,
        "Total Cost of profits": 342,
        "Profit after tax corporate income": -13300,
        "Volume": 18375109,
        "Close of Quarter": 5.5,
        "EPS": -2419,
        "Non-adjusted EPS": -2419,
        "PE": -2.3,
        "Book Price": 9
      }
    },
    {
      "quarter": "Q2 2016",
      "income status": {
        "Net sales": 237521,
        "Cost of goods sold": 212076,
        "Gross Profit": 25445,
        "Financial expenses": 20186,
        "Of which: Interest expense": 18156,
        "Cost of sales": 7328,
        "Enterprise cost management": 9000,
        "Total Operating Expenses": 36514,
        "Total revenue financing activities": 1456,
        "Net profit from business activities": -9785,
        "Profit": 3266,
        "Profit before tax": -6518,
        "Present corporate income tax expenses": 373,
        "Deferred income taxes expenses": "N/A",
        "The interests of minority shareholders": 733,
        "Total Cost of profits": 1106,
        "Profit after tax corporate income": -7624,
        "Volume": 18375109,
        "Close of Quarter": 5.6,
        "EPS": -1604,
        "Non-adjusted EPS": -1604,
        "PE": -3.5,
        "Book Price": 9.8
      }
    },
    {
      "quarter": "Q1 2016",
      "income status": {
        "Net sales": 182499,
        "Cost of goods sold": 170034,
        "Gross Profit": 12465,
        "Financial expenses": 17765,
        "Of which: Interest expense": 17400,
        "Cost of sales": 2418,
        "Enterprise cost management": 12475,
        "Total Operating Expenses": 32658,
        "Total revenue financing activities": 174,
        "Net profit from business activities": -19859,
        "Profit": 161,
        "Profit before tax": -19698,
        "Present corporate income tax expenses": "N/A",
        "Deferred income taxes expenses": "N/A",
        "The interests of minority shareholders": 45,
        "Total Cost of profits": 45,
        "Profit after tax corporate income": -19743,
        "Volume": 18375109,
        "Close of Quarter": 7.4,
        "EPS": -1029,
        "Non-adjusted EPS": -1029,
        "PE": -7.2,
        "Book Price": 9.8
      }
    },
    {
      "quarter": "Q4 2015",
      "income status": {
        "Net sales": 233454,
        "Cost of goods sold": 205629,
        "Gross Profit": 27825,
        "Financial expenses": 27503,
        "Of which: Interest expense": 16556,
        "Cost of sales": 1174,
        "Enterprise cost management": 8753,
        "Total Operating Expenses": 37430,
        "Total revenue financing activities": 288,
        "Net profit from business activities": -8962,
        "Profit": 5673,
        "Profit before tax": -3290,
        "Present corporate income tax expenses": 494,
        "Deferred income taxes expenses": -20,
        "The interests of minority shareholders": 26,
        "Total Cost of profits": 500,
        "Profit after tax corporate income": -3789,
        "Volume": 18375109,
        "Close of Quarter": 5.6,
        "EPS": 185,
        "Non-adjusted EPS": 185,
        "PE": 30.3,
        "Book Price": 10.9
      }
    },
    {
      "quarter": "Q3 2015",
      "income status": {
        "Net sales": 222332,
        "Cost of goods sold": 190888,
        "Gross Profit": 31444,
        "Financial expenses": 17301,
        "Of which: Interest expense": 16923,
        "Cost of sales": 1082,
        "Enterprise cost management": 12923,
        "Total Operating Expenses": 31306,
        "Total revenue financing activities": 518,
        "Net profit from business activities": 832,
        "Profit": 1297,
        "Profit before tax": 2129,
        "Present corporate income tax expenses": 30,
        "Deferred income taxes expenses": 367,
        "The interests of minority shareholders": 50,
        "Total Cost of profits": 447,
        "Profit after tax corporate income": 1683,
        "Volume": 18375109,
        "Close of Quarter": 6,
        "EPS": 733,
        "Non-adjusted EPS": 733,
        "PE": 8.2,
        "Book Price": 11.1
      }
    },
    {
      "quarter": "Q2 2015",
      "income status": {
        "Net sales": 253853,
        "Cost of goods sold": 220609,
        "Gross Profit": 33244,
        "Financial expenses": 20513,
        "Of which: Interest expense": 19949,
        "Cost of sales": 1877,
        "Enterprise cost management": 12857,
        "Total Operating Expenses": 35247,
        "Total revenue financing activities": 5563,
        "Net profit from business activities": 3564,
        "Profit": 1517,
        "Profit before tax": 5080,
        "Present corporate income tax expenses": 1169,
        "Deferred income taxes expenses": 13,
        "The interests of minority shareholders": 962,
        "Total Cost of profits": 2144,
        "Profit after tax corporate income": 2936,
        "Volume": 18375109,
        "Close of Quarter": 7.1,
        "EPS": 738,
        "Non-adjusted EPS": 738,
        "PE": 9.6,
        "Book Price": 12
      }
    },
    {
      "quarter": "Q1 2015",
      "income status": {
        "Net sales": 208411,
        "Cost of goods sold": 169463,
        "Gross Profit": 38948,
        "Financial expenses": 19344,
        "Of which: Interest expense": 19318,
        "Cost of sales": 2156,
        "Enterprise cost management": 13845,
        "Total Operating Expenses": 35345,
        "Total revenue financing activities": 558,
        "Net profit from business activities": 4142,
        "Profit": -173,
        "Profit before tax": 3968,
        "Present corporate income tax expenses": 793,
        "Deferred income taxes expenses": 14,
        "The interests of minority shareholders": 600,
        "Total Cost of profits": 1407,
        "Profit after tax corporate income": 2561,
        "Volume": 18375109,
        "Close of Quarter": 8.2,
        "EPS": 693,
        "Non-adjusted EPS": 693,
        "PE": 11.8,
        "Book Price": 12.6
      }
    },
    {
      "quarter": "Q4 2014",
      "income status": {
        "Net sales": 303982,
        "Cost of goods sold": 296197,
        "Gross Profit": 7785,
        "Financial expenses": 20130,
        "Of which: Interest expense": 19625,
        "Cost of sales": 2545,
        "Enterprise cost management": 15737,
        "Total Operating Expenses": 38412,
        "Total revenue financing activities": 16466,
        "Net profit from business activities": -14294,
        "Profit": 26830,
        "Profit before tax": 12536,
        "Present corporate income tax expenses": 5297,
        "Deferred income taxes expenses": 451,
        "The interests of minority shareholders": 504,
        "Total Cost of profits": 6252,
        "Profit after tax corporate income": 6284,
        "Volume": 18375109,
        "Close of Quarter": 7.6,
        "EPS": 622,
        "Non-adjusted EPS": 622,
        "PE": 12.2,
        "Book Price": 12.4
      }
    },
    {
      "quarter": "Q3 2014",
      "income status": {
        "Net sales": 273532,
        "Cost of goods sold": 232123,
        "Gross Profit": 41409,
        "Financial expenses": 22632,
        "Of which: Interest expense": 22421,
        "Cost of sales": 2482,
        "Enterprise cost management": 14102,
        "Total Operating Expenses": 39216,
        "Total revenue financing activities": 1682,
        "Net profit from business activities": 4012,
        "Profit": -1591,
        "Profit before tax": 2421,
        "Present corporate income tax expenses": 436,
        "Deferred income taxes expenses": 24,
        "The interests of minority shareholders": 175,
        "Total Cost of profits": 635,
        "Profit after tax corporate income": 1786,
        "Volume": 18375109,
        "Close of Quarter": 6.0,
        "EPS": 411,
        "Non-adjusted EPS": 411,
        "PE": 14.5,
        "Book Price": 12
      }
    },
    {
      "quarter": "Q2 2014",
      "income status": {
        "Net sales": 424204,
        "Cost of goods sold": 381660,
        "Gross Profit": 42544,
        "Financial expenses": 23000,
        "Of which: Interest expense": 20938,
        "Cost of sales": 505,
        "Enterprise cost management": 15597,
        "Total Operating Expenses": 39102,
        "Total revenue financing activities": 238,
        "Net profit from business activities": 3681,
        "Profit": -708,
        "Profit before tax": 2972,
        "Present corporate income tax expenses": 1084,
        "Deferred income taxes expenses": -373,
        "The interests of minority shareholders": 160,
        "Total Cost of profits": 871,
        "Profit after tax corporate income": 2101,
        "Volume": 18375109,
        "Close of Quarter": 5.8,
        "EPS": 314,
        "Non-adjusted EPS": 314,
        "PE": 18.4,
        "Book Price": 12
      }
    },
    {
      "quarter": "Q1 2014",
      "income status": {
        "Net sales": 286615,
        "Cost of goods sold": 247099,
        "Gross Profit": 39517,
        "Financial expenses": 22944,
        "Of which: Interest expense": 22880,
        "Cost of sales": 4768,
        "Enterprise cost management": 12590,
        "Total Operating Expenses": 40302,
        "Total revenue financing activities": 923,
        "Net profit from business activities": 138,
        "Profit": 1604,
        "Profit before tax": 1742,
        "Present corporate income tax expenses": 249,
        "Deferred income taxes expenses": 16,
        "The interests of minority shareholders": 218,
        "Total Cost of profits": 483,
        "Profit after tax corporate income": 1259,
        "Volume": 18375109,
        "Close of Quarter": 7.0,
        "EPS": 429,
        "Non-adjusted EPS": 429,
        "PE": 16.2,
        "Book Price": 11.9
      }
    },
    {
      "quarter": "Q4 2013",
      "income status": {
        "Net sales": 339686,
        "Cost of goods sold": 289652,
        "Gross Profit": 50035,
        "Financial expenses": 32088,
        "Of which: Interest expense": 21790,
        "Cost of sales": 5007,
        "Enterprise cost management": 16697,
        "Total Operating Expenses": 53792,
        "Total revenue financing activities": 1167,
        "Net profit from business activities": -2590,
        "Profit": 5465,
        "Profit before tax": 4456,
        "Present corporate income tax expenses": 1563,
        "Deferred income taxes expenses": "N/A",
        "The interests of minority shareholders": 495,
        "Total Cost of profits": 2058,
        "Profit after tax corporate income": 2399,
        "Volume": 18375109,
        "Close of Quarter": 4.9,
        "EPS": 363,
        "Non-adjusted EPS": 363,
        "PE": 13.6,
        "Book Price": 11.2
      }
    },
    {
      "quarter": "Q3 2013",
      "income status": {
        "Net sales": 208086,
        "Cost of goods sold": 181448,
        "Gross Profit": 26638,
        "Financial expenses": 23394,
        "Of which: Interest expense": 21431,
        "Cost of sales": 3054,
        "Enterprise cost management": 2660,
        "Total Operating Expenses": 29108,
        "Total revenue financing activities": 1571,
        "Net profit from business activities": -898,
        "Profit": 2721,
        "Profit before tax": 476,
        "Present corporate income tax expenses": 401,
        "Deferred income taxes expenses": "N/A",
        "The interests of minority shareholders": 69,
        "Total Cost of profits": 470,
        "Profit after tax corporate income": 6,
        "Volume": 18375109,
        "Close of Quarter": 4.8,
        "EPS": 263,
        "Non-adjusted EPS": 263,
        "PE": 18.1,
        "Book Price": 11.4
      }
    },
    {
      "quarter": "Q2 2013",
      "income status": {
        "Net sales": 318811,
        "Cost of goods sold": 268542,
        "Gross Profit": 50269,
        "Financial expenses": 24782,
        "Of which: Interest expense": 20689,
        "Cost of sales": 3502,
        "Enterprise cost management": 23599,
        "Total Operating Expenses": 51883,
        "Total revenue financing activities": 2286,
        "Net profit from business activities": 673,
        "Profit": 4300,
        "Profit before tax": 5175,
        "Present corporate income tax expenses": 1232,
        "Deferred income taxes expenses": "N/A",
        "The interests of minority shareholders": -267,
        "Total Cost of profits": 965,
        "Profit after tax corporate income": 4210,
        "Volume": 18375109,
        "Close of Quarter": 4.6,
        "EPS": 265,
        "Non-adjusted EPS": 265,
        "PE": 17.3,
        "Book Price": 11.4
      }
    },
    {
      "quarter": "Q1 2013",
      "income status": {
        "Net sales": 392022,
        "Cost of goods sold": 339274,
        "Gross Profit": 52748,
        "Financial expenses": 23239,
        "Of which: Interest expense": 23119,
        "Cost of sales": 4748,
        "Enterprise cost management": 25799,
        "Total Operating Expenses": 53786,
        "Total revenue financing activities": 1849,
        "Net profit from business activities": 811,
        "Profit": 521,
        "Profit before tax": 896,
        "Present corporate income tax expenses": 327,
        "Deferred income taxes expenses": "N/A",
        "The interests of minority shareholders": 510,
        "Total Cost of profits": 837,
        "Profit after tax corporate income": 59,
        "Volume": 18375109,
        "Close of Quarter": 4.8,
        "EPS": 151,
        "Non-adjusted EPS": 151,
        "PE": 31.5,
        "Book Price": 11.2
      }
    },
    {
      "quarter": "Q4 2012",
      "income status": {
        "Net sales": 487254,
        "Cost of goods sold": 439098,
        "Gross Profit": 48156,
        "Financial expenses": 27091,
        "Of which: Interest expense": 25568,
        "Cost of sales": 5252,
        "Enterprise cost management": 25894,
        "Total Operating Expenses": 58237,
        "Total revenue financing activities": 3233,
        "Net profit from business activities": -6848,
        "Profit": 10096,
        "Profit before tax": 3248,
        "Present corporate income tax expenses": 1390,
        "Deferred income taxes expenses": "N/A",
        "The interests of minority shareholders": 1303,
        "Total Cost of profits": 2693,
        "Profit after tax corporate income": 555,
        "Volume": 18375109,
        "Close of Quarter": 4.8,
        "EPS": 182,
        "Non-adjusted EPS": 182,
        "PE": 26.2,
        "Book Price": 11.4
      }
    },
    {
      "quarter": "Q3 2012",
      "income status": {
        "Net sales": 357845,
        "Cost of goods sold": 312069,
        "Gross Profit": 45776,
        "Financial expenses": 24042,
        "Of which: Interest expense": 23860,
        "Cost of sales": 3396,
        "Enterprise cost management": 19942,
        "Total Operating Expenses": 47380,
        "Total revenue financing activities": 2263,
        "Net profit from business activities": 659,
        "Profit": -545,
        "Profit before tax": 114,
        "Present corporate income tax expenses": 489,
        "Deferred income taxes expenses": "N/A",
        "The interests of minority shareholders": -414,
        "Total Cost of profits": 75,
        "Profit after tax corporate income": 39,
        "Volume": 18375109,
        "Close of Quarter": 5.5,
        "EPS": 195,
        "Non-adjusted EPS": 195,
        "PE": 28.1,
        "Book Price": 11.5
      }
    },
    {
      "quarter": "Q2 2012",
      "income status": {
        "Net sales": 409284,
        "Cost of goods sold": 350126,
        "Gross Profit": 59158,
        "Financial expenses": 26343,
        "Of which: Interest expense": 26180,
        "Cost of sales": 3970,
        "Enterprise cost management": 23884,
        "Total Operating Expenses": 54197,
        "Total revenue financing activities": -1834,
        "Net profit from business activities": 3126,
        "Profit": 276,
        "Profit before tax": 3402,
        "Present corporate income tax expenses": 1060,
        "Deferred income taxes expenses": "N/A",
        "The interests of minority shareholders": 228,
        "Total Cost of profits": 1288,
        "Profit after tax corporate income": 2114,
        "Volume": 18375109,
        "Close of Quarter": 6.4,
        "EPS": 299,
        "Non-adjusted EPS": 299,
        "PE": 21.5,
        "Book Price": 11.5
      }
    },
    {
      "quarter": "Q1 2012",
      "income status": {
        "Net sales": 345623,
        "Cost of goods sold": 289336,
        "Gross Profit": 56287,
        "Financial expenses": 37530,
        "Of which: Interest expense": 37335,
        "Cost of sales": 3935,
        "Enterprise cost management": 20994,
        "Total Operating Expenses": 62459,
        "Total revenue financing activities": 6003,
        "Net profit from business activities": -169,
        "Profit": 840,
        "Profit before tax": 671,
        "Present corporate income tax expenses": 566,
        "Deferred income taxes expenses": "N/A",
        "The interests of minority shareholders": -532,
        "Total Cost of profits": 34,
        "Profit after tax corporate income": 637,
        "Volume": 18375109,
        "Close of Quarter": 6.0,
        "EPS": 849,
        "Non-adjusted EPS": 849,
        "PE": 7.1,
        "Book Price": 11.5
      }
    },
    {
      "quarter": "Q4 2011",
      "income status": {
        "Net sales": 523463,
        "Cost of goods sold": 441078,
        "Gross Profit": 82386,
        "Financial expenses": 52916,
        "Of which: Interest expense": 39124,
        "Cost of sales": 6940,
        "Enterprise cost management": 27690,
        "Total Operating Expenses": 87546,
        "Total revenue financing activities": 2436,
        "Net profit from business activities": -2724,
        "Profit": 5365,
        "Profit before tax": 2641,
        "Present corporate income tax expenses": 1275,
        "Deferred income taxes expenses": "N/A",
        "The interests of minority shareholders": 575,
        "Total Cost of profits": 1850,
        "Profit after tax corporate income": 791,
        "Volume": 18375109,
        "Close of Quarter": 5.6,
        "EPS": 1424,
        "Non-adjusted EPS": 1424,
        "PE": 3.9,
        "Book Price": 12.3
      }
    },
    {
      "quarter": "Q3 2011",
      "income status": {
        "Net sales": 369728,
        "Cost of goods sold": 299720,
        "Gross Profit": 70008,
        "Financial expenses": 43605,
        "Of which: Interest expense": 41641,
        "Cost of sales": 6943,
        "Enterprise cost management": 21373,
        "Total Operating Expenses": 71921,
        "Total revenue financing activities": 4990,
        "Net profit from business activities": 3077,
        "Profit": 324,
        "Profit before tax": 3401,
        "Present corporate income tax expenses": 1624,
        "Deferred income taxes expenses": "N/A",
        "The interests of minority shareholders": -176,
        "Total Cost of profits": 1448,
        "Profit after tax corporate income": 1953,
        "Volume": 18375109,
        "Close of Quarter": 8.0,
        "EPS": 2325,
        "Non-adjusted EPS": 2325,
        "PE": 3.5,
        "Book Price": 12.4
      }
    },
    {
      "quarter": "Q2 2011",
      "income status": {
        "Net sales": 437988,
        "Cost of goods sold": 343090,
        "Gross Profit": 94898,
        "Financial expenses": 47412,
        "Of which: Interest expense": 40206,
        "Cost of sales": 13616,
        "Enterprise cost management": 24826,
        "Total Operating Expenses": 85854,
        "Total revenue financing activities": 7975,
        "Net profit from business activities": 17019,
        "Profit": -46,
        "Profit before tax": 16973,
        "Present corporate income tax expenses": 4035,
        "Deferred income taxes expenses": "N/A",
        "The interests of minority shareholders": 715,
        "Total Cost of profits": 4750,
        "Profit after tax corporate income": 12223,
        "Volume": 17014729,
        "Close of Quarter": 9.0,
        "EPS": 2893.6,
        "Non-adjusted EPS": 3125,
        "PE": 2.9,
        "Book Price": 12.3
      }
    },
    {
      "quarter": "Q1 2011",
      "income status": {
        "Net sales": 299718,
        "Cost of goods sold": 229972,
        "Gross Profit": 69746,
        "Financial expenses": 33076,
        "Of which: Interest expense": 31616,
        "Cost of sales": 7275,
        "Enterprise cost management": 18432,
        "Total Operating Expenses": 58783,
        "Total revenue financing activities": 3833,
        "Net profit from business activities": 14797,
        "Profit": 235,
        "Profit before tax": 15031,
        "Present corporate income tax expenses": 3646,
        "Deferred income taxes expenses": "N/A",
        "The interests of minority shareholders": 178,
        "Total Cost of profits": 3824,
        "Profit after tax corporate income": 11207,
        "Volume": 17014729,
        "Close of Quarter": 12.9,
        "EPS": 2737.2,
        "Non-adjusted EPS": 2956,
        "PE": 4.4,
        "Book Price": 11.8
      }
    },
    {
      "quarter": "Q4 2010",
      "income status": {
        "Net sales": 429523,
        "Cost of goods sold": 335980,
        "Gross Profit": 93543,
        "Financial expenses": 40539,
        "Of which: Interest expense": 22460,
        "Cost of sales": 12143,
        "Enterprise cost management": 28969,
        "Total Operating Expenses": 81651,
        "Total revenue financing activities": 7294,
        "Net profit from business activities": 19186,
        "Profit": 3419,
        "Profit before tax": 22604,
        "Present corporate income tax expenses": 5268,
        "Deferred income taxes expenses": "N/A",
        "The interests of minority shareholders": "N/A",
        "Total Cost of profits": 5268,
        "Profit after tax corporate income": 17336,
        "Volume": 17014729,
        "Close of Quarter": 15.7,
        "EPS": 3019.6,
        "Non-adjusted EPS": 3261,
        "PE": 4.8,
        "Book Price": 11.9
      }
    },
    {
      "quarter": "Q3 2010",
      "income status": {
        "Net sales": 314899,
        "Cost of goods sold": 255461,
        "Gross Profit": 59438,
        "Financial expenses": 24472,
        "Of which: Interest expense": 21964,
        "Cost of sales": 12352,
        "Enterprise cost management": 18340,
        "Total Operating Expenses": 55164,
        "Total revenue financing activities": 1816,
        "Net profit from business activities": 6090,
        "Profit": 11036,
        "Profit before tax": 17183,
        "Present corporate income tax expenses": 3985,
        "Deferred income taxes expenses": "N/A",
        "The interests of minority shareholders": 789,
        "Total Cost of profits": 4774,
        "Profit after tax corporate income": 12409,
        "Volume": 17014729,
        "Close of Quarter": 16.4,
        "EPS": 3101.1,
        "Non-adjusted EPS": 3349,
        "PE": 4.9,
        "Book Price": 11.3
      }
    },
    {
      "quarter": "Q2 2010",
      "income status": {
        "Net sales": 376722,
        "Cost of goods sold": 312748,
        "Gross Profit": 63974,
        "Financial expenses": 34950,
        "Of which: Interest expense": 30628,
        "Cost of sales": 13432,
        "Enterprise cost management": 17831,
        "Total Operating Expenses": 66213,
        "Total revenue financing activities": 8298,
        "Net profit from business activities": 6059,
        "Profit": 6546,
        "Profit before tax": 12634,
        "Present corporate income tax expenses": 2842,
        "Deferred income taxes expenses": "N/A",
        "The interests of minority shareholders": 450,
        "Total Cost of profits": 3292,
        "Profit after tax corporate income": 9342,
        "Volume": 13293489,
        "Close of Quarter": 20.1,
        "EPS": 3663.6,
        "Non-adjusted EPS": 5064,
        "PE": 4.0,
        "Book Price": 11.8
      }
    },
    {
      "quarter": "Q1 2010",
      "income status": {
        "Net sales": 273710,
        "Cost of goods sold": 212162,
        "Gross Profit": 61549,
        "Financial expenses": 25412,
        "Of which: Interest expense": "N/A",
        "Cost of sales": 8972,
        "Enterprise cost management": 15799,
        "Total Operating Expenses": 50183,
        "Total revenue financing activities": 6417,
        "Net profit from business activities": 17783,
        "Profit": 1950,
        "Profit before tax": 19768,
        "Present corporate income tax expenses": 3077,
        "Deferred income taxes expenses": "N/A",
        "The interests of minority shareholders": 288,
        "Total Cost of profits": 3365,
        "Profit after tax corporate income": 16403,
        "Volume": 13293489,
        "Close of Quarter": 19.2,
        "EPS": 3934.1,
        "Non-adjusted EPS": 5438,
        "PE": 3.5,
        "Book Price": 12.3
      }
    },
    {
      "quarter": "Q4 2009",
      "income status": {
        "Net sales": 352925,
        "Cost of goods sold": 264990,
        "Gross Profit": 87935,
        "Financial expenses": 28239,
        "Of which: Interest expense": "N/A",
        "Cost of sales": 22645,
        "Enterprise cost management": 21335,
        "Total Operating Expenses": 72219,
        "Total revenue financing activities": 4742,
        "Net profit from business activities": 20459,
        "Profit": 6822,
        "Profit before tax": 27110,
        "Present corporate income tax expenses": 6614,
        "Deferred income taxes expenses": "N/A",
        "The interests of minority shareholders": 1664,
        "Total Cost of profits": 8278,
        "Profit after tax corporate income": 18832,
        "Volume": 13293489,
        "Close of Quarter": 19.3,
        "EPS": 3555.8,
        "Non-adjusted EPS": 4915,
        "PE": 3.9,
        "Book Price": 11.6
      }
    },
    {
      "quarter": "Q3 2009",
      "income status": {
        "Net sales": 242406,
        "Cost of goods sold": 189204,
        "Gross Profit": 53202,
        "Financial expenses": 13516,
        "Of which: Interest expense": "N/A",
        "Cost of sales": 4905,
        "Enterprise cost management": 14011,
        "Total Operating Expenses": 32432,
        "Total revenue financing activities": 3246,
        "Net profit from business activities": 24015,
        "Profit": 2341,
        "Profit before tax": 26805,
        "Present corporate income tax expenses": 3263,
        "Deferred income taxes expenses": "N/A",
        "The interests of minority shareholders": 796,
        "Total Cost of profits": 4059,
        "Profit after tax corporate income": 22746,
        "Volume": 13293489,
        "Close of Quarter": 19.9,
        "EPS": 2974.8,
        "Non-adjusted EPS": 4112,
        "PE": 4.9,
        "Book Price": 10.6
      }
    },
    {
      "quarter": "Q2 2009",
      "income status": {
        "Net sales": 215702,
        "Cost of goods sold": 166780,
        "Gross Profit": 48922,
        "Financial expenses": 15836,
        "Of which: Interest expense": "N/A",
        "Cost of sales": 8213,
        "Enterprise cost management": 14065,
        "Total Operating Expenses": 38114,
        "Total revenue financing activities": 3562,
        "Net profit from business activities": 14370,
        "Profit": 3524,
        "Profit before tax": 17897,
        "Present corporate income tax expenses": 2226,
        "Deferred income taxes expenses": "N/A",
        "The interests of minority shareholders": 1357,
        "Total Cost of profits": 3583,
        "Profit after tax corporate income": 14313,
        "Volume": 12424000,
        "Close of Quarter": 11.5,
        "EPS": 2437.5,
        "Non-adjusted EPS": 3605,
        "PE": 3.2,
        "Book Price": 10.7
      }
    },
    {
      "quarter": "Q1 2009",
      "income status": {
        "Net sales": 149599,
        "Cost of goods sold": 112234,
        "Gross Profit": 37365,
        "Financial expenses": 16046,
        "Of which: Interest expense": "N/A",
        "Cost of sales": 2550,
        "Enterprise cost management": 12294,
        "Total Operating Expenses": 30890,
        "Total revenue financing activities": 2847,
        "Net profit from business activities": 9321,
        "Profit": 2365,
        "Profit before tax": 11903,
        "Present corporate income tax expenses": 1996,
        "Deferred income taxes expenses": "N/A",
        "The interests of minority shareholders": 455,
        "Total Cost of profits": 2451,
        "Profit after tax corporate income": 9452,
        "Volume": 12424000,
        "Close of Quarter": 9.1,
        "EPS": 2529.4,
        "Non-adjusted EPS": 3741,
        "PE": 2.4,
        "Book Price": 10.8
      }
    },
    {
      "quarter": "Q4 2008",
      "income status": {
        "Net sales": 202142,
        "Cost of goods sold": 159987,
        "Gross Profit": 42155,
        "Financial expenses": 24408,
        "Of which: Interest expense": "N/A",
        "Cost of sales": 2888,
        "Enterprise cost management": 9902,
        "Total Operating Expenses": 37198,
        "Total revenue financing activities": 3132,
        "Net profit from business activities": 8089,
        "Profit": 4637,
        "Profit before tax": 13111,
        "Present corporate income tax expenses": 3892,
        "Deferred income taxes expenses": "N/A",
        "The interests of minority shareholders": 1073,
        "Total Cost of profits": 4965,
        "Profit after tax corporate income": 8147,
        "Volume": 12424000,
        "Close of Quarter": 8.9,
        "EPS": 2824.2,
        "Non-adjusted EPS": 4177,
        "PE": 2.1,
        "Book Price": 10.3
      }
    },
    {
      "quarter": "Q3 2008",
      "income status": {
        "Net sales": 187368,
        "Cost of goods sold": 141073,
        "Gross Profit": 46295,
        "Financial expenses": 19851,
        "Of which: Interest expense": "N/A",
        "Cost of sales": 4740,
        "Enterprise cost management": 12689,
        "Total Operating Expenses": 37280,
        "Total revenue financing activities": 3711,
        "Net profit from business activities": 12726,
        "Profit": 3534,
        "Profit before tax": 16337,
        "Present corporate income tax expenses": 2902,
        "Deferred income taxes expenses": "N/A",
        "The interests of minority shareholders": 552,
        "Total Cost of profits": 3454,
        "Profit after tax corporate income": 12882,
        "Volume": 12424000,
        "Close of Quarter": 13,
        "EPS": 3633.5,
        "Non-adjusted EPS": 5374,
        "PE": 2.4,
        "Book Price": 11.2
      }
    },
    {
      "quarter": "Q2 2008",
      "income status": {
        "Net sales": 178901,
        "Cost of goods sold": 129372,
        "Gross Profit": 49528,
        "Financial expenses": 27207,
        "Of which: Interest expense": "N/A",
        "Cost of sales": 2310,
        "Enterprise cost management": 12334,
        "Total Operating Expenses": 41851,
        "Total revenue financing activities": 7029,
        "Net profit from business activities": 14706,
        "Profit": 4193,
        "Profit before tax": 18964,
        "Present corporate income tax expenses": 1981,
        "Deferred income taxes expenses": "N/A",
        "The interests of minority shareholders": 990,
        "Total Cost of profits": 2971,
        "Profit after tax corporate income": 15994,
        "Volume": 12500000,
        "Close of Quarter": 9.2,
        "EPS": 3712.9,
        "Non-adjusted EPS": 5458,
        "PE": 1.7,
        "Book Price": 10.6
      }
    },
    {
      "quarter": "Q1 2008",
      "income status": {
        "Net sales": 168272,
        "Cost of goods sold": 129881,
        "Gross Profit": 38391,
        "Financial expenses": 18483,
        "Of which: Interest expense": "N/A",
        "Cost of sales": 1766,
        "Enterprise cost management": 13763,
        "Total Operating Expenses": 34012,
        "Total revenue financing activities": 10327,
        "Net profit from business activities": 14707,
        "Profit": 3856,
        "Profit before tax": 18755,
        "Present corporate income tax expenses": 3259,
        "Deferred income taxes expenses": "N/A",
        "The interests of minority shareholders": 623,
        "Total Cost of profits": 3882,
        "Profit after tax corporate income": 14872,
        "Volume": 12500000,
        "Close of Quarter": 12.7,
        "EPS": 3108.8,
        "Non-adjusted EPS": 4570,
        "PE": 2.8,
        "Book Price": 9.9
      }
    },
    {
      "quarter": "Q4 2007",
      "income status": {
        "Net sales": 196535,
        "Cost of goods sold": 143825,
        "Gross Profit": 52710,
        "Financial expenses": 25759,
        "Of which: Interest expense": "N/A",
        "Cost of sales": 3231,
        "Enterprise cost management": 12916,
        "Total Operating Expenses": 41906,
        "Total revenue financing activities": 13633,
        "Net profit from business activities": 24436,
        "Profit": 3882,
        "Profit before tax": 28695,
        "Present corporate income tax expenses": 5682,
        "Deferred income taxes expenses": "N/A",
        "The interests of minority shareholders": "N/A",
        "Total Cost of profits": 5682,
        "Profit after tax corporate income": 23014,
        "Volume": 12500000,
        "Close of Quarter": "N/A",
        "EPS": 3090.5,
        "Non-adjusted EPS": 4543,
        "PE": "N/A",
        "Book Price": 11.2
      }
    },
    {
      "quarter": "Q3 2007",
      "income status": {
        "Net sales": 147540,
        "Cost of goods sold": 115623,
        "Gross Profit": 31918,
        "Financial expenses": 10412,
        "Of which: Interest expense": "N/A",
        "Cost of sales": 3083,
        "Enterprise cost management": 15323,
        "Total Operating Expenses": 28818,
        "Total revenue financing activities": 4628,
        "Net profit from business activities": 7728,
        "Profit": 7284,
        "Profit before tax": 15012,
        "Present corporate income tax expenses": 671,
        "Deferred income taxes expenses": "N/A",
        "The interests of minority shareholders": "N/A",
        "Total Cost of profits": 671,
        "Profit after tax corporate income": 14341,
        "Volume": 12500000,
        "Close of Quarter": "N/A",
        "EPS": 1838.1,
        "Non-adjusted EPS": 2702,
        "PE": "N/A",
        "Book Price": 10.3
      }
    },
    {
      "quarter": "Q2 2007",
      "income status": {
        "Net sales": 127092,
        "Cost of goods sold": 103946,
        "Gross Profit": 23147,
        "Financial expenses": 17994,
        "Of which: Interest expense": "N/A",
        "Cost of sales": 4452,
        "Enterprise cost management": 10497,
        "Total Operating Expenses": 32943,
        "Total revenue financing activities": 10647,
        "Net profit from business activities": 850,
        "Profit": 4049,
        "Profit before tax": 4899,
        "Present corporate income tax expenses": "N/A",
        "Deferred income taxes expenses": "N/A",
        "The interests of minority shareholders": 5,
        "Total Cost of profits": 5,
        "Profit after tax corporate income": 4894,
        "Volume": 12500000,
        "Close of Quarter": "N/A",
        "EPS": 1057.8,
        "Non-adjusted EPS": 1555,
        "PE": "N/A",
        "Book Price": 9.3
      }
    },
    {
      "quarter": "Q1 2007",
      "income status": {
        "Net sales": 126448,
        "Cost of goods sold": 96628,
        "Gross Profit": 29819,
        "Financial expenses": 8063,
        "Of which: Interest expense": 8063,
        "Cost of sales": 2622,
        "Enterprise cost management": 10782,
        "Total Operating Expenses": 21467,
        "Total revenue financing activities": 4814,
        "Net profit from business activities": 13166,
        "Profit": 1371,
        "Profit before tax": 14538,
        "Present corporate income tax expenses": "N/A",
        "Deferred income taxes expenses": "N/A",
        "The interests of minority shareholders": "N/A",
        "Total Cost of profits": 0,
        "Profit after tax corporate income": 14538,
        "Volume": 12500000,
        "Close of Quarter": "N/A",
        "EPS": 791.2,
        "Non-adjusted EPS": 1163,
        "PE": "N/A",
        "Book Price": 7.1
      }
    }
  ]
}