{
  "ticker": "RIC",
  "data": [
    {
      "quarter": "Q1 2017",
      "income status": {
        "Net sales": 64946,
        "Cost of goods sold": 63696,
        "Gross Profit": 1250,
        "Financial expenses": 3818,
        "Of which: Interest expense": 3453,
        "Cost of sales": 6513,
        "Enterprise cost management": 13976,
        "Total Operating Expenses": 24307,
        "Total revenue financing activities": 1360,
        "Net profit from business activities": -21697,
        "Profit": -233,
        "Profit before tax": -21930,
        "Present corporate income tax expenses": "N/A",
        "Deferred income taxes expenses": "N/A",
        "The interests of minority shareholders": "N/A",
        "Total Cost of profits": 0,
        "Profit after tax corporate income": -21930,
        "Volume": 79714190,
        "Close of Quarter": 9.2,
        "EPS": -18,
        "Non-adjusted EPS": -18,
        "PE": -508.3,
        "Book Price": 12.9
      }
    },
    {
      "quarter": "Q4 2016",
      "income status": {
        "Net sales": 100541,
        "Cost of goods sold": 64962,
        "Gross Profit": 35579,
        "Financial expenses": 6575,
        "Of which: Interest expense": 3641,
        "Cost of sales": 6535,
        "Enterprise cost management": 13716,
        "Total Operating Expenses": 26826,
        "Total revenue financing activities": 3360,
        "Net profit from business activities": 12114,
        "Profit": -6052,
        "Profit before tax": 6062,
        "Present corporate income tax expenses": "N/A",
        "Deferred income taxes expenses": 46,
        "The interests of minority shareholders": "N/A",
        "Total Cost of profits": 46,
        "Profit after tax corporate income": 6015,
        "Volume": 79714190,
        "Close of Quarter": 11.2,
        "EPS": -231,
        "Non-adjusted EPS": -231,
        "PE": -48.5,
        "Book Price": 13.2
      }
    },
    {
      "quarter": "Q3 2016",
      "income status": {
        "Net sales": 81761,
        "Cost of goods sold": 62216,
        "Gross Profit": 19545,
        "Financial expenses": 4135,
        "Of which: Interest expense": 3882,
        "Cost of sales": 6903,
        "Enterprise cost management": 11897,
        "Total Operating Expenses": 22935,
        "Total revenue financing activities": 670,
        "Net profit from business activities": -2719,
        "Profit": -160,
        "Profit before tax": -2879,
        "Present corporate income tax expenses": "N/A",
        "Deferred income taxes expenses": 335,
        "The interests of minority shareholders": "N/A",
        "Total Cost of profits": 335,
        "Profit after tax corporate income": -3214,
        "Volume": 79714190,
        "Close of Quarter": 10.4,
        "EPS": -560,
        "Non-adjusted EPS": -560,
        "PE": -18.5,
        "Book Price": 12.9
      }
    },
    {
      "quarter": "Q2 2016",
      "income status": {
        "Net sales": 91124,
        "Cost of goods sold": 56727,
        "Gross Profit": 34396,
        "Financial expenses": 4778,
        "Of which: Interest expense": 4106,
        "Cost of sales": 7250,
        "Enterprise cost management": 3589,
        "Total Operating Expenses": 15617,
        "Total revenue financing activities": 1049,
        "Net profit from business activities": 19829,
        "Profit": -190,
        "Profit before tax": 19639,
        "Present corporate income tax expenses": "N/A",
        "Deferred income taxes expenses": 1943,
        "The interests of minority shareholders": "N/A",
        "Total Cost of profits": 1943,
        "Profit after tax corporate income": 17696,
        "Volume": 79714190,
        "Close of Quarter": 8.4,
        "EPS": 1069,
        "Non-adjusted EPS": 1069,
        "PE": 7.9,
        "Book Price": 12.9
      }
    },
    {
      "quarter": "Q1 2016",
      "income status": {
        "Net sales": 35137,
        "Cost of goods sold": 50428,
        "Gross Profit": -15292,
        "Financial expenses": 4369,
        "Of which: Interest expense": 4121,
        "Cost of sales": 6325,
        "Enterprise cost management": 13448,
        "Total Operating Expenses": 24142,
        "Total revenue financing activities": 1031,
        "Net profit from business activities": -38403,
        "Profit": -503,
        "Profit before tax": -38906,
        "Present corporate income tax expenses": "N/A",
        "Deferred income taxes expenses": "N/A",
        "The interests of minority shareholders": "N/A",
        "Total Cost of profits": 0,
        "Profit after tax corporate income": -38906,
        "Volume": 79714190,
        "Close of Quarter": 10.2,
        "EPS": 1231,
        "Non-adjusted EPS": 1231,
        "PE": 8.3,
        "Book Price": 12.7
      }
    },
    {
      "quarter": "Q4 2015",
      "income status": {
        "Net sales": 35339,
        "Cost of goods sold": 50336,
        "Gross Profit": -14997,
        "Financial expenses": 4073,
        "Of which: Interest expense": 4114,
        "Cost of sales": 7479,
        "Enterprise cost management": 12497,
        "Total Operating Expenses": 24049,
        "Total revenue financing activities": 6386,
        "Net profit from business activities": -32660,
        "Profit": 8801,
        "Profit before tax": -23858,
        "Present corporate income tax expenses": -3908,
        "Deferred income taxes expenses": 232,
        "The interests of minority shareholders": "N/A",
        "Total Cost of profits": -3676,
        "Profit after tax corporate income": -20183,
        "Volume": 70368754,
        "Close of Quarter": 10.4,
        "EPS": 1430.1,
        "Non-adjusted EPS": 1620,
        "PE": 6.4,
        "Book Price": 13.4
      }
    },
    {
      "quarter": "Q3 2015",
      "income status": {
        "Net sales": 76305,
        "Cost of goods sold": 54208,
        "Gross Profit": 22097,
        "Financial expenses": 5723,
        "Of which: Interest expense": 3830,
        "Cost of sales": 6979,
        "Enterprise cost management": 13495,
        "Total Operating Expenses": 26197,
        "Total revenue financing activities": 1553,
        "Net profit from business activities": -2547,
        "Profit": 133244,
        "Profit before tax": 130697,
        "Present corporate income tax expenses": 4064,
        "Deferred income taxes expenses": "N/A",
        "The interests of minority shareholders": "N/A",
        "Total Cost of profits": 4064,
        "Profit after tax corporate income": 126633,
        "Volume": 70368754,
        "Close of Quarter": 8.5,
        "EPS": 1215.6,
        "Non-adjusted EPS": 1377,
        "PE": 6.2,
        "Book Price": 13.7
      }
    },
    {
      "quarter": "Q2 2015",
      "income status": {
        "Net sales": 102565,
        "Cost of goods sold": 50802,
        "Gross Profit": 51763,
        "Financial expenses": 4898,
        "Of which: Interest expense": 4433,
        "Cost of sales": 7161,
        "Enterprise cost management": 13849,
        "Total Operating Expenses": 25908,
        "Total revenue financing activities": 5107,
        "Net profit from business activities": 30961,
        "Profit": -561,
        "Profit before tax": 30400,
        "Present corporate income tax expenses": "N/A",
        "Deferred income taxes expenses": -190,
        "The interests of minority shareholders": "N/A",
        "Total Cost of profits": -190,
        "Profit after tax corporate income": 30590,
        "Volume": 70368754,
        "Close of Quarter": 9.6,
        "EPS": -836.0,
        "Non-adjusted EPS": -947,
        "PE": -10.1,
        "Book Price": 11.7
      }
    },
    {
      "quarter": "Q1 2015",
      "income status": {
        "Net sales": 52793,
        "Cost of goods sold": 49912,
        "Gross Profit": 2881,
        "Financial expenses": 4646,
        "Of which: Interest expense": 4538,
        "Cost of sales": 7381,
        "Enterprise cost management": 13647,
        "Total Operating Expenses": 25674,
        "Total revenue financing activities": 644,
        "Net profit from business activities": -22149,
        "Profit": -888,
        "Profit before tax": -23038,
        "Present corporate income tax expenses": "N/A",
        "Deferred income taxes expenses": "N/A",
        "The interests of minority shareholders": "N/A",
        "Total Cost of profits": 0,
        "Profit after tax corporate income": -23038,
        "Volume": 70368754,
        "Close of Quarter": 9.2,
        "EPS": -1782.3,
        "Non-adjusted EPS": -2019,
        "PE": -4.6,
        "Book Price": 11.2
      }
    },
    {
      "quarter": "Q4 2014",
      "income status": {
        "Net sales": 63548,
        "Cost of goods sold": 49948,
        "Gross Profit": 13600,
        "Financial expenses": 5630,
        "Of which: Interest expense": 5420,
        "Cost of sales": 6853,
        "Enterprise cost management": 35830,
        "Total Operating Expenses": 48313,
        "Total revenue financing activities": 1016,
        "Net profit from business activities": -33696,
        "Profit": -3169,
        "Profit before tax": -36865,
        "Present corporate income tax expenses": "N/A",
        "Deferred income taxes expenses": 409,
        "The interests of minority shareholders": "N/A",
        "Total Cost of profits": 409,
        "Profit after tax corporate income": -37274,
        "Volume": 70368754,
        "Close of Quarter": 17,
        "EPS": -1919.1,
        "Non-adjusted EPS": -2174,
        "PE": -7.8,
        "Book Price": 11.3
      }
    },
    {
      "quarter": "Q3 2014",
      "income status": {
        "Net sales": 65434,
        "Cost of goods sold": 48423,
        "Gross Profit": 17011,
        "Financial expenses": 6160,
        "Of which: Interest expense": 6042,
        "Cost of sales": 6376,
        "Enterprise cost management": 36714,
        "Total Operating Expenses": 49250,
        "Total revenue financing activities": 325,
        "Net profit from business activities": -31914,
        "Profit": -4873,
        "Profit before tax": -36786,
        "Present corporate income tax expenses": "N/A",
        "Deferred income taxes expenses": 153,
        "The interests of minority shareholders": "N/A",
        "Total Cost of profits": 153,
        "Profit after tax corporate income": -36939,
        "Volume": 70368754,
        "Close of Quarter": 12,
        "EPS": -1449.5,
        "Non-adjusted EPS": -1642,
        "PE": -7.3,
        "Book Price": 11.8
      }
    },
    {
      "quarter": "Q2 2014",
      "income status": {
        "Net sales": 46219,
        "Cost of goods sold": 46195,
        "Gross Profit": 25,
        "Financial expenses": 6417,
        "Of which: Interest expense": 6229,
        "Cost of sales": 5695,
        "Enterprise cost management": 34176,
        "Total Operating Expenses": 46288,
        "Total revenue financing activities": 3444,
        "Net profit from business activities": -42820,
        "Profit": -1709,
        "Profit before tax": -44529,
        "Present corporate income tax expenses": "N/A",
        "Deferred income taxes expenses": 271,
        "The interests of minority shareholders": "N/A",
        "Total Cost of profits": 271,
        "Profit after tax corporate income": -44800,
        "Volume": 70368754,
        "Close of Quarter": 8.3,
        "EPS": -1032.0,
        "Non-adjusted EPS": -1169,
        "PE": -7.1,
        "Book Price": 12.3
      }
    },
    {
      "quarter": "Q1 2014",
      "income status": {
        "Net sales": 57300,
        "Cost of goods sold": 43014,
        "Gross Profit": 14286,
        "Financial expenses": 6721,
        "Of which: Interest expense": 6632,
        "Cost of sales": 6464,
        "Enterprise cost management": 34755,
        "Total Operating Expenses": 47940,
        "Total revenue financing activities": 449,
        "Net profit from business activities": -33205,
        "Profit": -795,
        "Profit before tax": -34000,
        "Present corporate income tax expenses": "N/A",
        "Deferred income taxes expenses": "N/A",
        "The interests of minority shareholders": "N/A",
        "Total Cost of profits": 0,
        "Profit after tax corporate income": -34000,
        "Volume": 70368754,
        "Close of Quarter": 9.5,
        "EPS": -555.3,
        "Non-adjusted EPS": -629,
        "PE": -15.1,
        "Book Price": 12.7
      }
    },
    {
      "quarter": "Q4 2013",
      "income status": {
        "Net sales": 53602,
        "Cost of goods sold": 27973,
        "Gross Profit": 25629,
        "Financial expenses": 2756,
        "Of which: Interest expense": 2371,
        "Cost of sales": 4628,
        "Enterprise cost management": 9975,
        "Total Operating Expenses": 17359,
        "Total revenue financing activities": 711,
        "Net profit from business activities": 8982,
        "Profit": -7871,
        "Profit before tax": 1111,
        "Present corporate income tax expenses": 693,
        "Deferred income taxes expenses": 219,
        "The interests of minority shareholders": "N/A",
        "Total Cost of profits": 912,
        "Profit after tax corporate income": 198,
        "Volume": 70368754,
        "Close of Quarter": 6.4,
        "EPS": -77.7,
        "Non-adjusted EPS": -88,
        "PE": -72.7,
        "Book Price": 13.2
      }
    },
    {
      "quarter": "Q3 2013",
      "income status": {
        "Net sales": 40881,
        "Cost of goods sold": 27629,
        "Gross Profit": 13252,
        "Financial expenses": 2612,
        "Of which: Interest expense": 2440,
        "Cost of sales": 3893,
        "Enterprise cost management": 9922,
        "Total Operating Expenses": 16427,
        "Total revenue financing activities": 413,
        "Net profit from business activities": -2762,
        "Profit": -886,
        "Profit before tax": -3648,
        "Present corporate income tax expenses": "N/A",
        "Deferred income taxes expenses": "N/A",
        "The interests of minority shareholders": "N/A",
        "Total Cost of profits": 0,
        "Profit after tax corporate income": -3648,
        "Volume": 70368754,
        "Close of Quarter": 6.6,
        "EPS": -122.7,
        "Non-adjusted EPS": -139,
        "PE": -47.5,
        "Book Price": 13.2
      }
    },
    {
      "quarter": "Q2 2013",
      "income status": {
        "Net sales": 32259,
        "Cost of goods sold": 27883,
        "Gross Profit": 4376,
        "Financial expenses": 2888,
        "Of which: Interest expense": 2752,
        "Cost of sales": 3838,
        "Enterprise cost management": 8406,
        "Total Operating Expenses": 15132,
        "Total revenue financing activities": 3414,
        "Net profit from business activities": -7343,
        "Profit": -516,
        "Profit before tax": -7859,
        "Present corporate income tax expenses": -1492,
        "Deferred income taxes expenses": 438,
        "The interests of minority shareholders": "N/A",
        "Total Cost of profits": -1054,
        "Profit after tax corporate income": -6805,
        "Volume": 70368754,
        "Close of Quarter": 5.8,
        "EPS": -20.3,
        "Non-adjusted EPS": -23,
        "PE": -252.2,
        "Book Price": 13.2
      }
    },
    {
      "quarter": "Q1 2013",
      "income status": {
        "Net sales": 50033,
        "Cost of goods sold": 27473,
        "Gross Profit": 22560,
        "Financial expenses": 2812,
        "Of which: Interest expense": 2801,
        "Cost of sales": 4291,
        "Enterprise cost management": 9604,
        "Total Operating Expenses": 16707,
        "Total revenue financing activities": 512,
        "Net profit from business activities": 6366,
        "Profit": -846,
        "Profit before tax": 5520,
        "Present corporate income tax expenses": 1492,
        "Deferred income taxes expenses": "N/A",
        "The interests of minority shareholders": "N/A",
        "Total Cost of profits": 1492,
        "Profit after tax corporate income": 4028,
        "Volume": 70368754,
        "Close of Quarter": 6,
        "EPS": 157.1,
        "Non-adjusted EPS": 178,
        "PE": 33.7,
        "Book Price": "N/A"
      }
    },
    {
      "quarter": "Q4 2012",
      "income status": {
        "Net sales": 41476,
        "Cost of goods sold": 26322,
        "Gross Profit": 15154,
        "Financial expenses": 3384,
        "Of which: Interest expense": 2936,
        "Cost of sales": 4242,
        "Enterprise cost management": 11774,
        "Total Operating Expenses": 19400,
        "Total revenue financing activities": 596,
        "Net profit from business activities": -3650,
        "Profit": -585,
        "Profit before tax": -4235,
        "Present corporate income tax expenses": -814,
        "Deferred income taxes expenses": -53,
        "The interests of minority shareholders": "N/A",
        "Total Cost of profits": -867,
        "Profit after tax corporate income": -3368,
        "Volume": 70368754,
        "Close of Quarter": 5.6,
        "EPS": 108.6,
        "Non-adjusted EPS": 123,
        "PE": 45.5,
        "Book Price": 13.1
      }
    },
    {
      "quarter": "Q3 2012",
      "income status": {
        "Net sales": 52740,
        "Cost of goods sold": 28398,
        "Gross Profit": 24343,
        "Financial expenses": 3268,
        "Of which: Interest expense": 3245,
        "Cost of sales": 3894,
        "Enterprise cost management": 10103,
        "Total Operating Expenses": 17265,
        "Total revenue financing activities": 302,
        "Net profit from business activities": 7381,
        "Profit": -967,
        "Profit before tax": 6413,
        "Present corporate income tax expenses": "N/A",
        "Deferred income taxes expenses": 1852,
        "The interests of minority shareholders": "N/A",
        "Total Cost of profits": 1852,
        "Profit after tax corporate income": 4561,
        "Volume": 70368754,
        "Close of Quarter": 5.6,
        "EPS": 83.0,
        "Non-adjusted EPS": 94,
        "PE": 59.6,
        "Book Price": 13.2
      }
    },
    {
      "quarter": "Q2 2012",
      "income status": {
        "Net sales": 58752,
        "Cost of goods sold": 26488,
        "Gross Profit": 32264,
        "Financial expenses": 4205,
        "Of which: Interest expense": 3952,
        "Cost of sales": 4049,
        "Enterprise cost management": 13355,
        "Total Operating Expenses": 21609,
        "Total revenue financing activities": 562,
        "Net profit from business activities": 11218,
        "Profit": -1156,
        "Profit before tax": 10062,
        "Present corporate income tax expenses": 3555,
        "Deferred income taxes expenses": -773,
        "The interests of minority shareholders": "N/A",
        "Total Cost of profits": 2782,
        "Profit after tax corporate income": 7281,
        "Volume": 68319965,
        "Close of Quarter": 7,
        "EPS": 167.1,
        "Non-adjusted EPS": 195,
        "PE": 35.9,
        "Book Price": 13.1
      }
    },
    {
      "quarter": "Q1 2012",
      "income status": {
        "Net sales": 41427,
        "Cost of goods sold": 23310,
        "Gross Profit": 18117,
        "Financial expenses": 4358,
        "Of which: Interest expense": 4339,
        "Cost of sales": 4059,
        "Enterprise cost management": 9069,
        "Total Operating Expenses": 17486,
        "Total revenue financing activities": 474,
        "Net profit from business activities": 1106,
        "Profit": -580,
        "Profit before tax": 526,
        "Present corporate income tax expenses": 321,
        "Deferred income taxes expenses": "N/A",
        "The interests of minority shareholders": "N/A",
        "Total Cost of profits": 321,
        "Profit after tax corporate income": 205,
        "Volume": 68319965,
        "Close of Quarter": 5.8,
        "EPS": 282.0,
        "Non-adjusted EPS": 329,
        "PE": 17.7,
        "Book Price": 13.0
      }
    },
    {
      "quarter": "Q4 2011",
      "income status": {
        "Net sales": 33907,
        "Cost of goods sold": 23198,
        "Gross Profit": 10709,
        "Financial expenses": 6263,
        "Of which: Interest expense": 4464,
        "Cost of sales": 4162,
        "Enterprise cost management": 9465,
        "Total Operating Expenses": 19890,
        "Total revenue financing activities": 2767,
        "Net profit from business activities": -6414,
        "Profit": -626,
        "Profit before tax": -7040,
        "Present corporate income tax expenses": -1859,
        "Deferred income taxes expenses": 286,
        "The interests of minority shareholders": "N/A",
        "Total Cost of profits": -1573,
        "Profit after tax corporate income": -5467,
        "Volume": 68319965,
        "Close of Quarter": 5.2,
        "EPS": 295.7,
        "Non-adjusted EPS": 345,
        "PE": 14.9,
        "Book Price": 13.0
      }
    },
    {
      "quarter": "Q3 2011",
      "income status": {
        "Net sales": 54550,
        "Cost of goods sold": 22598,
        "Gross Profit": 31953,
        "Financial expenses": 3996,
        "Of which: Interest expense": 3910,
        "Cost of sales": 3206,
        "Enterprise cost management": 8861,
        "Total Operating Expenses": 16063,
        "Total revenue financing activities": 799,
        "Net profit from business activities": 16690,
        "Profit": -1192,
        "Profit before tax": 15498,
        "Present corporate income tax expenses": 4171,
        "Deferred income taxes expenses": "N/A",
        "The interests of minority shareholders": "N/A",
        "Total Cost of profits": 4171,
        "Profit after tax corporate income": 11328,
        "Volume": 68319965,
        "Close of Quarter": 8.9,
        "EPS": 670.2,
        "Non-adjusted EPS": 782,
        "PE": 11.4,
        "Book Price": 12.9
      }
    },
    {
      "quarter": "Q2 2011",
      "income status": {
        "Net sales": 49082,
        "Cost of goods sold": 22092,
        "Gross Profit": 26991,
        "Financial expenses": 5069,
        "Of which: Interest expense": 3768,
        "Cost of sales": 2574,
        "Enterprise cost management": 10214,
        "Total Operating Expenses": 17857,
        "Total revenue financing activities": 14143,
        "Net profit from business activities": 23277,
        "Profit": -1335,
        "Profit before tax": 21942,
        "Present corporate income tax expenses": 5742,
        "Deferred income taxes expenses": -184,
        "The interests of minority shareholders": "N/A",
        "Total Cost of profits": 5558,
        "Profit after tax corporate income": 16383,
        "Volume": 65068618,
        "Close of Quarter": 10.1,
        "EPS": 747.7,
        "Non-adjusted EPS": 916,
        "PE": 11.0,
        "Book Price": 12.8
      }
    },
    {
      "quarter": "Q1 2011",
      "income status": {
        "Net sales": 34794,
        "Cost of goods sold": 18163,
        "Gross Profit": 16630,
        "Financial expenses": 3775,
        "Of which: Interest expense": 3364,
        "Cost of sales": 4431,
        "Enterprise cost management": 8685,
        "Total Operating Expenses": 16891,
        "Total revenue financing activities": 2420,
        "Net profit from business activities": 2161,
        "Profit": -291,
        "Profit before tax": 1870,
        "Present corporate income tax expenses": 531,
        "Deferred income taxes expenses": "N/A",
        "The interests of minority shareholders": "N/A",
        "Total Cost of profits": 531,
        "Profit after tax corporate income": 1339,
        "Volume": 65068618,
        "Close of Quarter": 12.9,
        "EPS": 590.2,
        "Non-adjusted EPS": 723,
        "PE": 17.9,
        "Book Price": 12.7
      }
    },
    {
      "quarter": "Q4 2010",
      "income status": {
        "Net sales": 57055,
        "Cost of goods sold": 18780,
        "Gross Profit": 38275,
        "Financial expenses": 4098,
        "Of which: Interest expense": 3133,
        "Cost of sales": 5005,
        "Enterprise cost management": 5585,
        "Total Operating Expenses": 14688,
        "Total revenue financing activities": 9834,
        "Net profit from business activities": 33421,
        "Profit": -1063,
        "Profit before tax": 32358,
        "Present corporate income tax expenses": 6524,
        "Deferred income taxes expenses": 1451,
        "The interests of minority shareholders": "N/A",
        "Total Cost of profits": 7975,
        "Profit after tax corporate income": 24383,
        "Volume": 65068618,
        "Close of Quarter": 13.2,
        "EPS": 445.7,
        "Non-adjusted EPS": 546,
        "PE": 24.2,
        "Book Price": 11.6
      }
    },
    {
      "quarter": "Q3 2010",
      "income status": {
        "Net sales": 46928,
        "Cost of goods sold": 18212,
        "Gross Profit": 28715,
        "Financial expenses": 2862,
        "Of which: Interest expense": 2835,
        "Cost of sales": 5081,
        "Enterprise cost management": 8316,
        "Total Operating Expenses": 16259,
        "Total revenue financing activities": 11260,
        "Net profit from business activities": 23716,
        "Profit": -2187,
        "Profit before tax": 21529,
        "Present corporate income tax expenses": 4046,
        "Deferred income taxes expenses": "N/A",
        "The interests of minority shareholders": "N/A",
        "Total Cost of profits": 4046,
        "Profit after tax corporate income": 17483,
        "Volume": 56581410,
        "Close of Quarter": 13.8,
        "EPS": 359.9,
        "Non-adjusted EPS": 507,
        "PE": 27.2,
        "Book Price": 11.2
      }
    },
    {
      "quarter": "Q2 2010",
      "income status": {
        "Net sales": 28443,
        "Cost of goods sold": 17835,
        "Gross Profit": 10608,
        "Financial expenses": 2580,
        "Of which: Interest expense": 2024,
        "Cost of sales": 5641,
        "Enterprise cost management": 6924,
        "Total Operating Expenses": 15145,
        "Total revenue financing activities": 8775,
        "Net profit from business activities": 4239,
        "Profit": -430,
        "Profit before tax": 3809,
        "Present corporate income tax expenses": "N/A",
        "Deferred income taxes expenses": "N/A",
        "The interests of minority shareholders": "N/A",
        "Total Cost of profits": 0,
        "Profit after tax corporate income": 3809,
        "Volume": 56581410,
        "Close of Quarter": 19.7,
        "EPS": 245.6,
        "Non-adjusted EPS": 346,
        "PE": 56.9,
        "Book Price": 10.6
      }
    },
    {
      "quarter": "Q1 2010",
      "income status": {
        "Net sales": 20960,
        "Cost of goods sold": 16695,
        "Gross Profit": 4265,
        "Financial expenses": 2521,
        "Of which: Interest expense": 1763,
        "Cost of sales": 4559,
        "Enterprise cost management": 8120,
        "Total Operating Expenses": 15200,
        "Total revenue financing activities": 1178,
        "Net profit from business activities": -9758,
        "Profit": -414,
        "Profit before tax": -10172,
        "Present corporate income tax expenses": "N/A",
        "Deferred income taxes expenses": "N/A",
        "The interests of minority shareholders": "N/A",
        "Total Cost of profits": 0,
        "Profit after tax corporate income": -10172,
        "Volume": 56581410,
        "Close of Quarter": 23.3,
        "EPS": 460.7,
        "Non-adjusted EPS": 649,
        "PE": 35.9,
        "Book Price": 10.9
      }
    },
    {
      "quarter": "Q4 2009",
      "income status": {
        "Net sales": 52703,
        "Cost of goods sold": 19670,
        "Gross Profit": 33033,
        "Financial expenses": 3749,
        "Of which: Interest expense": 1644,
        "Cost of sales": 5377,
        "Enterprise cost management": 10834,
        "Total Operating Expenses": 19960,
        "Total revenue financing activities": 10969,
        "Net profit from business activities": 24043,
        "Profit": -978,
        "Profit before tax": 23064,
        "Present corporate income tax expenses": 5488,
        "Deferred income taxes expenses": "N/A",
        "The interests of minority shareholders": "N/A",
        "Total Cost of profits": 5488,
        "Profit after tax corporate income": 17577,
        "Volume": 56581410,
        "Close of Quarter": 29.4,
        "EPS": 489.8,
        "Non-adjusted EPS": 690,
        "PE": 42.7,
        "Book Price": 10.7
      }
    },
    {
      "quarter": "Q3 2009",
      "income status": {
        "Net sales": 45921,
        "Cost of goods sold": 15719,
        "Gross Profit": 30202,
        "Financial expenses": 2262,
        "Of which: Interest expense": 1552,
        "Cost of sales": 6089,
        "Enterprise cost management": 10153,
        "Total Operating Expenses": 18504,
        "Total revenue financing activities": 2903,
        "Net profit from business activities": 14601,
        "Profit": -3507,
        "Profit before tax": 11095,
        "Present corporate income tax expenses": 2721,
        "Deferred income taxes expenses": "N/A",
        "The interests of minority shareholders": "N/A",
        "Total Cost of profits": 2721,
        "Profit after tax corporate income": 8374,
        "Volume": 56581410,
        "Close of Quarter": 32.1,
        "EPS": 491.9,
        "Non-adjusted EPS": 693,
        "PE": 46.3,
        "Book Price": 9.9
      }
    },
    {
      "quarter": "Q2 2009",
      "income status": {
        "Net sales": 55561,
        "Cost of goods sold": 14789,
        "Gross Profit": 40772,
        "Financial expenses": 4495,
        "Of which: Interest expense": 1419,
        "Cost of sales": 6353,
        "Enterprise cost management": 8873,
        "Total Operating Expenses": 19721,
        "Total revenue financing activities": 4740,
        "Net profit from business activities": 25790,
        "Profit": -260,
        "Profit before tax": 25530,
        "Present corporate income tax expenses": 4578,
        "Deferred income taxes expenses": "N/A",
        "The interests of minority shareholders": "N/A",
        "Total Cost of profits": 4578,
        "Profit after tax corporate income": 20951,
        "Volume": 51438115,
        "Close of Quarter": 30.2,
        "EPS": 97.4,
        "Non-adjusted EPS": 151,
        "PE": 200.2,
        "Book Price": 9.8
      }
    },
    {
      "quarter": "Q1 2009",
      "income status": {
        "Net sales": 19583,
        "Cost of goods sold": 13592,
        "Gross Profit": 5991,
        "Financial expenses": 1792,
        "Of which: Interest expense": 1639,
        "Cost of sales": 5199,
        "Enterprise cost management": 7586,
        "Total Operating Expenses": 14577,
        "Total revenue financing activities": 1055,
        "Net profit from business activities": -7531,
        "Profit": -306,
        "Profit before tax": -7837,
        "Present corporate income tax expenses": "N/A",
        "Deferred income taxes expenses": "N/A",
        "The interests of minority shareholders": "N/A",
        "Total Cost of profits": 0,
        "Profit after tax corporate income": -7837,
        "Volume": 51438115,
        "Close of Quarter": 13.2,
        "EPS": -160.0,
        "Non-adjusted EPS": -248,
        "PE": -53.1,
        "Book Price": 9.6
      }
    },
    {
      "quarter": "Q4 2008",
      "income status": {
        "Net sales": 50140,
        "Cost of goods sold": 16080,
        "Gross Profit": 34060,
        "Financial expenses": 2132,
        "Of which: Interest expense": 1809,
        "Cost of sales": 7184,
        "Enterprise cost management": 8992,
        "Total Operating Expenses": 18308,
        "Total revenue financing activities": 2623,
        "Net profit from business activities": 18374,
        "Profit": 646,
        "Profit before tax": 19020,
        "Present corporate income tax expenses": 1303,
        "Deferred income taxes expenses": "N/A",
        "The interests of minority shareholders": "N/A",
        "Total Cost of profits": 1303,
        "Profit after tax corporate income": 17717,
        "Volume": 49238115,
        "Close of Quarter": 12.5,
        "EPS": 132.2,
        "Non-adjusted EPS": 214,
        "PE": 58.4,
        "Book Price": 9.7
      }
    },
    {
      "quarter": "Q3 2008",
      "income status": {
        "Net sales": 11091,
        "Cost of goods sold": 10726,
        "Gross Profit": 364,
        "Financial expenses": 2141,
        "Of which: Interest expense": "N/A",
        "Cost of sales": 2913,
        "Enterprise cost management": 8829,
        "Total Operating Expenses": 13883,
        "Total revenue financing activities": 1952,
        "Net profit from business activities": -11566,
        "Profit": -10240,
        "Profit before tax": -21807,
        "Present corporate income tax expenses": 1267,
        "Deferred income taxes expenses": "N/A",
        "The interests of minority shareholders": "N/A",
        "Total Cost of profits": 1267,
        "Profit after tax corporate income": -23074,
        "Volume": 49238115,
        "Close of Quarter": 14.6,
        "EPS": 18.5,
        "Non-adjusted EPS": 30,
        "PE": 487.3,
        "Book Price": 9.2
      }
    },
    {
      "quarter": "Q2 2008",
      "income status": {
        "Net sales": 40117,
        "Cost of goods sold": 15508,
        "Gross Profit": 24609,
        "Financial expenses": 2552,
        "Of which: Interest expense": 1933,
        "Cost of sales": 7164,
        "Enterprise cost management": 10376,
        "Total Operating Expenses": 20092,
        "Total revenue financing activities": 2767,
        "Net profit from business activities": 7283,
        "Profit": -5594,
        "Profit before tax": 1689,
        "Present corporate income tax expenses": 1267,
        "Deferred income taxes expenses": "N/A",
        "The interests of minority shareholders": "N/A",
        "Total Cost of profits": 1267,
        "Profit after tax corporate income": 422,
        "Volume": 41031977,
        "Close of Quarter": 12.6,
        "EPS": 20.1,
        "Non-adjusted EPS": 39,
        "PE": 323.3,
        "Book Price": 9.0
      }
    },
    {
      "quarter": "Q1 2008",
      "income status": {
        "Net sales": 44728,
        "Cost of goods sold": 10733,
        "Gross Profit": 33995,
        "Financial expenses": 1738,
        "Of which: Interest expense": 1144,
        "Cost of sales": 8755,
        "Enterprise cost management": 8106,
        "Total Operating Expenses": 18599,
        "Total revenue financing activities": 145,
        "Net profit from business activities": 15541,
        "Profit": 1178,
        "Profit before tax": 16720,
        "Present corporate income tax expenses": 1225,
        "Deferred income taxes expenses": "N/A",
        "The interests of minority shareholders": "N/A",
        "Total Cost of profits": 1225,
        "Profit after tax corporate income": 15495,
        "Volume": 41031977,
        "Close of Quarter": 25.5,
        "EPS": 232.7,
        "Non-adjusted EPS": 452,
        "PE": 56.3,
        "Book Price": 8.7
      }
    },
    {
      "quarter": "Q4 2007",
      "income status": {
        "Net sales": 38612,
        "Cost of goods sold": 30046,
        "Gross Profit": 8565,
        "Financial expenses": 665,
        "Of which: Interest expense": 479,
        "Cost of sales": -8100,
        "Enterprise cost management": 9933,
        "Total Operating Expenses": 2498,
        "Total revenue financing activities": 274,
        "Net profit from business activities": 6341,
        "Profit": 2521,
        "Profit before tax": 8862,
        "Present corporate income tax expenses": 222,
        "Deferred income taxes expenses": "N/A",
        "The interests of minority shareholders": "N/A",
        "Total Cost of profits": 222,
        "Profit after tax corporate income": 8640,
        "Volume": 41031977,
        "Close of Quarter": 45.7,
        "EPS": 724.2,
        "Non-adjusted EPS": 1407,
        "PE": 32.5,
        "Book Price": 8.6
      }
    },
    {
      "quarter": "Q3 2007",
      "income status": {
        "Net sales": 11956,
        "Cost of goods sold": 3488,
        "Gross Profit": 8468,
        "Financial expenses": 115,
        "Of which: Interest expense": 97,
        "Cost of sales": 15214,
        "Enterprise cost management": 7621,
        "Total Operating Expenses": 22950,
        "Total revenue financing activities": 365,
        "Net profit from business activities": -14116,
        "Profit": -8633,
        "Profit before tax": -22749,
        "Present corporate income tax expenses": 223,
        "Deferred income taxes expenses": "N/A",
        "The interests of minority shareholders": "N/A",
        "Total Cost of profits": 223,
        "Profit after tax corporate income": -22972,
        "Volume": 35372489,
        "Close of Quarter": 71.9,
        "EPS": 1168.8,
        "Non-adjusted EPS": 2634,
        "PE": 27.3,
        "Book Price": 8.6
      }
    },
    {
      "quarter": "Q2 2007",
      "income status": {
        "Net sales": 26155,
        "Cost of goods sold": 3903,
        "Gross Profit": 22252,
        "Financial expenses": 4239,
        "Of which: Interest expense": 885,
        "Cost of sales": 15183,
        "Enterprise cost management": 7463,
        "Total Operating Expenses": 26885,
        "Total revenue financing activities": 6687,
        "Net profit from business activities": 2054,
        "Profit": 15771,
        "Profit before tax": 17825,
        "Present corporate income tax expenses": 445,
        "Deferred income taxes expenses": "N/A",
        "The interests of minority shareholders": "N/A",
        "Total Cost of profits": 445,
        "Profit after tax corporate income": 17379,
        "Volume": 35372489,
        "Close of Quarter": "N/A",
        "EPS": 1394.7,
        "Non-adjusted EPS": 3143,
        "PE": "N/A",
        "Book Price": 8.8
      }
    },
    {
      "quarter": "Q1 2007",
      "income status": {
        "Net sales": 82606,
        "Cost of goods sold": 3879,
        "Gross Profit": 78727,
        "Financial expenses": 1601,
        "Of which: Interest expense": 1580,
        "Cost of sales": 14491,
        "Enterprise cost management": 6983,
        "Total Operating Expenses": 23075,
        "Total revenue financing activities": 172,
        "Net profit from business activities": 55823,
        "Profit": -1154,
        "Profit before tax": 54669,
        "Present corporate income tax expenses": "N/A",
        "Deferred income taxes expenses": "N/A",
        "The interests of minority shareholders": "N/A",
        "Total Cost of profits": 0,
        "Profit after tax corporate income": 54669,
        "Volume": 35372489,
        "Close of Quarter": "N/A",
        "EPS": 1156.0,
        "Non-adjusted EPS": 2605,
        "PE": "N/A",
        "Book Price": 5.7
      }
    },
    {
      "quarter": "Q4 2006",
      "income status": {
        "Net sales": 65126,
        "Cost of goods sold": 4327,
        "Gross Profit": 60799,
        "Financial expenses": 2028,
        "Of which: Interest expense": 1767,
        "Cost of sales": 17428,
        "Enterprise cost management": 6197,
        "Total Operating Expenses": 25653,
        "Total revenue financing activities": 965,
        "Net profit from business activities": 36111,
        "Profit": 8204,
        "Profit before tax": 44315,
        "Present corporate income tax expenses": 205,
        "Deferred income taxes expenses": "N/A",
        "The interests of minority shareholders": "N/A",
        "Total Cost of profits": 205,
        "Profit after tax corporate income": 44110,
        "Volume": 35372489,
        "Close of Quarter": "N/A",
        "EPS": 603.0,
        "Non-adjusted EPS": 1359,
        "PE": "N/A",
        "Book Price": "N/A"
      }
    },
    {
      "quarter": "Q3 2006",
      "income status": {
        "Net sales": 23839,
        "Cost of goods sold": 3991,
        "Gross Profit": 19847,
        "Financial expenses": 1788,
        "Of which: Interest expense": 1729,
        "Cost of sales": 13613,
        "Enterprise cost management": 5990,
        "Total Operating Expenses": 21391,
        "Total revenue financing activities": 1695,
        "Net profit from business activities": 150,
        "Profit": -5131,
        "Profit before tax": -4981,
        "Present corporate income tax expenses": "N/A",
        "Deferred income taxes expenses": "N/A",
        "The interests of minority shareholders": "N/A",
        "Total Cost of profits": 0,
        "Profit after tax corporate income": -4981,
        "Volume": 35372489,
        "Close of Quarter": "N/A",
        "EPS": 49.7,
        "Non-adjusted EPS": 112,
        "PE": "N/A",
        "Book Price": "N/A"
      }
    },
    {
      "quarter": "Q2 2006",
      "income status": {
        "Net sales": 27078,
        "Cost of goods sold": 3641,
        "Gross Profit": 23437,
        "Financial expenses": 2399,
        "Of which: Interest expense": 1705,
        "Cost of sales": 12991,
        "Enterprise cost management": 6602,
        "Total Operating Expenses": 21992,
        "Total revenue financing activities": 1019,
        "Net profit from business activities": 2465,
        "Profit": -3914,
        "Profit before tax": -1450,
        "Present corporate income tax expenses": 203,
        "Deferred income taxes expenses": "N/A",
        "The interests of minority shareholders": "N/A",
        "Total Cost of profits": 203,
        "Profit after tax corporate income": -1653,
        "Volume": 35372489,
        "Close of Quarter": "N/A",
        "EPS": 112.3,
        "Non-adjusted EPS": 253,
        "PE": "N/A",
        "Book Price": 8.8
      }
    },
    {
      "quarter": "Q1 2006",
      "income status": {
        "Net sales": 35162,
        "Cost of goods sold": 3755,
        "Gross Profit": 31406,
        "Financial expenses": 1751,
        "Of which: Interest expense": 1741,
        "Cost of sales": 12320,
        "Enterprise cost management": 6620,
        "Total Operating Expenses": 20691,
        "Total revenue financing activities": 192,
        "Net profit from business activities": 10907,
        "Profit": -316,
        "Profit before tax": 10592,
        "Present corporate income tax expenses": 1,
        "Deferred income taxes expenses": "N/A",
        "The interests of minority shareholders": "N/A",
        "Total Cost of profits": 1,
        "Profit after tax corporate income": 10590,
        "Volume": 35372489,
        "Close of Quarter": "N/A",
        "EPS": 132.7,
        "Non-adjusted EPS": 299,
        "PE": "N/A",
        "Book Price": "N/A"
      }
    }
  ]
}