{
  "ticker": "CNT",
  "data": [
    {
      "quarter": "Q4 2013",
      "income status": {
        "Net sales": 400600,
        "Cost of goods sold": 390666,
        "Gross Profit": 9934,
        "Financial expenses": 28343,
        "Of which: Interest expense": 27985,
        "Cost of sales": 3799,
        "Enterprise cost management": 5781,
        "Total Operating Expenses": 37923,
        "Total revenue financing activities": -1239,
        "Net profit from business activities": -31998,
        "Profit": -51,
        "Profit before tax": -32048,
        "Present corporate income tax expenses": 370,
        "Deferred income taxes expenses": 5277,
        "The interests of minority shareholders": -1298,
        "Total Cost of profits": 4349,
        "Profit after tax corporate income": -36397,
        "Volume": 9915069,
        "Close of Quarter": 3.5,
        "EPS": -8357,
        "Non-adjusted EPS": -8357,
        "PE": -0.4,
        "Book Price": 7.9
      }
    },
    {
      "quarter": "Q3 2013",
      "income status": {
        "Net sales": 336113,
        "Cost of goods sold": 324772,
        "Gross Profit": 11342,
        "Financial expenses": 18296,
        "Of which: Interest expense": 18323,
        "Cost of sales": 1464,
        "Enterprise cost management": 6390,
        "Total Operating Expenses": 26150,
        "Total revenue financing activities": 3436,
        "Net profit from business activities": -11556,
        "Profit": -497,
        "Profit before tax": -12053,
        "Present corporate income tax expenses": 368,
        "Deferred income taxes expenses": -628,
        "The interests of minority shareholders": -651,
        "Total Cost of profits": -911,
        "Profit after tax corporate income": -11142,
        "Volume": 9915069,
        "Close of Quarter": 3.5,
        "EPS": -6244,
        "Non-adjusted EPS": -6244,
        "PE": -0.6,
        "Book Price": 18.2
      }
    },
    {
      "quarter": "Q2 2013",
      "income status": {
        "Net sales": 513206,
        "Cost of goods sold": 505732,
        "Gross Profit": 7475,
        "Financial expenses": 24147,
        "Of which: Interest expense": 23617,
        "Cost of sales": 2237,
        "Enterprise cost management": 5897,
        "Total Operating Expenses": 32281,
        "Total revenue financing activities": 3388,
        "Net profit from business activities": -21195,
        "Profit": -1918,
        "Profit before tax": -23113,
        "Present corporate income tax expenses": 81,
        "Deferred income taxes expenses": 320,
        "The interests of minority shareholders": -415,
        "Total Cost of profits": -14,
        "Profit after tax corporate income": -23099,
        "Volume": 9915069,
        "Close of Quarter": 4.9,
        "EPS": -5262,
        "Non-adjusted EPS": -5262,
        "PE": -0.9,
        "Book Price": 19.4
      }
    },
    {
      "quarter": "Q1 2013",
      "income status": {
        "Net sales": 395850,
        "Cost of goods sold": 383983,
        "Gross Profit": 11867,
        "Financial expenses": 25528,
        "Of which: Interest expense": 25492,
        "Cost of sales": 476,
        "Enterprise cost management": 8144,
        "Total Operating Expenses": 34148,
        "Total revenue financing activities": 8054,
        "Net profit from business activities": -13468,
        "Profit": -43,
        "Profit before tax": -13511,
        "Present corporate income tax expenses": 101,
        "Deferred income taxes expenses": -71,
        "The interests of minority shareholders": -1322,
        "Total Cost of profits": -1292,
        "Profit after tax corporate income": -12219,
        "Volume": 9915069,
        "Close of Quarter": 4.7,
        "EPS": -2545,
        "Non-adjusted EPS": -2545,
        "PE": -1.9,
        "Book Price": 21.1
      }
    },
    {
      "quarter": "Q4 2012",
      "income status": {
        "Net sales": 607203,
        "Cost of goods sold": 592529,
        "Gross Profit": 14674,
        "Financial expenses": 37868,
        "Of which: Interest expense": 37404,
        "Cost of sales": 707,
        "Enterprise cost management": 7212,
        "Total Operating Expenses": 45787,
        "Total revenue financing activities": 16327,
        "Net profit from business activities": -13818,
        "Profit": -7383,
        "Profit before tax": -21201,
        "Present corporate income tax expenses": -1405,
        "Deferred income taxes expenses": -5177,
        "The interests of minority shareholders": 827,
        "Total Cost of profits": -5755,
        "Profit after tax corporate income": -15445,
        "Volume": 9915069,
        "Close of Quarter": 5.9,
        "EPS": -1079,
        "Non-adjusted EPS": -1079,
        "PE": -5.5,
        "Book Price": 22.3
      }
    },
    {
      "quarter": "Q3 2012",
      "income status": {
        "Net sales": 525879,
        "Cost of goods sold": 509944,
        "Gross Profit": 15935,
        "Financial expenses": 21506,
        "Of which: Interest expense": 21423,
        "Cost of sales": 1430,
        "Enterprise cost management": 9681,
        "Total Operating Expenses": 32617,
        "Total revenue financing activities": 12864,
        "Net profit from business activities": -3818,
        "Profit": 426,
        "Profit before tax": -2358,
        "Present corporate income tax expenses": 240,
        "Deferred income taxes expenses": 151,
        "The interests of minority shareholders": -1336,
        "Total Cost of profits": -945,
        "Profit after tax corporate income": -1412,
        "Volume": 9915069,
        "Close of Quarter": 6.5,
        "EPS": 370,
        "Non-adjusted EPS": 370,
        "PE": 17.6,
        "Book Price": 24
      }
    },
    {
      "quarter": "Q2 2012",
      "income status": {
        "Net sales": 673869,
        "Cost of goods sold": 644902,
        "Gross Profit": 28967,
        "Financial expenses": 42150,
        "Of which: Interest expense": 42636,
        "Cost of sales": 1163,
        "Enterprise cost management": 11409,
        "Total Operating Expenses": 54722,
        "Total revenue financing activities": 27804,
        "Net profit from business activities": 2049,
        "Profit": 1470,
        "Profit before tax": 4695,
        "Present corporate income tax expenses": 849,
        "Deferred income taxes expenses": -9,
        "The interests of minority shareholders": 17,
        "Total Cost of profits": 857,
        "Profit after tax corporate income": 3839,
        "Volume": 9915069,
        "Close of Quarter": 8.3,
        "EPS": 831,
        "Non-adjusted EPS": 831,
        "PE": 10.0,
        "Book Price": 24.1
      }
    },
    {
      "quarter": "Q1 2012",
      "income status": {
        "Net sales": 587914,
        "Cost of goods sold": 552366,
        "Gross Profit": 35549,
        "Financial expenses": 37632,
        "Of which: Interest expense": 37528,
        "Cost of sales": 992,
        "Enterprise cost management": 10043,
        "Total Operating Expenses": 48667,
        "Total revenue financing activities": 15712,
        "Net profit from business activities": 2593,
        "Profit": 59,
        "Profit before tax": 3294,
        "Present corporate income tax expenses": 324,
        "Deferred income taxes expenses": 95,
        "The interests of minority shareholders": 553,
        "Total Cost of profits": 972,
        "Profit after tax corporate income": 2322,
        "Volume": 9915069,
        "Close of Quarter": 8.9,
        "EPS": 1044,
        "Non-adjusted EPS": 1044,
        "PE": 8.5,
        "Book Price": 23.7
      }
    },
    {
      "quarter": "Q4 2011",
      "income status": {
        "Net sales": 853964,
        "Cost of goods sold": 813049,
        "Gross Profit": 40915,
        "Financial expenses": 49274,
        "Of which: Interest expense": 48279,
        "Cost of sales": 1116,
        "Enterprise cost management": 16213,
        "Total Operating Expenses": 66603,
        "Total revenue financing activities": 23824,
        "Net profit from business activities": -1864,
        "Profit": 550,
        "Profit before tax": -961,
        "Present corporate income tax expenses": -1163,
        "Deferred income taxes expenses": 639,
        "The interests of minority shareholders": 644,
        "Total Cost of profits": 120,
        "Profit after tax corporate income": -1080,
        "Volume": 9915069,
        "Close of Quarter": 8.4,
        "EPS": 894,
        "Non-adjusted EPS": 894,
        "PE": 9.4,
        "Book Price": 23.4
      }
    },
    {
      "quarter": "Q3 2011",
      "income status": {
        "Net sales": 906545,
        "Cost of goods sold": 866572,
        "Gross Profit": 39973,
        "Financial expenses": 44292,
        "Of which: Interest expense": 44067,
        "Cost of sales": 1798,
        "Enterprise cost management": 9156,
        "Total Operating Expenses": 55246,
        "Total revenue financing activities": 16962,
        "Net profit from business activities": 1689,
        "Profit": 22,
        "Profit before tax": 12053,
        "Present corporate income tax expenses": 94,
        "Deferred income taxes expenses": 337,
        "The interests of minority shareholders": 127,
        "Total Cost of profits": 558,
        "Profit after tax corporate income": 3154,
        "Volume": 9915069,
        "Close of Quarter": 10,
        "EPS": 1239,
        "Non-adjusted EPS": 1239,
        "PE": 8.1,
        "Book Price": 23.5
      }
    },
    {
      "quarter": "Q2 2011",
      "income status": {
        "Net sales": 1088420,
        "Cost of goods sold": 1046479,
        "Gross Profit": 41941,
        "Financial expenses": 48776,
        "Of which: Interest expense": 47046,
        "Cost of sales": 2760,
        "Enterprise cost management": 10079,
        "Total Operating Expenses": 61615,
        "Total revenue financing activities": 23551,
        "Net profit from business activities": 3877,
        "Profit": 1669,
        "Profit before tax": 7531,
        "Present corporate income tax expenses": 212,
        "Deferred income taxes expenses": 839,
        "The interests of minority shareholders": 525,
        "Total Cost of profits": 1576,
        "Profit after tax corporate income": 5955,
        "Volume": 10015069,
        "Close of Quarter": 10,
        "EPS": 2045.4,
        "Non-adjusted EPS": 2025,
        "PE": 4.9,
        "Book Price": 23.3
      }
    },
    {
      "quarter": "Q1 2011",
      "income status": {
        "Net sales": 1010389,
        "Cost of goods sold": 973329,
        "Gross Profit": 37060,
        "Financial expenses": 34396,
        "Of which: Interest expense": 33001,
        "Cost of sales": 1361,
        "Enterprise cost management": 9557,
        "Total Operating Expenses": 45314,
        "Total revenue financing activities": 8478,
        "Net profit from business activities": 225,
        "Profit": 108,
        "Profit before tax": 809,
        "Present corporate income tax expenses": 2467,
        "Deferred income taxes expenses": -1995,
        "The interests of minority shareholders": -499,
        "Total Cost of profits": -27,
        "Profit after tax corporate income": 836,
        "Volume": 10015069,
        "Close of Quarter": 13.3,
        "EPS": 1361.6,
        "Non-adjusted EPS": 1348,
        "PE": 9.8,
        "Book Price": 22.8
      }
    },
    {
      "quarter": "Q4 2010",
      "income status": {
        "Net sales": 1033177,
        "Cost of goods sold": 1000638,
        "Gross Profit": 32539,
        "Financial expenses": 29063,
        "Of which: Interest expense": 28205,
        "Cost of sales": 1621,
        "Enterprise cost management": 11999,
        "Total Operating Expenses": 42683,
        "Total revenue financing activities": 13127,
        "Net profit from business activities": 2984,
        "Profit": -88,
        "Profit before tax": 2896,
        "Present corporate income tax expenses": -643,
        "Deferred income taxes expenses": 1204,
        "The interests of minority shareholders": "N/A",
        "Total Cost of profits": 561,
        "Profit after tax corporate income": 2335,
        "Volume": 10000000,
        "Close of Quarter": 17.4,
        "EPS": 1619.8,
        "Non-adjusted EPS": 1606,
        "PE": 10.9,
        "Book Price": 23.9
      }
    },
    {
      "quarter": "Q3 2010",
      "income status": {
        "Net sales": 840168,
        "Cost of goods sold": 801303,
        "Gross Profit": 38865,
        "Financial expenses": 24812,
        "Of which: Interest expense": 24677,
        "Cost of sales": 965,
        "Enterprise cost management": 8559,
        "Total Operating Expenses": 34336,
        "Total revenue financing activities": 3456,
        "Net profit from business activities": 7984,
        "Profit": 3641,
        "Profit before tax": 13955,
        "Present corporate income tax expenses": 3596,
        "Deferred income taxes expenses": -778,
        "The interests of minority shareholders": -19,
        "Total Cost of profits": 2799,
        "Profit after tax corporate income": 11156,
        "Volume": 10000000,
        "Close of Quarter": 22.6,
        "EPS": 3892.1,
        "Non-adjusted EPS": 3859,
        "PE": 5.9,
        "Book Price": 24.1
      }
    },
    {
      "quarter": "Q2 2010",
      "income status": {
        "Net sales": 751911,
        "Cost of goods sold": 725301,
        "Gross Profit": 26610,
        "Financial expenses": 25075,
        "Of which: Interest expense": 24736,
        "Cost of sales": 1024,
        "Enterprise cost management": 10790,
        "Total Operating Expenses": 36889,
        "Total revenue financing activities": 18053,
        "Net profit from business activities": 7773,
        "Profit": -732,
        "Profit before tax": -1407,
        "Present corporate income tax expenses": 855,
        "Deferred income taxes expenses": -1318,
        "The interests of minority shareholders": -123,
        "Total Cost of profits": -586,
        "Profit after tax corporate income": -822,
        "Volume": 10000000,
        "Close of Quarter": 26,
        "EPS": 3141.7,
        "Non-adjusted EPS": 3115,
        "PE": 8.4,
        "Book Price": 23
      }
    },
    {
      "quarter": "Q1 2010",
      "income status": {
        "Net sales": 530418,
        "Cost of goods sold": 507825,
        "Gross Profit": 22593,
        "Financial expenses": 12712,
        "Of which: Interest expense": 12580,
        "Cost of sales": 1688,
        "Enterprise cost management": 8546,
        "Total Operating Expenses": 22946,
        "Total revenue financing activities": 3292,
        "Net profit from business activities": 2940,
        "Profit": 478,
        "Profit before tax": 4115,
        "Present corporate income tax expenses": 903,
        "Deferred income taxes expenses": 313,
        "The interests of minority shareholders": -492,
        "Total Cost of profits": 724,
        "Profit after tax corporate income": 3391,
        "Volume": 10000000,
        "Close of Quarter": 30.3,
        "EPS": 4320.7,
        "Non-adjusted EPS": 4284,
        "PE": 7.1,
        "Book Price": 24
      }
    },
    {
      "quarter": "Q4 2009",
      "income status": {
        "Net sales": 778560,
        "Cost of goods sold": 741043,
        "Gross Profit": 37517,
        "Financial expenses": 18184,
        "Of which: Interest expense": "N/A",
        "Cost of sales": 5422,
        "Enterprise cost management": 12354,
        "Total Operating Expenses": 35960,
        "Total revenue financing activities": 922,
        "Net profit from business activities": 2479,
        "Profit": 719,
        "Profit before tax": 27006,
        "Present corporate income tax expenses": 572,
        "Deferred income taxes expenses": -362,
        "The interests of minority shareholders": 1933,
        "Total Cost of profits": 2143,
        "Profit after tax corporate income": 24864,
        "Volume": 10000000,
        "Close of Quarter": 26.3,
        "EPS": 4320.7,
        "Non-adjusted EPS": 4284,
        "PE": 6.1,
        "Book Price": 20.2
      }
    },
    {
      "quarter": "Q3 2009",
      "income status": {
        "Net sales": 696030,
        "Cost of goods sold": 671643,
        "Gross Profit": 24387,
        "Financial expenses": 15141,
        "Of which: Interest expense": "N/A",
        "Cost of sales": 1344,
        "Enterprise cost management": 6941,
        "Total Operating Expenses": 23426,
        "Total revenue financing activities": 3940,
        "Net profit from business activities": 4900,
        "Profit": 13,
        "Profit before tax": 4940,
        "Present corporate income tax expenses": 1223,
        "Deferred income taxes expenses": 64,
        "The interests of minority shareholders": -63,
        "Total Cost of profits": 1224,
        "Profit after tax corporate income": 3716,
        "Volume": 10000000,
        "Close of Quarter": 30.2,
        "EPS": 1939.5,
        "Non-adjusted EPS": 1923,
        "PE": 15.7,
        "Book Price": 18.3
      }
    },
    {
      "quarter": "Q2 2009",
      "income status": {
        "Net sales": 703972,
        "Cost of goods sold": 677823,
        "Gross Profit": 26149,
        "Financial expenses": 30830,
        "Of which: Interest expense": 21545,
        "Cost of sales": 3945,
        "Enterprise cost management": 9252,
        "Total Operating Expenses": 44027,
        "Total revenue financing activities": 31862,
        "Net profit from business activities": 13984,
        "Profit": -467,
        "Profit before tax": 15292,
        "Present corporate income tax expenses": 4270,
        "Deferred income taxes expenses": -972,
        "The interests of minority shareholders": 1124,
        "Total Cost of profits": 4422,
        "Profit after tax corporate income": 10870,
        "Volume": 10000000,
        "Close of Quarter": 18.8,
        "EPS": 1575.4,
        "Non-adjusted EPS": 1562,
        "PE": 12.1,
        "Book Price": 18.0
      }
    },
    {
      "quarter": "Q1 2009",
      "income status": {
        "Net sales": 433411,
        "Cost of goods sold": 416222,
        "Gross Profit": 17189,
        "Financial expenses": 10087,
        "Of which: Interest expense": 7812,
        "Cost of sales": 1057,
        "Enterprise cost management": 5856,
        "Total Operating Expenses": 17000,
        "Total revenue financing activities": 2960,
        "Net profit from business activities": 3149,
        "Profit": -15,
        "Profit before tax": 4117,
        "Present corporate income tax expenses": 749,
        "Deferred income taxes expenses": "N/A",
        "The interests of minority shareholders": -20,
        "Total Cost of profits": 729,
        "Profit after tax corporate income": 3388,
        "Volume": 10000000,
        "Close of Quarter": 8.7,
        "EPS": 1439.2,
        "Non-adjusted EPS": 1427,
        "PE": 6.1,
        "Book Price": 16.1
      }
    },
    {
      "quarter": "Q4 2008",
      "income status": {
        "Net sales": 656487,
        "Cost of goods sold": 636215,
        "Gross Profit": 20272,
        "Financial expenses": 17024,
        "Of which: Interest expense": 11385,
        "Cost of sales": 4415,
        "Enterprise cost management": 7240,
        "Total Operating Expenses": 28679,
        "Total revenue financing activities": 7316,
        "Net profit from business activities": -1090,
        "Profit": 795,
        "Profit before tax": 488,
        "Present corporate income tax expenses": -695,
        "Deferred income taxes expenses": 28,
        "The interests of minority shareholders": -105,
        "Total Cost of profits": -772,
        "Profit after tax corporate income": 1259,
        "Volume": 8000000,
        "Close of Quarter": 8.1,
        "EPS": 1736.4,
        "Non-adjusted EPS": 2152,
        "PE": 3.8,
        "Book Price": 17.7
      }
    },
    {
      "quarter": "Q3 2008",
      "income status": {
        "Net sales": 553058,
        "Cost of goods sold": 520030,
        "Gross Profit": 33028,
        "Financial expenses": 25957,
        "Of which: Interest expense": "N/A",
        "Cost of sales": 1635,
        "Enterprise cost management": 5956,
        "Total Operating Expenses": 33548,
        "Total revenue financing activities": 5719,
        "Net profit from business activities": 5200,
        "Profit": 1109,
        "Profit before tax": 6309,
        "Present corporate income tax expenses": 6206,
        "Deferred income taxes expenses": "N/A",
        "The interests of minority shareholders": "N/A",
        "Total Cost of profits": 6206,
        "Profit after tax corporate income": 103,
        "Volume": 8000000,
        "Close of Quarter": 14.8,
        "EPS": 2130.1,
        "Non-adjusted EPS": 2640,
        "PE": 5.6,
        "Book Price": 17.6
      }
    },
    {
      "quarter": "Q2 2008",
      "income status": {
        "Net sales": 814803,
        "Cost of goods sold": 776870,
        "Gross Profit": 37933,
        "Financial expenses": 22044,
        "Of which: Interest expense": "N/A",
        "Cost of sales": 1241,
        "Enterprise cost management": 9512,
        "Total Operating Expenses": 32797,
        "Total revenue financing activities": 4574,
        "Net profit from business activities": 9711,
        "Profit": -187,
        "Profit before tax": 9523,
        "Present corporate income tax expenses": "N/A",
        "Deferred income taxes expenses": "N/A",
        "The interests of minority shareholders": "N/A",
        "Total Cost of profits": 0,
        "Profit after tax corporate income": 9523,
        "Volume": 8000000,
        "Close of Quarter": "N/A",
        "EPS": 2494.0,
        "Non-adjusted EPS": 3091,
        "PE": "N/A",
        "Book Price": 17.6
      }
    },
    {
      "quarter": "Q1 2008",
      "income status": {
        "Net sales": 623938,
        "Cost of goods sold": 596747,
        "Gross Profit": 27191,
        "Financial expenses": 17556,
        "Of which: Interest expense": "N/A",
        "Cost of sales": 1841,
        "Enterprise cost management": 8221,
        "Total Operating Expenses": 27618,
        "Total revenue financing activities": 6034,
        "Net profit from business activities": 5607,
        "Profit": 726,
        "Profit before tax": 6333,
        "Present corporate income tax expenses": "N/A",
        "Deferred income taxes expenses": "N/A",
        "The interests of minority shareholders": "N/A",
        "Total Cost of profits": 0,
        "Profit after tax corporate income": 6333,
        "Volume": 8000000,
        "Close of Quarter": "N/A",
        "EPS": 1533.0,
        "Non-adjusted EPS": 1900,
        "PE": "N/A",
        "Book Price": 17.9
      }
    },
    {
      "quarter": "Q2 2007",
      "income status": {
        "Net sales": 497209,
        "Cost of goods sold": 480122,
        "Gross Profit": 17087,
        "Financial expenses": 9148,
        "Of which: Interest expense": "N/A",
        "Cost of sales": 1391,
        "Enterprise cost management": 4603,
        "Total Operating Expenses": 15142,
        "Total revenue financing activities": 3197,
        "Net profit from business activities": 5141,
        "Profit": 18,
        "Profit before tax": 5160,
        "Present corporate income tax expenses": "N/A",
        "Deferred income taxes expenses": "N/A",
        "The interests of minority shareholders": "N/A",
        "Total Cost of profits": 0,
        "Profit after tax corporate income": 5160,
        "Volume": 8000000,
        "Close of Quarter": "N/A",
        "EPS": 894.8,
        "Non-adjusted EPS": 1109,
        "PE": "N/A",
        "Book Price": "N/A"
      }
    },
    {
      "quarter": "Q1 2007",
      "income status": {
        "Net sales": 446164,
        "Cost of goods sold": 434380,
        "Gross Profit": 11783,
        "Financial expenses": 9797,
        "Of which: Interest expense": "N/A",
        "Cost of sales": 905,
        "Enterprise cost management": 4470,
        "Total Operating Expenses": 15172,
        "Total revenue financing activities": 6318,
        "Net profit from business activities": 2929,
        "Profit": 781,
        "Profit before tax": 3710,
        "Present corporate income tax expenses": "N/A",
        "Deferred income taxes expenses": "N/A",
        "The interests of minority shareholders": "N/A",
        "Total Cost of profits": 0,
        "Profit after tax corporate income": 3710,
        "Volume": 8000000,
        "Close of Quarter": "N/A",
        "EPS": 374.4,
        "Non-adjusted EPS": 464,
        "PE": "N/A",
        "Book Price": 17.6
      }
    }
  ]
}