{
  "ticker": "BHC",
  "data": [
    {
      "quarter": "Q2 2016",
      "income status": {
        "Net sales": 59820,
        "Cost of goods sold": 52943,
        "Gross Profit": 6878,
        "Financial expenses": 1734,
        "Of which: Interest expense": 1728,
        "Cost of sales": 984,
        "Enterprise cost management": 3933,
        "Total Operating Expenses": 6651,
        "Total revenue financing activities": 8,
        "Net profit from business activities": 235,
        "Profit": -182,
        "Profit before tax": 52,
        "Present corporate income tax expenses": "N/A",
        "Deferred income taxes expenses": "N/A",
        "The interests of minority shareholders": "N/A",
        "Total Cost of profits": 0,
        "Profit after tax corporate income": 52,
        "Volume": 4500000,
        "Close of Quarter": 2.2,
        "EPS": -20,
        "Non-adjusted EPS": -20,
        "PE": -110,
        "Book Price": -5.2
      }
    },
    {
      "quarter": "Q1 2016",
      "income status": {
        "Net sales": 46782,
        "Cost of goods sold": 40071,
        "Gross Profit": 6711,
        "Financial expenses": 1750,
        "Of which: Interest expense": 1745,
        "Cost of sales": 960,
        "Enterprise cost management": 3275,
        "Total Operating Expenses": 5985,
        "Total revenue financing activities": 3,
        "Net profit from business activities": 729,
        "Profit": -677,
        "Profit before tax": 52,
        "Present corporate income tax expenses": "N/A",
        "Deferred income taxes expenses": "N/A",
        "The interests of minority shareholders": "N/A",
        "Total Cost of profits": 0,
        "Profit after tax corporate income": 52,
        "Volume": 4500000,
        "Close of Quarter": 1.2,
        "EPS": -1063,
        "Non-adjusted EPS": -1063,
        "PE": -1.1,
        "Book Price": -5.2
      }
    },
    {
      "quarter": "Q4 2015",
      "income status": {
        "Net sales": 41513,
        "Cost of goods sold": 32506,
        "Gross Profit": 9006,
        "Financial expenses": 1509,
        "Of which: Interest expense": 1509,
        "Cost of sales": 3143,
        "Enterprise cost management": 3725,
        "Total Operating Expenses": 8377,
        "Total revenue financing activities": 1,
        "Net profit from business activities": 631,
        "Profit": -189,
        "Profit before tax": 442,
        "Present corporate income tax expenses": "N/A",
        "Deferred income taxes expenses": "N/A",
        "The interests of minority shareholders": "N/A",
        "Total Cost of profits": 0,
        "Profit after tax corporate income": 442,
        "Volume": 4500000,
        "Close of Quarter": 1,
        "EPS": -1431,
        "Non-adjusted EPS": -1431,
        "PE": -0.7,
        "Book Price": -4.8
      }
    },
    {
      "quarter": "Q3 2015",
      "income status": {
        "Net sales": 44414,
        "Cost of goods sold": 36600,
        "Gross Profit": 7814,
        "Financial expenses": 2035,
        "Of which: Interest expense": 460,
        "Cost of sales": 3264,
        "Enterprise cost management": 3649,
        "Total Operating Expenses": 8948,
        "Total revenue financing activities": 2,
        "Net profit from business activities": -1131,
        "Profit": 493,
        "Profit before tax": -638,
        "Present corporate income tax expenses": "N/A",
        "Deferred income taxes expenses": "N/A",
        "The interests of minority shareholders": "N/A",
        "Total Cost of profits": 0,
        "Profit after tax corporate income": -638,
        "Volume": 4500000,
        "Close of Quarter": 1,
        "EPS": -1836,
        "Non-adjusted EPS": -1836,
        "PE": -0.5,
        "Book Price": -5.1
      }
    },
    {
      "quarter": "Q2 2015",
      "income status": {
        "Net sales": 41287,
        "Cost of goods sold": 37321,
        "Gross Profit": 3966,
        "Financial expenses": 1891,
        "Of which: Interest expense": 436,
        "Cost of sales": 2678,
        "Enterprise cost management": 3109,
        "Total Operating Expenses": 7678,
        "Total revenue financing activities": 34,
        "Net profit from business activities": -3679,
        "Profit": -961,
        "Profit before tax": -4640,
        "Present corporate income tax expenses": "N/A",
        "Deferred income taxes expenses": "N/A",
        "The interests of minority shareholders": "N/A",
        "Total Cost of profits": 0,
        "Profit after tax corporate income": -4640,
        "Volume": 4500000,
        "Close of Quarter": 1.5,
        "EPS": -2287,
        "Non-adjusted EPS": -2287,
        "PE": -0.7,
        "Book Price": -5
      }
    },
    {
      "quarter": "Q1 2015",
      "income status": {
        "Net sales": 39848,
        "Cost of goods sold": 34295,
        "Gross Profit": 5553,
        "Financial expenses": 1818,
        "Of which: Interest expense": 387,
        "Cost of sales": 2176,
        "Enterprise cost management": 3149,
        "Total Operating Expenses": 7143,
        "Total revenue financing activities": 2,
        "Net profit from business activities": -1587,
        "Profit": -18,
        "Profit before tax": -1605,
        "Present corporate income tax expenses": "N/A",
        "Deferred income taxes expenses": "N/A",
        "The interests of minority shareholders": "N/A",
        "Total Cost of profits": 0,
        "Profit after tax corporate income": -1605,
        "Volume": 4500000,
        "Close of Quarter": 1.1,
        "EPS": -2121,
        "Non-adjusted EPS": -2121,
        "PE": -0.5,
        "Book Price": "N/A"
      }
    },
    {
      "quarter": "Q2 2014",
      "income status": {
        "Net sales": 20170,
        "Cost of goods sold": 17229,
        "Gross Profit": 2941,
        "Financial expenses": 1826,
        "Of which: Interest expense": 1361,
        "Cost of sales": 726,
        "Enterprise cost management": 2728,
        "Total Operating Expenses": 5280,
        "Total revenue financing activities": 1,
        "Net profit from business activities": -2338,
        "Profit": 573,
        "Profit before tax": -1766,
        "Present corporate income tax expenses": "N/A",
        "Deferred income taxes expenses": -388,
        "The interests of minority shareholders": "N/A",
        "Total Cost of profits": -388,
        "Profit after tax corporate income": -1377,
        "Volume": 4500000,
        "Close of Quarter": "N/A",
        "EPS": -2589,
        "Non-adjusted EPS": -2589,
        "PE": "N/A",
        "Book Price": "N/A"
      }
    },
    {
      "quarter": "Q1 2014",
      "income status": {
        "Net sales": 24486,
        "Cost of goods sold": 22068,
        "Gross Profit": 2418,
        "Financial expenses": 1963,
        "Of which: Interest expense": 1639,
        "Cost of sales": 1081,
        "Enterprise cost management": 2788,
        "Total Operating Expenses": 5832,
        "Total revenue financing activities": 11,
        "Net profit from business activities": -3403,
        "Profit": -19,
        "Profit before tax": -3422,
        "Present corporate income tax expenses": "N/A",
        "Deferred income taxes expenses": -753,
        "The interests of minority shareholders": "N/A",
        "Total Cost of profits": -753,
        "Profit after tax corporate income": -2669,
        "Volume": 4500000,
        "Close of Quarter": 3.2,
        "EPS": -3003,
        "Non-adjusted EPS": -3003,
        "PE": -1.1,
        "Book Price": -0.8
      }
    },
    {
      "quarter": "Q4 2013",
      "income status": {
        "Net sales": 27341,
        "Cost of goods sold": 24729,
        "Gross Profit": 2612,
        "Financial expenses": 2322,
        "Of which: Interest expense": 1879,
        "Cost of sales": 2963,
        "Enterprise cost management": 3362,
        "Total Operating Expenses": 8647,
        "Total revenue financing activities": 11,
        "Net profit from business activities": -6024,
        "Profit": 880,
        "Profit before tax": -5145,
        "Present corporate income tax expenses": "N/A",
        "Deferred income taxes expenses": -1251,
        "The interests of minority shareholders": "N/A",
        "Total Cost of profits": -1251,
        "Profit after tax corporate income": -3894,
        "Volume": 4500000,
        "Close of Quarter": 1.7,
        "EPS": -3074,
        "Non-adjusted EPS": -3074,
        "PE": -0.6,
        "Book Price": 0.3
      }
    },
    {
      "quarter": "Q3 2013",
      "income status": {
        "Net sales": 13078,
        "Cost of goods sold": 11730,
        "Gross Profit": 1348,
        "Financial expenses": 2406,
        "Of which: Interest expense": 1907,
        "Cost of sales": 1064,
        "Enterprise cost management": 2753,
        "Total Operating Expenses": 6223,
        "Total revenue financing activities": 8,
        "Net profit from business activities": -4868,
        "Profit": -45,
        "Profit before tax": -4913,
        "Present corporate income tax expenses": "N/A",
        "Deferred income taxes expenses": -1203,
        "The interests of minority shareholders": "N/A",
        "Total Cost of profits": -1203,
        "Profit after tax corporate income": -3711,
        "Volume": 4500000,
        "Close of Quarter": 2.2,
        "EPS": -1518,
        "Non-adjusted EPS": -1518,
        "PE": -1.5,
        "Book Price": 1.2
      }
    },
    {
      "quarter": "Q2 2013",
      "income status": {
        "Net sales": 15804,
        "Cost of goods sold": 14386,
        "Gross Profit": 1418,
        "Financial expenses": 2221,
        "Of which: Interest expense": 2008,
        "Cost of sales": 1397,
        "Enterprise cost management": 2631,
        "Total Operating Expenses": 6249,
        "Total revenue financing activities": 52,
        "Net profit from business activities": -4779,
        "Profit": -336,
        "Profit before tax": -5115,
        "Present corporate income tax expenses": "N/A",
        "Deferred income taxes expenses": -1874,
        "The interests of minority shareholders": "N/A",
        "Total Cost of profits": -1874,
        "Profit after tax corporate income": -3241,
        "Volume": 4500000,
        "Close of Quarter": 1.7,
        "EPS": -1662,
        "Non-adjusted EPS": -1662,
        "PE": -1.0,
        "Book Price": 2
      }
    },
    {
      "quarter": "Q1 2013",
      "income status": {
        "Net sales": 23058,
        "Cost of goods sold": 18543,
        "Gross Profit": 4515,
        "Financial expenses": 2546,
        "Of which: Interest expense": 1985,
        "Cost of sales": 2372,
        "Enterprise cost management": 2426,
        "Total Operating Expenses": 7344,
        "Total revenue financing activities": 13,
        "Net profit from business activities": -2816,
        "Profit": -170,
        "Profit before tax": -2986,
        "Present corporate income tax expenses": "N/A",
        "Deferred income taxes expenses": "N/A",
        "The interests of minority shareholders": "N/A",
        "Total Cost of profits": 0,
        "Profit after tax corporate income": -2986,
        "Volume": 4500000,
        "Close of Quarter": 1.8,
        "EPS": -2517,
        "Non-adjusted EPS": -2517,
        "PE": -0.7,
        "Book Price": 2.7
      }
    },
    {
      "quarter": "Q4 2012",
      "income status": {
        "Net sales": 28100,
        "Cost of goods sold": 21674,
        "Gross Profit": 6427,
        "Financial expenses": 3156,
        "Of which: Interest expense": 2363,
        "Cost of sales": 1382,
        "Enterprise cost management": -3540,
        "Total Operating Expenses": 998,
        "Total revenue financing activities": 15,
        "Net profit from business activities": 5443,
        "Profit": -748,
        "Profit before tax": 4695,
        "Present corporate income tax expenses": 79,
        "Deferred income taxes expenses": 1508,
        "The interests of minority shareholders": "N/A",
        "Total Cost of profits": 1587,
        "Profit after tax corporate income": 3108,
        "Volume": 4500000,
        "Close of Quarter": 1.6,
        "EPS": -3578,
        "Non-adjusted EPS": -3578,
        "PE": -0.5,
        "Book Price": 4.4
      }
    },
    {
      "quarter": "Q3 2012",
      "income status": {
        "Net sales": 31582,
        "Cost of goods sold": 27736,
        "Gross Profit": 3846,
        "Financial expenses": 3447,
        "Of which: Interest expense": 2847,
        "Cost of sales": 2209,
        "Enterprise cost management": 2448,
        "Total Operating Expenses": 8104,
        "Total revenue financing activities": 13,
        "Net profit from business activities": -4246,
        "Profit": -115,
        "Profit before tax": -4361,
        "Present corporate income tax expenses": "N/A",
        "Deferred income taxes expenses": "N/A",
        "The interests of minority shareholders": "N/A",
        "Total Cost of profits": 0,
        "Profit after tax corporate income": -4361,
        "Volume": 4500000,
        "Close of Quarter": 2.7,
        "EPS": -5561,
        "Non-adjusted EPS": -5561,
        "PE": -0.5,
        "Book Price": 3.7
      }
    },
    {
      "quarter": "Q2 2012",
      "income status": {
        "Net sales": 44396,
        "Cost of goods sold": 38347,
        "Gross Profit": 6049,
        "Financial expenses": 5176,
        "Of which: Interest expense": 3562,
        "Cost of sales": 3131,
        "Enterprise cost management": 2720,
        "Total Operating Expenses": 11027,
        "Total revenue financing activities": 21,
        "Net profit from business activities": -4957,
        "Profit": -657,
        "Profit before tax": -5615,
        "Present corporate income tax expenses": 395,
        "Deferred income taxes expenses": 1078,
        "The interests of minority shareholders": "N/A",
        "Total Cost of profits": 1473,
        "Profit after tax corporate income": -7088,
        "Volume": 4500000,
        "Close of Quarter": 3.6,
        "EPS": -5891,
        "Non-adjusted EPS": -5891,
        "PE": -0.6,
        "Book Price": 4.7
      }
    },
    {
      "quarter": "Q1 2012",
      "income status": {
        "Net sales": 23629,
        "Cost of goods sold": 22150,
        "Gross Profit": 1479,
        "Financial expenses": 7209,
        "Of which: Interest expense": 2935,
        "Cost of sales": 2358,
        "Enterprise cost management": 2300,
        "Total Operating Expenses": 11867,
        "Total revenue financing activities": 13,
        "Net profit from business activities": -10375,
        "Profit": 29,
        "Profit before tax": -10346,
        "Present corporate income tax expenses": "N/A",
        "Deferred income taxes expenses": -2586,
        "The interests of minority shareholders": "N/A",
        "Total Cost of profits": -2586,
        "Profit after tax corporate income": -7759,
        "Volume": 4500000,
        "Close of Quarter": 4.8,
        "EPS": -4935,
        "Non-adjusted EPS": -4935,
        "PE": -1.0,
        "Book Price": 6.2
      }
    },
    {
      "quarter": "Q4 2011",
      "income status": {
        "Net sales": 52670,
        "Cost of goods sold": 45977,
        "Gross Profit": 6692,
        "Financial expenses": 4555,
        "Of which: Interest expense": 4105,
        "Cost of sales": 5732,
        "Enterprise cost management": 2829,
        "Total Operating Expenses": 13116,
        "Total revenue financing activities": 34,
        "Net profit from business activities": -6389,
        "Profit": 107,
        "Profit before tax": -6282,
        "Present corporate income tax expenses": 898,
        "Deferred income taxes expenses": -1363,
        "The interests of minority shareholders": "N/A",
        "Total Cost of profits": -465,
        "Profit after tax corporate income": -5817,
        "Volume": 4500000,
        "Close of Quarter": 4.3,
        "EPS": -3552,
        "Non-adjusted EPS": -3552,
        "PE": -1.2,
        "Book Price": 7.4
      }
    },
    {
      "quarter": "Q3 2011",
      "income status": {
        "Net sales": 28337,
        "Cost of goods sold": 26373,
        "Gross Profit": 1964,
        "Financial expenses": 3126,
        "Of which: Interest expense": 2802,
        "Cost of sales": 4505,
        "Enterprise cost management": 2621,
        "Total Operating Expenses": 10252,
        "Total revenue financing activities": 9,
        "Net profit from business activities": -8279,
        "Profit": 1476,
        "Profit before tax": -6804,
        "Present corporate income tax expenses": "N/A",
        "Deferred income taxes expenses": -957,
        "The interests of minority shareholders": "N/A",
        "Total Cost of profits": -957,
        "Profit after tax corporate income": -5847,
        "Volume": 4500000,
        "Close of Quarter": 4.9,
        "EPS": -2369,
        "Non-adjusted EPS": -2369,
        "PE": -2.1,
        "Book Price": 8.7
      }
    },
    {
      "quarter": "Q2 2011",
      "income status": {
        "Net sales": 52337,
        "Cost of goods sold": 42714,
        "Gross Profit": 9623,
        "Financial expenses": 6335,
        "Of which: Interest expense": 4800,
        "Cost of sales": 4564,
        "Enterprise cost management": 2462,
        "Total Operating Expenses": 13361,
        "Total revenue financing activities": 24,
        "Net profit from business activities": -3713,
        "Profit": -32,
        "Profit before tax": -3745,
        "Present corporate income tax expenses": -962,
        "Deferred income taxes expenses": "N/A",
        "The interests of minority shareholders": "N/A",
        "Total Cost of profits": -962,
        "Profit after tax corporate income": -2784,
        "Volume": 4500000,
        "Close of Quarter": 4.9,
        "EPS": -100,
        "Non-adjusted EPS": -100,
        "PE": -49,
        "Book Price": 9.8
      }
    },
    {
      "quarter": "Q1 2011",
      "income status": {
        "Net sales": 52771,
        "Cost of goods sold": 45858,
        "Gross Profit": 6912,
        "Financial expenses": 1992,
        "Of which: Interest expense": 1892,
        "Cost of sales": 3923,
        "Enterprise cost management": 2628,
        "Total Operating Expenses": 8543,
        "Total revenue financing activities": 14,
        "Net profit from business activities": -1617,
        "Profit": 83,
        "Profit before tax": -1534,
        "Present corporate income tax expenses": "N/A",
        "Deferred income taxes expenses": "N/A",
        "The interests of minority shareholders": "N/A",
        "Total Cost of profits": 0,
        "Profit after tax corporate income": -1534,
        "Volume": 4500000,
        "Close of Quarter": 8.6,
        "EPS": 978,
        "Non-adjusted EPS": 978,
        "PE": 8.8,
        "Book Price": 10.6
      }
    },
    {
      "quarter": "Q4 2010",
      "income status": {
        "Net sales": 71026,
        "Cost of goods sold": 59747,
        "Gross Profit": 11279,
        "Financial expenses": 3711,
        "Of which: Interest expense": 3427,
        "Cost of sales": 4780,
        "Enterprise cost management": 3586,
        "Total Operating Expenses": 12077,
        "Total revenue financing activities": 18,
        "Net profit from business activities": -779,
        "Profit": 98,
        "Profit before tax": -682,
        "Present corporate income tax expenses": -185,
        "Deferred income taxes expenses": "N/A",
        "The interests of minority shareholders": "N/A",
        "Total Cost of profits": -185,
        "Profit after tax corporate income": -496,
        "Volume": 4500000,
        "Close of Quarter": 11.0,
        "EPS": 1715,
        "Non-adjusted EPS": 1715,
        "PE": 6.4,
        "Book Price": 12.7
      }
    },
    {
      "quarter": "Q3 2010",
      "income status": {
        "Net sales": 71898,
        "Cost of goods sold": 50556,
        "Gross Profit": 21342,
        "Financial expenses": 3160,
        "Of which: Interest expense": 2866,
        "Cost of sales": 8135,
        "Enterprise cost management": 4895,
        "Total Operating Expenses": 16190,
        "Total revenue financing activities": 36,
        "Net profit from business activities": 5188,
        "Profit": 52,
        "Profit before tax": 5240,
        "Present corporate income tax expenses": 875,
        "Deferred income taxes expenses": "N/A",
        "The interests of minority shareholders": "N/A",
        "Total Cost of profits": 875,
        "Profit after tax corporate income": 4365,
        "Volume": 4500000,
        "Close of Quarter": 12.1,
        "EPS": 3367,
        "Non-adjusted EPS": 3367,
        "PE": 3.6,
        "Book Price": 12.8
      }
    },
    {
      "quarter": "Q2 2010",
      "income status": {
        "Net sales": 67057,
        "Cost of goods sold": "N/A",
        "Gross Profit": 15220,
        "Financial expenses": "N/A",
        "Of which: Interest expense": 3118,
        "Cost of sales": 4266,
        "Enterprise cost management": 4160,
        "Total Operating Expenses": 8426,
        "Total revenue financing activities": "N/A",
        "Net profit from business activities": 3468,
        "Profit": 119,
        "Profit before tax": 3587,
        "Present corporate income tax expenses": 1523,
        "Deferred income taxes expenses": "N/A",
        "The interests of minority shareholders": "N/A",
        "Total Cost of profits": 1523,
        "Profit after tax corporate income": 2064,
        "Volume": 4500000,
        "Close of Quarter": 12.9,
        "EPS": 1816,
        "Non-adjusted EPS": 1816,
        "PE": 7.1,
        "Book Price": 11.8
      }
    },
    {
      "quarter": "Q1 2010",
      "income status": {
        "Net sales": 47096,
        "Cost of goods sold": "N/A",
        "Gross Profit": 9904,
        "Financial expenses": "N/A",
        "Of which: Interest expense": "N/A",
        "Cost of sales": 4028,
        "Enterprise cost management": 2791,
        "Total Operating Expenses": 6819,
        "Total revenue financing activities": "N/A",
        "Net profit from business activities": 1764,
        "Profit": 19,
        "Profit before tax": 1783,
        "Present corporate income tax expenses": "N/A",
        "Deferred income taxes expenses": "N/A",
        "The interests of minority shareholders": "N/A",
        "Total Cost of profits": 0,
        "Profit after tax corporate income": 1783,
        "Volume": 4500000,
        "Close of Quarter": 11.5,
        "EPS": 908,
        "Non-adjusted EPS": 908,
        "PE": 12.6,
        "Book Price": 11.4
      }
    },
    {
      "quarter": "Q4 2009",
      "income status": {
        "Net sales": 74365,
        "Cost of goods sold": "N/A",
        "Gross Profit": 13447,
        "Financial expenses": "N/A",
        "Of which: Interest expense": "N/A",
        "Cost of sales": 4787,
        "Enterprise cost management": -80,
        "Total Operating Expenses": 4707,
        "Total revenue financing activities": "N/A",
        "Net profit from business activities": 6442,
        "Profit": 799,
        "Profit before tax": 7241,
        "Present corporate income tax expenses": 300,
        "Deferred income taxes expenses": "N/A",
        "The interests of minority shareholders": "N/A",
        "Total Cost of profits": 300,
        "Profit after tax corporate income": 6940,
        "Volume": 4500000,
        "Close of Quarter": 10.5,
        "EPS": 154,
        "Non-adjusted EPS": 154,
        "PE": 68.2,
        "Book Price": 11.2
      }
    },
    {
      "quarter": "Q3 2009",
      "income status": {
        "Net sales": 33394,
        "Cost of goods sold": "N/A",
        "Gross Profit": 2261,
        "Financial expenses": "N/A",
        "Of which: Interest expense": "N/A",
        "Cost of sales": 940,
        "Enterprise cost management": 2543,
        "Total Operating Expenses": 3483,
        "Total revenue financing activities": "N/A",
        "Net profit from business activities": -3309,
        "Profit": 696,
        "Profit before tax": -2613,
        "Present corporate income tax expenses": "N/A",
        "Deferred income taxes expenses": "N/A",
        "The interests of minority shareholders": "N/A",
        "Total Cost of profits": 0,
        "Profit after tax corporate income": -2613,
        "Volume": 4500000,
        "Close of Quarter": 12.6,
        "EPS": -1389,
        "Non-adjusted EPS": -1389,
        "PE": -9.1,
        "Book Price": 9.6
      }
    },
    {
      "quarter": "Q2 2009",
      "income status": {
        "Net sales": 26706,
        "Cost of goods sold": 23600,
        "Gross Profit": 3107,
        "Financial expenses": 839,
        "Of which: Interest expense": 822,
        "Cost of sales": 1775,
        "Enterprise cost management": 2560,
        "Total Operating Expenses": 5174,
        "Total revenue financing activities": 5,
        "Net profit from business activities": -2062,
        "Profit": 38,
        "Profit before tax": -2024,
        "Present corporate income tax expenses": "N/A",
        "Deferred income taxes expenses": "N/A",
        "The interests of minority shareholders": "N/A",
        "Total Cost of profits": 0,
        "Profit after tax corporate income": -2024,
        "Volume": 4500000,
        "Close of Quarter": 13.4,
        "EPS": -808,
        "Non-adjusted EPS": -808,
        "PE": -16.6,
        "Book Price": 10.2
      }
    },
    {
      "quarter": "Q1 2009",
      "income status": {
        "Net sales": 18201,
        "Cost of goods sold": 16595,
        "Gross Profit": 1607,
        "Financial expenses": 451,
        "Of which: Interest expense": -822,
        "Cost of sales": 768,
        "Enterprise cost management": 1985,
        "Total Operating Expenses": 3204,
        "Total revenue financing activities": 4,
        "Net profit from business activities": -1593,
        "Profit": -19,
        "Profit before tax": -1612,
        "Present corporate income tax expenses": "N/A",
        "Deferred income taxes expenses": "N/A",
        "The interests of minority shareholders": "N/A",
        "Total Cost of profits": 0,
        "Profit after tax corporate income": -1612,
        "Volume": 4500000,
        "Close of Quarter": "N/A",
        "EPS": -358,
        "Non-adjusted EPS": -358,
        "PE": "N/A",
        "Book Price": "N/A"
      }
    }
  ]
}