{
  "ticker": "CYC",
  "data": [
    {
      "quarter": "Q1 2017",
      "income status": {
        "Net sales": 50907,
        "Cost of goods sold": 45776,
        "Gross Profit": 5131,
        "Financial expenses": 1197,
        "Of which: Interest expense": 1197,
        "Cost of sales": 1884,
        "Enterprise cost management": 3183,
        "Total Operating Expenses": 6264,
        "Total revenue financing activities": 64,
        "Net profit from business activities": -1048,
        "Profit": -102,
        "Profit before tax": -1150,
        "Present corporate income tax expenses": "N/A",
        "Deferred income taxes expenses": "N/A",
        "The interests of minority shareholders": "N/A",
        "Total Cost of profits": 0,
        "Profit after tax corporate income": -1150,
        "Volume": 9046425,
        "Close of Quarter": 4.1,
        "EPS": 188,
        "Non-adjusted EPS": 188,
        "PE": 21.6,
        "Book Price": 6.1
      }
    },
    {
      "quarter": "Q4 2016",
      "income status": {
        "Net sales": 82907,
        "Cost of goods sold": 77155,
        "Gross Profit": 5752,
        "Financial expenses": 293,
        "Of which: Interest expense": 290,
        "Cost of sales": 2435,
        "Enterprise cost management": 2548,
        "Total Operating Expenses": 5276,
        "Total revenue financing activities": 60,
        "Net profit from business activities": 536,
        "Profit": 187,
        "Profit before tax": 723,
        "Present corporate income tax expenses": "N/A",
        "Deferred income taxes expenses": "N/A",
        "The interests of minority shareholders": "N/A",
        "Total Cost of profits": 0,
        "Profit after tax corporate income": 723,
        "Volume": 9046425,
        "Close of Quarter": 3.5,
        "EPS": 397,
        "Non-adjusted EPS": 397,
        "PE": 8.7,
        "Book Price": 7.5
      }
    },
    {
      "quarter": "Q3 2016",
      "income status": {
        "Net sales": 94634,
        "Cost of goods sold": 87487,
        "Gross Profit": 7147,
        "Financial expenses": 967,
        "Of which: Interest expense": 965,
        "Cost of sales": 1420,
        "Enterprise cost management": 2784,
        "Total Operating Expenses": 5171,
        "Total revenue financing activities": 38,
        "Net profit from business activities": 2014,
        "Profit": -252,
        "Profit before tax": 1762,
        "Present corporate income tax expenses": "N/A",
        "Deferred income taxes expenses": "N/A",
        "The interests of minority shareholders": "N/A",
        "Total Cost of profits": 0,
        "Profit after tax corporate income": 1762,
        "Volume": 9046425,
        "Close of Quarter": 4.7,
        "EPS": -1562,
        "Non-adjusted EPS": -1562,
        "PE": -3,
        "Book Price": 7.6
      }
    },
    {
      "quarter": "Q2 2016",
      "income status": {
        "Net sales": 73465,
        "Cost of goods sold": 66458,
        "Gross Profit": 7007,
        "Financial expenses": 3857,
        "Of which: Interest expense": 3422,
        "Cost of sales": 1444,
        "Enterprise cost management": 2772,
        "Total Operating Expenses": 8073,
        "Total revenue financing activities": 1301,
        "Net profit from business activities": 235,
        "Profit": 135,
        "Profit before tax": 369,
        "Present corporate income tax expenses": "N/A",
        "Deferred income taxes expenses": "N/A",
        "The interests of minority shareholders": "N/A",
        "Total Cost of profits": 0,
        "Profit after tax corporate income": 369,
        "Volume": 9046425,
        "Close of Quarter": 3.5,
        "EPS": -2294,
        "Non-adjusted EPS": -2294,
        "PE": -1.5,
        "Book Price": 7.4
      }
    },
    {
      "quarter": "Q1 2016",
      "income status": {
        "Net sales": 39355,
        "Cost of goods sold": 32576,
        "Gross Profit": 6779,
        "Financial expenses": 1210,
        "Of which: Interest expense": 1175,
        "Cost of sales": 1651,
        "Enterprise cost management": 3030,
        "Total Operating Expenses": 5891,
        "Total revenue financing activities": 3,
        "Net profit from business activities": 890,
        "Profit": -157,
        "Profit before tax": 733,
        "Present corporate income tax expenses": "N/A",
        "Deferred income taxes expenses": "N/A",
        "The interests of minority shareholders": "N/A",
        "Total Cost of profits": 0,
        "Profit after tax corporate income": 733,
        "Volume": 9046425,
        "Close of Quarter": 3,
        "EPS": -2811,
        "Non-adjusted EPS": -2811,
        "PE": -1.1,
        "Book Price": 7.3
      }
    },
    {
      "quarter": "Q4 2015",
      "income status": {
        "Net sales": 98663,
        "Cost of goods sold": 96432,
        "Gross Profit": 2231,
        "Financial expenses": 3109,
        "Of which: Interest expense": 2516,
        "Cost of sales": 2520,
        "Enterprise cost management": 13990,
        "Total Operating Expenses": 19619,
        "Total revenue financing activities": 557,
        "Net profit from business activities": -16830,
        "Profit": -162,
        "Profit before tax": -16992,
        "Present corporate income tax expenses": "N/A",
        "Deferred income taxes expenses": "N/A",
        "The interests of minority shareholders": "N/A",
        "Total Cost of profits": 0,
        "Profit after tax corporate income": -16992,
        "Volume": 9046425,
        "Close of Quarter": 3.6,
        "EPS": -3480,
        "Non-adjusted EPS": -3480,
        "PE": -1.0,
        "Book Price": 7.9
      }
    },
    {
      "quarter": "Q3 2015",
      "income status": {
        "Net sales": 73676,
        "Cost of goods sold": 70445,
        "Gross Profit": 3231,
        "Financial expenses": 2894,
        "Of which: Interest expense": 2890,
        "Cost of sales": 2230,
        "Enterprise cost management": 2691,
        "Total Operating Expenses": 7815,
        "Total revenue financing activities": 16,
        "Net profit from business activities": -4568,
        "Profit": -291,
        "Profit before tax": -4859,
        "Present corporate income tax expenses": "N/A",
        "Deferred income taxes expenses": "N/A",
        "The interests of minority shareholders": "N/A",
        "Total Cost of profits": 0,
        "Profit after tax corporate income": -4859,
        "Volume": 9046425,
        "Close of Quarter": 3.2,
        "EPS": -1893,
        "Non-adjusted EPS": -1893,
        "PE": -1.7,
        "Book Price": 9.8
      }
    },
    {
      "quarter": "Q2 2015",
      "income status": {
        "Net sales": 89492,
        "Cost of goods sold": 82966,
        "Gross Profit": 6526,
        "Financial expenses": 4180,
        "Of which: Interest expense": 3088,
        "Cost of sales": 3285,
        "Enterprise cost management": 2790,
        "Total Operating Expenses": 10255,
        "Total revenue financing activities": 18,
        "Net profit from business activities": -3711,
        "Profit": -600,
        "Profit before tax": -4311,
        "Present corporate income tax expenses": "N/A",
        "Deferred income taxes expenses": "N/A",
        "The interests of minority shareholders": "N/A",
        "Total Cost of profits": 0,
        "Profit after tax corporate income": -4311,
        "Volume": 9046425,
        "Close of Quarter": 3.8,
        "EPS": -1204,
        "Non-adjusted EPS": -1204,
        "PE": -3.2,
        "Book Price": 10.3
      }
    },
    {
      "quarter": "Q1 2015",
      "income status": {
        "Net sales": 63122,
        "Cost of goods sold": 59822,
        "Gross Profit": 3300,
        "Financial expenses": 3841,
        "Of which: Interest expense": 2933,
        "Cost of sales": 2381,
        "Enterprise cost management": 2596,
        "Total Operating Expenses": 8818,
        "Total revenue financing activities": 52,
        "Net profit from business activities": -5466,
        "Profit": 143,
        "Profit before tax": -5324,
        "Present corporate income tax expenses": "N/A",
        "Deferred income taxes expenses": "N/A",
        "The interests of minority shareholders": "N/A",
        "Total Cost of profits": 0,
        "Profit after tax corporate income": -5324,
        "Volume": 9046425,
        "Close of Quarter": 3.6,
        "EPS": -1082,
        "Non-adjusted EPS": -1082,
        "PE": -3.3,
        "Book Price": 10.8
      }
    },
    {
      "quarter": "Q4 2014",
      "income status": {
        "Net sales": 94348,
        "Cost of goods sold": 87359,
        "Gross Profit": 6989,
        "Financial expenses": 2626,
        "Of which: Interest expense": 2495,
        "Cost of sales": 3340,
        "Enterprise cost management": 3741,
        "Total Operating Expenses": 9707,
        "Total revenue financing activities": 146,
        "Net profit from business activities": -2572,
        "Profit": -62,
        "Profit before tax": -2634,
        "Present corporate income tax expenses": "N/A",
        "Deferred income taxes expenses": "N/A",
        "The interests of minority shareholders": "N/A",
        "Total Cost of profits": 0,
        "Profit after tax corporate income": -2634,
        "Volume": 9046425,
        "Close of Quarter": 3.5,
        "EPS": -603,
        "Non-adjusted EPS": -603,
        "PE": -5.8,
        "Book Price": 12.2
      }
    },
    {
      "quarter": "Q3 2014",
      "income status": {
        "Net sales": 97336,
        "Cost of goods sold": 87338,
        "Gross Profit": 9998,
        "Financial expenses": 2341,
        "Of which: Interest expense": 2340,
        "Cost of sales": 2354,
        "Enterprise cost management": 3650,
        "Total Operating Expenses": 8345,
        "Total revenue financing activities": 4,
        "Net profit from business activities": 1658,
        "Profit": -277,
        "Profit before tax": 1381,
        "Present corporate income tax expenses": "N/A",
        "Deferred income taxes expenses": "N/A",
        "The interests of minority shareholders": "N/A",
        "Total Cost of profits": 0,
        "Profit after tax corporate income": 1381,
        "Volume": 9046425,
        "Close of Quarter": 4.7,
        "EPS": 330,
        "Non-adjusted EPS": 330,
        "PE": 14.2,
        "Book Price": 12.6
      }
    },
    {
      "quarter": "Q2 2014",
      "income status": {
        "Net sales": 93693,
        "Cost of goods sold": 84897,
        "Gross Profit": 8796,
        "Financial expenses": 3361,
        "Of which: Interest expense": 2057,
        "Cost of sales": 2484,
        "Enterprise cost management": 3788,
        "Total Operating Expenses": 9633,
        "Total revenue financing activities": 136,
        "Net profit from business activities": -701,
        "Profit": -2509,
        "Profit before tax": -3210,
        "Present corporate income tax expenses": "N/A",
        "Deferred income taxes expenses": "N/A",
        "The interests of minority shareholders": "N/A",
        "Total Cost of profits": 0,
        "Profit after tax corporate income": -3210,
        "Volume": 9046425,
        "Close of Quarter": 4.3,
        "EPS": 98,
        "Non-adjusted EPS": 98,
        "PE": 43.9,
        "Book Price": 12.4
      }
    },
    {
      "quarter": "Q1 2014",
      "income status": {
        "Net sales": 62898,
        "Cost of goods sold": 55010,
        "Gross Profit": 7887,
        "Financial expenses": 1870,
        "Of which: Interest expense": 1870,
        "Cost of sales": 3597,
        "Enterprise cost management": 3332,
        "Total Operating Expenses": 8799,
        "Total revenue financing activities": 9,
        "Net profit from business activities": -904,
        "Profit": -85,
        "Profit before tax": -989,
        "Present corporate income tax expenses": "N/A",
        "Deferred income taxes expenses": "N/A",
        "The interests of minority shareholders": "N/A",
        "Total Cost of profits": 0,
        "Profit after tax corporate income": -989,
        "Volume": 9046425,
        "Close of Quarter": 8,
        "EPS": 1127,
        "Non-adjusted EPS": 1127,
        "PE": 7.1,
        "Book Price": 12.8
      }
    },
    {
      "quarter": "Q4 2013",
      "income status": {
        "Net sales": 106926,
        "Cost of goods sold": 88139,
        "Gross Profit": 18786,
        "Financial expenses": 2343,
        "Of which: Interest expense": 1672,
        "Cost of sales": 5209,
        "Enterprise cost management": 4585,
        "Total Operating Expenses": 12137,
        "Total revenue financing activities": 430,
        "Net profit from business activities": 7078,
        "Profit": -254,
        "Profit before tax": 6825,
        "Present corporate income tax expenses": 1024,
        "Deferred income taxes expenses": "N/A",
        "The interests of minority shareholders": "N/A",
        "Total Cost of profits": 1024,
        "Profit after tax corporate income": 5801,
        "Volume": 9046425,
        "Close of Quarter": 4.9,
        "EPS": 1352,
        "Non-adjusted EPS": 1352,
        "PE": 3.6,
        "Book Price": 13.2
      }
    },
    {
      "quarter": "Q3 2013",
      "income status": {
        "Net sales": 88658,
        "Cost of goods sold": 82233,
        "Gross Profit": 6425,
        "Financial expenses": 1718,
        "Of which: Interest expense": 1717,
        "Cost of sales": 3133,
        "Enterprise cost management": 2539,
        "Total Operating Expenses": 7390,
        "Total revenue financing activities": 39,
        "Net profit from business activities": -926,
        "Profit": 215,
        "Profit before tax": -712,
        "Present corporate income tax expenses": "N/A",
        "Deferred income taxes expenses": "N/A",
        "The interests of minority shareholders": "N/A",
        "Total Cost of profits": 0,
        "Profit after tax corporate income": -712,
        "Volume": 9046425,
        "Close of Quarter": 5.3,
        "EPS": 714,
        "Non-adjusted EPS": 714,
        "PE": 7.4,
        "Book Price": 12.5
      }
    },
    {
      "quarter": "Q2 2013",
      "income status": {
        "Net sales": 109011,
        "Cost of goods sold": 92391,
        "Gross Profit": 16620,
        "Financial expenses": 3726,
        "Of which: Interest expense": -5799,
        "Cost of sales": 3568,
        "Enterprise cost management": 3027,
        "Total Operating Expenses": 10321,
        "Total revenue financing activities": 441,
        "Net profit from business activities": 6740,
        "Profit": 433,
        "Profit before tax": 7174,
        "Present corporate income tax expenses": 1076,
        "Deferred income taxes expenses": "N/A",
        "The interests of minority shareholders": "N/A",
        "Total Cost of profits": 1076,
        "Profit after tax corporate income": 6098,
        "Volume": 9046425,
        "Close of Quarter": 2.8,
        "EPS": 1564,
        "Non-adjusted EPS": 1564,
        "PE": 1.8,
        "Book Price": 12.6
      }
    },
    {
      "quarter": "Q1 2013",
      "income status": {
        "Net sales": 74381,
        "Cost of goods sold": 60469,
        "Gross Profit": 13912,
        "Financial expenses": 1800,
        "Of which: Interest expense": 1735,
        "Cost of sales": 3042,
        "Enterprise cost management": 8233,
        "Total Operating Expenses": 13075,
        "Total revenue financing activities": 40,
        "Net profit from business activities": 877,
        "Profit": 352,
        "Profit before tax": 1229,
        "Present corporate income tax expenses": 184,
        "Deferred income taxes expenses": "N/A",
        "The interests of minority shareholders": "N/A",
        "Total Cost of profits": 184,
        "Profit after tax corporate income": 1045,
        "Volume": 9046425,
        "Close of Quarter": 2.7,
        "EPS": 1077,
        "Non-adjusted EPS": 1077,
        "PE": 2.5,
        "Book Price": 11.9
      }
    },
    {
      "quarter": "Q4 2012",
      "income status": {
        "Net sales": 100460,
        "Cost of goods sold": 80969,
        "Gross Profit": 19491,
        "Financial expenses": 2304,
        "Of which: Interest expense": 2277,
        "Cost of sales": 3630,
        "Enterprise cost management": 13521,
        "Total Operating Expenses": 19455,
        "Total revenue financing activities": 46,
        "Net profit from business activities": 83,
        "Profit": -52,
        "Profit before tax": 31,
        "Present corporate income tax expenses": "N/A",
        "Deferred income taxes expenses": "N/A",
        "The interests of minority shareholders": "N/A",
        "Total Cost of profits": 0,
        "Profit after tax corporate income": 31,
        "Volume": 9046425,
        "Close of Quarter": 2.2,
        "EPS": 582,
        "Non-adjusted EPS": 582,
        "PE": 3.8,
        "Book Price": 12.2
      }
    },
    {
      "quarter": "Q3 2012",
      "income status": {
        "Net sales": 78947,
        "Cost of goods sold": 63787,
        "Gross Profit": 15160,
        "Financial expenses": 2736,
        "Of which: Interest expense": 2716,
        "Cost of sales": 2965,
        "Enterprise cost management": 1569,
        "Total Operating Expenses": 7270,
        "Total revenue financing activities": 23,
        "Net profit from business activities": 7913,
        "Profit": 292,
        "Profit before tax": 8205,
        "Present corporate income tax expenses": 1231,
        "Deferred income taxes expenses": "N/A",
        "The interests of minority shareholders": "N/A",
        "Total Cost of profits": 1231,
        "Profit after tax corporate income": 6974,
        "Volume": 9046425,
        "Close of Quarter": 2.2,
        "EPS": 665,
        "Non-adjusted EPS": 665,
        "PE": 3.3,
        "Book Price": 12.2
      }
    },
    {
      "quarter": "Q2 2012",
      "income status": {
        "Net sales": 70858,
        "Cost of goods sold": 61344,
        "Gross Profit": 9514,
        "Financial expenses": 2813,
        "Of which: Interest expense": 2778,
        "Cost of sales": 2436,
        "Enterprise cost management": 2262,
        "Total Operating Expenses": 7511,
        "Total revenue financing activities": 49,
        "Net profit from business activities": 2052,
        "Profit": -359,
        "Profit before tax": 1693,
        "Present corporate income tax expenses": "N/A",
        "Deferred income taxes expenses": "N/A",
        "The interests of minority shareholders": "N/A",
        "Total Cost of profits": 0,
        "Profit after tax corporate income": 1693,
        "Volume": 9046425,
        "Close of Quarter": 2.3,
        "EPS": -47,
        "Non-adjusted EPS": -47,
        "PE": -48.9,
        "Book Price": 11.4
      }
    },
    {
      "quarter": "Q1 2012",
      "income status": {
        "Net sales": 54731,
        "Cost of goods sold": 48594,
        "Gross Profit": 6138,
        "Financial expenses": 3172,
        "Of which: Interest expense": 3124,
        "Cost of sales": 4576,
        "Enterprise cost management": 1714,
        "Total Operating Expenses": 9462,
        "Total revenue financing activities": 211,
        "Net profit from business activities": -3113,
        "Profit": -319,
        "Profit before tax": -3432,
        "Present corporate income tax expenses": "N/A",
        "Deferred income taxes expenses": "N/A",
        "The interests of minority shareholders": "N/A",
        "Total Cost of profits": 0,
        "Profit after tax corporate income": -3432,
        "Volume": 9046425,
        "Close of Quarter": 2.6,
        "EPS": -134,
        "Non-adjusted EPS": -134,
        "PE": -19.4,
        "Book Price": 11.2
      }
    },
    {
      "quarter": "Q4 2011",
      "income status": {
        "Net sales": 70599,
        "Cost of goods sold": 54803,
        "Gross Profit": 15796,
        "Financial expenses": 13015,
        "Of which: Interest expense": 3024,
        "Cost of sales": 4577,
        "Enterprise cost management": 3425,
        "Total Operating Expenses": 21017,
        "Total revenue financing activities": 880,
        "Net profit from business activities": -4342,
        "Profit": 5273,
        "Profit before tax": 931,
        "Present corporate income tax expenses": 153,
        "Deferred income taxes expenses": "N/A",
        "The interests of minority shareholders": "N/A",
        "Total Cost of profits": 153,
        "Profit after tax corporate income": 778,
        "Volume": 9046425,
        "Close of Quarter": 3.1,
        "EPS": 94,
        "Non-adjusted EPS": 94,
        "PE": 33.0,
        "Book Price": 11.5
      }
    },
    {
      "quarter": "Q3 2011",
      "income status": {
        "Net sales": 88597,
        "Cost of goods sold": 74147,
        "Gross Profit": 14450,
        "Financial expenses": 4026,
        "Of which: Interest expense": 3045,
        "Cost of sales": 5546,
        "Enterprise cost management": 2622,
        "Total Operating Expenses": 12194,
        "Total revenue financing activities": 411,
        "Net profit from business activities": 2667,
        "Profit": -2069,
        "Profit before tax": -231,
        "Present corporate income tax expenses": 58,
        "Deferred income taxes expenses": "N/A",
        "The interests of minority shareholders": "N/A",
        "Total Cost of profits": 58,
        "Profit after tax corporate income": 540,
        "Volume": 9046425,
        "Close of Quarter": 2.6,
        "EPS": 676,
        "Non-adjusted EPS": 676,
        "PE": 3.9,
        "Book Price": 11.4
      }
    },
    {
      "quarter": "Q2 2011",
      "income status": {
        "Net sales": 74113,
        "Cost of goods sold": 59626,
        "Gross Profit": 14487,
        "Financial expenses": 6233,
        "Of which: Interest expense": 2473,
        "Cost of sales": 4913,
        "Enterprise cost management": 2960,
        "Total Operating Expenses": 14106,
        "Total revenue financing activities": 464,
        "Net profit from business activities": 846,
        "Profit": 213,
        "Profit before tax": 1059,
        "Present corporate income tax expenses": 159,
        "Deferred income taxes expenses": "N/A",
        "The interests of minority shareholders": "N/A",
        "Total Cost of profits": 159,
        "Profit after tax corporate income": 901,
        "Volume": 9046425,
        "Close of Quarter": 3.9,
        "EPS": 1173,
        "Non-adjusted EPS": 1173,
        "PE": 3.3,
        "Book Price": 11.4
      }
    },
    {
      "quarter": "Q1 2011",
      "income status": {
        "Net sales": 75583,
        "Cost of goods sold": 69105,
        "Gross Profit": 6478,
        "Financial expenses": 3209,
        "Of which: Interest expense": 2024,
        "Cost of sales": 4082,
        "Enterprise cost management": 3054,
        "Total Operating Expenses": 10345,
        "Total revenue financing activities": 2427,
        "Net profit from business activities": -1439,
        "Profit": 72,
        "Profit before tax": -1367,
        "Present corporate income tax expenses": "N/A",
        "Deferred income taxes expenses": "N/A",
        "The interests of minority shareholders": "N/A",
        "Total Cost of profits": 0,
        "Profit after tax corporate income": -1367,
        "Volume": 9046425,
        "Close of Quarter": 4.5,
        "EPS": -1379,
        "Non-adjusted EPS": -1379,
        "PE": -3.3,
        "Book Price": 11.3
      }
    },
    {
      "quarter": "Q4 2010",
      "income status": {
        "Net sales": 84174,
        "Cost of goods sold": 67647,
        "Gross Profit": 16527,
        "Financial expenses": 3832,
        "Of which: Interest expense": 1782,
        "Cost of sales": 4455,
        "Enterprise cost management": 2625,
        "Total Operating Expenses": 10912,
        "Total revenue financing activities": 1232,
        "Net profit from business activities": 6847,
        "Profit": 277,
        "Profit before tax": 7124,
        "Present corporate income tax expenses": 1082,
        "Deferred income taxes expenses": "N/A",
        "The interests of minority shareholders": "N/A",
        "Total Cost of profits": 1082,
        "Profit after tax corporate income": 6042,
        "Volume": 9046425,
        "Close of Quarter": 6.6,
        "EPS": -1139,
        "Non-adjusted EPS": -1139,
        "PE": -5.8,
        "Book Price": 12
      }
    },
    {
      "quarter": "Q3 2010",
      "income status": {
        "Net sales": 73895,
        "Cost of goods sold": 59072,
        "Gross Profit": 14822,
        "Financial expenses": 4757,
        "Of which: Interest expense": 2066,
        "Cost of sales": 3355,
        "Enterprise cost management": 1692,
        "Total Operating Expenses": 9804,
        "Total revenue financing activities": 1025,
        "Net profit from business activities": 6043,
        "Profit": -116,
        "Profit before tax": 5927,
        "Present corporate income tax expenses": 889,
        "Deferred income taxes expenses": "N/A",
        "The interests of minority shareholders": "N/A",
        "Total Cost of profits": 889,
        "Profit after tax corporate income": 5038,
        "Volume": 9046425,
        "Close of Quarter": 7.4,
        "EPS": -1221,
        "Non-adjusted EPS": -1221,
        "PE": -6.1,
        "Book Price": 11.3
      }
    },
    {
      "quarter": "Q2 2010",
      "income status": {
        "Net sales": 65457,
        "Cost of goods sold": 67186,
        "Gross Profit": -1729,
        "Financial expenses": 15953,
        "Of which: Interest expense": 3990,
        "Cost of sales": 4757,
        "Enterprise cost management": 2567,
        "Total Operating Expenses": 23277,
        "Total revenue financing activities": 813,
        "Net profit from business activities": -24192,
        "Profit": 1864,
        "Profit before tax": -22329,
        "Present corporate income tax expenses": -142,
        "Deferred income taxes expenses": "N/A",
        "The interests of minority shareholders": "N/A",
        "Total Cost of profits": -142,
        "Profit after tax corporate income": -22187,
        "Volume": 9046425,
        "Close of Quarter": 9.3,
        "EPS": -1777,
        "Non-adjusted EPS": -1777,
        "PE": -5.2,
        "Book Price": 13.3
      }
    },
    {
      "quarter": "Q1 2010",
      "income status": {
        "Net sales": 55163,
        "Cost of goods sold": 44700,
        "Gross Profit": 10463,
        "Financial expenses": 4433,
        "Of which: Interest expense": 1893,
        "Cost of sales": 2948,
        "Enterprise cost management": 3542,
        "Total Operating Expenses": 10923,
        "Total revenue financing activities": 1410,
        "Net profit from business activities": 950,
        "Profit": -4,
        "Profit before tax": 946,
        "Present corporate income tax expenses": 142,
        "Deferred income taxes expenses": "N/A",
        "The interests of minority shareholders": "N/A",
        "Total Cost of profits": 142,
        "Profit after tax corporate income": 804,
        "Volume": 9046425,
        "Close of Quarter": 8.5,
        "EPS": 510,
        "Non-adjusted EPS": 510,
        "PE": 16.7,
        "Book Price": 13.3
      }
    },
    {
      "quarter": "Q4 2009",
      "income status": {
        "Net sales": 69312,
        "Cost of goods sold": 54530,
        "Gross Profit": 14781,
        "Financial expenses": 4555,
        "Of which: Interest expense": 858,
        "Cost of sales": 4510,
        "Enterprise cost management": 1891,
        "Total Operating Expenses": 10956,
        "Total revenue financing activities": 2373,
        "Net profit from business activities": 6198,
        "Profit": 39,
        "Profit before tax": 6237,
        "Present corporate income tax expenses": 936,
        "Deferred income taxes expenses": "N/A",
        "The interests of minority shareholders": "N/A",
        "Total Cost of profits": 936,
        "Profit after tax corporate income": 5302,
        "Volume": 9046425,
        "Close of Quarter": 8.9,
        "EPS": 406,
        "Non-adjusted EPS": 406,
        "PE": 21.9,
        "Book Price": 13.7
      }
    },
    {
      "quarter": "Q3 2009",
      "income status": {
        "Net sales": 72731,
        "Cost of goods sold": 57961,
        "Gross Profit": 14771,
        "Financial expenses": 7347,
        "Of which: Interest expense": 6114,
        "Cost of sales": 3748,
        "Enterprise cost management": 4178,
        "Total Operating Expenses": 15273,
        "Total revenue financing activities": 591,
        "Net profit from business activities": 89,
        "Profit": -84,
        "Profit before tax": 5,
        "Present corporate income tax expenses": 1,
        "Deferred income taxes expenses": "N/A",
        "The interests of minority shareholders": "N/A",
        "Total Cost of profits": 1,
        "Profit after tax corporate income": 4,
        "Volume": 9046425,
        "Close of Quarter": 10.3,
        "EPS": -147,
        "Non-adjusted EPS": -147,
        "PE": -70.1,
        "Book Price": 13.1
      }
    },
    {
      "quarter": "Q2 2009",
      "income status": {
        "Net sales": 70012,
        "Cost of goods sold": 62181,
        "Gross Profit": 7831,
        "Financial expenses": 2389,
        "Of which: Interest expense": 1148,
        "Cost of sales": 5785,
        "Enterprise cost management": 1671,
        "Total Operating Expenses": 9845,
        "Total revenue financing activities": 166,
        "Net profit from business activities": -1849,
        "Profit": 350,
        "Profit before tax": -1498,
        "Present corporate income tax expenses": "N/A",
        "Deferred income taxes expenses": "N/A",
        "The interests of minority shareholders": "N/A",
        "Total Cost of profits": 0,
        "Profit after tax corporate income": -1498,
        "Volume": 9046425,
        "Close of Quarter": 10.9,
        "EPS": 474,
        "Non-adjusted EPS": 474,
        "PE": 23,
        "Book Price": 13.1
      }
    },
    {
      "quarter": "Q1 2009",
      "income status": {
        "Net sales": 48602,
        "Cost of goods sold": 44851,
        "Gross Profit": 3751,
        "Financial expenses": 1550,
        "Of which: Interest expense": 1502,
        "Cost of sales": 949,
        "Enterprise cost management": 1477,
        "Total Operating Expenses": 3976,
        "Total revenue financing activities": 152,
        "Net profit from business activities": -73,
        "Profit": -64,
        "Profit before tax": -138,
        "Present corporate income tax expenses": "N/A",
        "Deferred income taxes expenses": "N/A",
        "The interests of minority shareholders": "N/A",
        "Total Cost of profits": 0,
        "Profit after tax corporate income": -138,
        "Volume": 9046425,
        "Close of Quarter": 7,
        "EPS": 1975,
        "Non-adjusted EPS": 1975,
        "PE": 3.5,
        "Book Price": 13.5
      }
    },
    {
      "quarter": "Q4 2008",
      "income status": {
        "Net sales": 51112,
        "Cost of goods sold": 45254,
        "Gross Profit": 5857,
        "Financial expenses": 1436,
        "Of which: Interest expense": 1251,
        "Cost of sales": 719,
        "Enterprise cost management": 3984,
        "Total Operating Expenses": 6139,
        "Total revenue financing activities": 226,
        "Net profit from business activities": -55,
        "Profit": 383,
        "Profit before tax": 329,
        "Present corporate income tax expenses": 25,
        "Deferred income taxes expenses": "N/A",
        "The interests of minority shareholders": "N/A",
        "Total Cost of profits": 25,
        "Profit after tax corporate income": 304,
        "Volume": 9046425,
        "Close of Quarter": 9.5,
        "EPS": 2536,
        "Non-adjusted EPS": 2536,
        "PE": 3.8,
        "Book Price": 14.3
      }
    },
    {
      "quarter": "Q3 2008",
      "income status": {
        "Net sales": 50416,
        "Cost of goods sold": 41310,
        "Gross Profit": 9107,
        "Financial expenses": 1020,
        "Of which: Interest expense": 810,
        "Cost of sales": 1128,
        "Enterprise cost management": 1457,
        "Total Operating Expenses": 3605,
        "Total revenue financing activities": 479,
        "Net profit from business activities": 5981,
        "Profit": 93,
        "Profit before tax": 6074,
        "Present corporate income tax expenses": 456,
        "Deferred income taxes expenses": "N/A",
        "The interests of minority shareholders": "N/A",
        "Total Cost of profits": 456,
        "Profit after tax corporate income": 5619,
        "Volume": 9046425,
        "Close of Quarter": 18,
        "EPS": 2896,
        "Non-adjusted EPS": 2896,
        "PE": 6.2,
        "Book Price": 14.6
      }
    },
    {
      "quarter": "Q2 2008",
      "income status": {
        "Net sales": 99281,
        "Cost of goods sold": 79721,
        "Gross Profit": 19561,
        "Financial expenses": 1639,
        "Of which: Interest expense": 623,
        "Cost of sales": 1310,
        "Enterprise cost management": 1542,
        "Total Operating Expenses": 4491,
        "Total revenue financing activities": 693,
        "Net profit from business activities": 15762,
        "Profit": -2702,
        "Profit before tax": 13060,
        "Present corporate income tax expenses": 979,
        "Deferred income taxes expenses": "N/A",
        "The interests of minority shareholders": "N/A",
        "Total Cost of profits": 979,
        "Profit after tax corporate income": 12080,
        "Volume": 9046425,
        "Close of Quarter": 10.7,
        "EPS": 2392,
        "Non-adjusted EPS": 2392,
        "PE": 4.5,
        "Book Price": 14.1
      }
    },
    {
      "quarter": "Q1 2008",
      "income status": {
        "Net sales": 68127,
        "Cost of goods sold": 58925,
        "Gross Profit": 9202,
        "Financial expenses": 757,
        "Of which: Interest expense": 696,
        "Cost of sales": 695,
        "Enterprise cost management": 1304,
        "Total Operating Expenses": 2756,
        "Total revenue financing activities": 63,
        "Net profit from business activities": 6509,
        "Profit": -1567,
        "Profit before tax": 4942,
        "Present corporate income tax expenses": "N/A",
        "Deferred income taxes expenses": "N/A",
        "The interests of minority shareholders": "N/A",
        "Total Cost of profits": 0,
        "Profit after tax corporate income": 4942,
        "Volume": 9046425,
        "Close of Quarter": 12,
        "EPS": 1089,
        "Non-adjusted EPS": 1089,
        "PE": 11.0,
        "Book Price": 12.7
      }
    },
    {
      "quarter": "Q4 2007",
      "income status": {
        "Net sales": 51545,
        "Cost of goods sold": 46058,
        "Gross Profit": 5488,
        "Financial expenses": 609,
        "Of which: Interest expense": 496,
        "Cost of sales": 1063,
        "Enterprise cost management": 1606,
        "Total Operating Expenses": 3278,
        "Total revenue financing activities": 427,
        "Net profit from business activities": 2637,
        "Profit": 925,
        "Profit before tax": 3561,
        "Present corporate income tax expenses": "N/A",
        "Deferred income taxes expenses": "N/A",
        "The interests of minority shareholders": "N/A",
        "Total Cost of profits": 0,
        "Profit after tax corporate income": 3561,
        "Volume": 9046425,
        "Close of Quarter": 18,
        "EPS": 547,
        "Non-adjusted EPS": 547,
        "PE": 32.9,
        "Book Price": 12.2
      }
    },
    {
      "quarter": "Q3 2007",
      "income status": {
        "Net sales": 36607,
        "Cost of goods sold": 33516,
        "Gross Profit": 3091,
        "Financial expenses": 333,
        "Of which: Interest expense": 213,
        "Cost of sales": 524,
        "Enterprise cost management": 1244,
        "Total Operating Expenses": 2101,
        "Total revenue financing activities": 153,
        "Net profit from business activities": 1142,
        "Profit": -83,
        "Profit before tax": 1059,
        "Present corporate income tax expenses": "N/A",
        "Deferred income taxes expenses": "N/A",
        "The interests of minority shareholders": "N/A",
        "Total Cost of profits": 0,
        "Profit after tax corporate income": 1059,
        "Volume": 9046425,
        "Close of Quarter": 16.4,
        "EPS": 320,
        "Non-adjusted EPS": 320,
        "PE": 51.3,
        "Book Price": 11.9
      }
    },
    {
      "quarter": "Q2 2007",
      "income status": {
        "Net sales": 45578,
        "Cost of goods sold": 44240,
        "Gross Profit": 1337,
        "Financial expenses": 88,
        "Of which: Interest expense": "N/A",
        "Cost of sales": 398,
        "Enterprise cost management": 1339,
        "Total Operating Expenses": 1825,
        "Total revenue financing activities": 145,
        "Net profit from business activities": -342,
        "Profit": 635,
        "Profit before tax": 293,
        "Present corporate income tax expenses": "N/A",
        "Deferred income taxes expenses": "N/A",
        "The interests of minority shareholders": "N/A",
        "Total Cost of profits": 0,
        "Profit after tax corporate income": 293,
        "Volume": 9046425,
        "Close of Quarter": 17,
        "EPS": 543,
        "Non-adjusted EPS": 543,
        "PE": 31.3,
        "Book Price": 11.8
      }
    },
    {
      "quarter": "Q1 2007",
      "income status": {
        "Net sales": 29418,
        "Cost of goods sold": 26912,
        "Gross Profit": 2506,
        "Financial expenses": 74,
        "Of which: Interest expense": "N/A",
        "Cost of sales": 1781,
        "Enterprise cost management": 1162,
        "Total Operating Expenses": 3017,
        "Total revenue financing activities": 43,
        "Net profit from business activities": -468,
        "Profit": 499,
        "Profit before tax": 31,
        "Present corporate income tax expenses": "N/A",
        "Deferred income taxes expenses": "N/A",
        "The interests of minority shareholders": "N/A",
        "Total Cost of profits": 0,
        "Profit after tax corporate income": 31,
        "Volume": 9046425,
        "Close of Quarter": 23,
        "EPS": -768,
        "Non-adjusted EPS": -768,
        "PE": -30.0,
        "Book Price": 11.8
      }
    },
    {
      "quarter": "Q4 2006",
      "income status": {
        "Net sales": 40987,
        "Cost of goods sold": 36667,
        "Gross Profit": 4321,
        "Financial expenses": 532,
        "Of which: Interest expense": 110,
        "Cost of sales": 734,
        "Enterprise cost management": 1518,
        "Total Operating Expenses": 2784,
        "Total revenue financing activities": 935,
        "Net profit from business activities": 2472,
        "Profit": 50,
        "Profit before tax": 2523,
        "Present corporate income tax expenses": 1014,
        "Deferred income taxes expenses": "N/A",
        "The interests of minority shareholders": "N/A",
        "Total Cost of profits": 1014,
        "Profit after tax corporate income": 1508,
        "Volume": 9046425,
        "Close of Quarter": 15,
        "EPS": -771,
        "Non-adjusted EPS": -771,
        "PE": -19.5,
        "Book Price": 11.8
      }
    },
    {
      "quarter": "Q3 2006",
      "income status": {
        "Net sales": 39329,
        "Cost of goods sold": 32924,
        "Gross Profit": 6405,
        "Financial expenses": 410,
        "Of which: Interest expense": "N/A",
        "Cost of sales": 742,
        "Enterprise cost management": 2635,
        "Total Operating Expenses": 3787,
        "Total revenue financing activities": 339,
        "Net profit from business activities": 2956,
        "Profit": 122,
        "Profit before tax": 3078,
        "Present corporate income tax expenses": "N/A",
        "Deferred income taxes expenses": "N/A",
        "The interests of minority shareholders": "N/A",
        "Total Cost of profits": 0,
        "Profit after tax corporate income": 3078,
        "Volume": 9046425,
        "Close of Quarter": 21,
        "EPS": -938,
        "Non-adjusted EPS": -938,
        "PE": -22.4,
        "Book Price": 11.6
      }
    },
    {
      "quarter": "Q2 2006",
      "income status": {
        "Net sales": 69569,
        "Cost of goods sold": 72996,
        "Gross Profit": -3427,
        "Financial expenses": 1416,
        "Of which: Interest expense": 530,
        "Cost of sales": 3475,
        "Enterprise cost management": 4074,
        "Total Operating Expenses": 8965,
        "Total revenue financing activities": 416,
        "Net profit from business activities": -11977,
        "Profit": 412,
        "Profit before tax": -11565,
        "Present corporate income tax expenses": "N/A",
        "Deferred income taxes expenses": "N/A",
        "The interests of minority shareholders": "N/A",
        "Total Cost of profits": 0,
        "Profit after tax corporate income": -11565,
        "Volume": 9046425,
        "Close of Quarter": "N/A",
        "EPS": -1278,
        "Non-adjusted EPS": -1278,
        "PE": "N/A",
        "Book Price": 11.3
      }
    }
  ]
}