{
  "ticker": "SPM",
  "data": [
    {
      "quarter": "Q1 2017",
      "income status": {
        "Net sales": 303145,
        "Cost of goods sold": 282563,
        "Gross Profit": 20582,
        "Financial expenses": 1592,
        "Of which: Interest expense": 1543,
        "Cost of sales": 9063,
        "Enterprise cost management": 2059,
        "Total Operating Expenses": 12714,
        "Total revenue financing activities": 1147,
        "Net profit from business activities": 9015,
        "Profit": -410,
        "Profit before tax": 8604,
        "Present corporate income tax expenses": 1138,
        "Deferred income taxes expenses": "N/A",
        "The interests of minority shareholders": "N/A",
        "Total Cost of profits": 1138,
        "Profit after tax corporate income": 7466,
        "Volume": 13770000,
        "Close of Quarter": 15.7,
        "EPS": 565,
        "Non-adjusted EPS": 565,
        "PE": 27.8,
        "Book Price": 54
      }
    },
    {
      "quarter": "Q4 2016",
      "income status": {
        "Net sales": 131829,
        "Cost of goods sold": 98239,
        "Gross Profit": 33590,
        "Financial expenses": 29341,
        "Of which: Interest expense": 2286,
        "Cost of sales": 10029,
        "Enterprise cost management": 8722,
        "Total Operating Expenses": 48092,
        "Total revenue financing activities": 2679,
        "Net profit from business activities": -11823,
        "Profit": -971,
        "Profit before tax": -12794,
        "Present corporate income tax expenses": -1411,
        "Deferred income taxes expenses": -25,
        "The interests of minority shareholders": "N/A",
        "Total Cost of profits": -1436,
        "Profit after tax corporate income": -11358,
        "Volume": 13770000,
        "Close of Quarter": 15.8,
        "EPS": 573,
        "Non-adjusted EPS": 573,
        "PE": 27.5,
        "Book Price": 52.4
      }
    },
    {
      "quarter": "Q3 2016",
      "income status": {
        "Net sales": 104676,
        "Cost of goods sold": 85240,
        "Gross Profit": 19437,
        "Financial expenses": 2102,
        "Of which: Interest expense": 2080,
        "Cost of sales": 9494,
        "Enterprise cost management": 3034,
        "Total Operating Expenses": 14630,
        "Total revenue financing activities": 903,
        "Net profit from business activities": 5709,
        "Profit": -1076,
        "Profit before tax": 4633,
        "Present corporate income tax expenses": 723,
        "Deferred income taxes expenses": "N/A",
        "The interests of minority shareholders": "N/A",
        "Total Cost of profits": 723,
        "Profit after tax corporate income": 3910,
        "Volume": 13770000,
        "Close of Quarter": 17.1,
        "EPS": 1602,
        "Non-adjusted EPS": 1602,
        "PE": 10.7,
        "Book Price": 53.2
      }
    },
    {
      "quarter": "Q2 2016",
      "income status": {
        "Net sales": 109678,
        "Cost of goods sold": 81785,
        "Gross Profit": 27893,
        "Financial expenses": 3017,
        "Of which: Interest expense": 2823,
        "Cost of sales": 7910,
        "Enterprise cost management": 7926,
        "Total Operating Expenses": 18853,
        "Total revenue financing activities": 949,
        "Net profit from business activities": 9989,
        "Profit": -846,
        "Profit before tax": 9144,
        "Present corporate income tax expenses": 1340,
        "Deferred income taxes expenses": 36,
        "The interests of minority shareholders": "N/A",
        "Total Cost of profits": 1376,
        "Profit after tax corporate income": 7768,
        "Volume": 13770000,
        "Close of Quarter": 18.1,
        "EPS": 1553,
        "Non-adjusted EPS": 1553,
        "PE": 11.6,
        "Book Price": 52.9
      }
    },
    {
      "quarter": "Q1 2016",
      "income status": {
        "Net sales": 114572,
        "Cost of goods sold": 92747,
        "Gross Profit": 21825,
        "Financial expenses": 2113,
        "Of which: Interest expense": 2251,
        "Cost of sales": 7119,
        "Enterprise cost management": 3781,
        "Total Operating Expenses": 13013,
        "Total revenue financing activities": 1070,
        "Net profit from business activities": 9881,
        "Profit": -1023,
        "Profit before tax": 8858,
        "Present corporate income tax expenses": 1292,
        "Deferred income taxes expenses": "N/A",
        "The interests of minority shareholders": "N/A",
        "Total Cost of profits": 1292,
        "Profit after tax corporate income": 7566,
        "Volume": 13770000,
        "Close of Quarter": 15.2,
        "EPS": 1600,
        "Non-adjusted EPS": 1600,
        "PE": 9.5,
        "Book Price": 52.4
      }
    },
    {
      "quarter": "Q4 2015",
      "income status": {
        "Net sales": 152449,
        "Cost of goods sold": 134459,
        "Gross Profit": 17991,
        "Financial expenses": 3497,
        "Of which: Interest expense": 2711,
        "Cost of sales": 8075,
        "Enterprise cost management": 4573,
        "Total Operating Expenses": 16145,
        "Total revenue financing activities": 1733,
        "Net profit from business activities": 3577,
        "Profit": 8,
        "Profit before tax": 3585,
        "Present corporate income tax expenses": 648,
        "Deferred income taxes expenses": 123,
        "The interests of minority shareholders": "N/A",
        "Total Cost of profits": 771,
        "Profit after tax corporate income": 2814,
        "Volume": 13770000,
        "Close of Quarter": 15.4,
        "EPS": 1719,
        "Non-adjusted EPS": 1719,
        "PE": 9.0,
        "Book Price": 52.1
      }
    },
    {
      "quarter": "Q3 2015",
      "income status": {
        "Net sales": 125596,
        "Cost of goods sold": 107477,
        "Gross Profit": 18119,
        "Financial expenses": 2532,
        "Of which: Interest expense": 2181,
        "Cost of sales": 7697,
        "Enterprise cost management": 3360,
        "Total Operating Expenses": 13589,
        "Total revenue financing activities": 1000,
        "Net profit from business activities": 5531,
        "Profit": -1751,
        "Profit before tax": 3780,
        "Present corporate income tax expenses": 549,
        "Deferred income taxes expenses": "N/A",
        "The interests of minority shareholders": "N/A",
        "Total Cost of profits": 549,
        "Profit after tax corporate income": 3232,
        "Volume": 13770000,
        "Close of Quarter": 19.4,
        "EPS": 2166,
        "Non-adjusted EPS": 2166,
        "PE": 9.0,
        "Book Price": 51.9
      }
    },
    {
      "quarter": "Q2 2015",
      "income status": {
        "Net sales": 167476,
        "Cost of goods sold": 133696,
        "Gross Profit": 33780,
        "Financial expenses": 2737,
        "Of which: Interest expense": 2544,
        "Cost of sales": 17418,
        "Enterprise cost management": 6511,
        "Total Operating Expenses": 26666,
        "Total revenue financing activities": 1294,
        "Net profit from business activities": 8408,
        "Profit": 8,
        "Profit before tax": 8416,
        "Present corporate income tax expenses": -87,
        "Deferred income taxes expenses": 86,
        "The interests of minority shareholders": "N/A",
        "Total Cost of profits": -1,
        "Profit after tax corporate income": 8417,
        "Volume": 13770000,
        "Close of Quarter": 21.3,
        "EPS": 2877,
        "Non-adjusted EPS": 2877,
        "PE": 7.4,
        "Book Price": 51.7
      }
    },
    {
      "quarter": "Q1 2015",
      "income status": {
        "Net sales": 156975,
        "Cost of goods sold": 125103,
        "Gross Profit": 31872,
        "Financial expenses": 2970,
        "Of which: Interest expense": 2957,
        "Cost of sales": 16643,
        "Enterprise cost management": 2752,
        "Total Operating Expenses": 22365,
        "Total revenue financing activities": 975,
        "Net profit from business activities": 10482,
        "Profit": 32,
        "Profit before tax": 10514,
        "Present corporate income tax expenses": 1303,
        "Deferred income taxes expenses": "N/A",
        "The interests of minority shareholders": "N/A",
        "Total Cost of profits": 1303,
        "Profit after tax corporate income": 9211,
        "Volume": 13770000,
        "Close of Quarter": 22.3,
        "EPS": 3406,
        "Non-adjusted EPS": 3406,
        "PE": 6.5,
        "Book Price": 51.1
      }
    },
    {
      "quarter": "Q4 2014",
      "income status": {
        "Net sales": 159191,
        "Cost of goods sold": 119610,
        "Gross Profit": 39580,
        "Financial expenses": 4462,
        "Of which: Interest expense": 4204,
        "Cost of sales": 23110,
        "Enterprise cost management": 4040,
        "Total Operating Expenses": 31612,
        "Total revenue financing activities": 1968,
        "Net profit from business activities": 9937,
        "Profit": 185,
        "Profit before tax": 10122,
        "Present corporate income tax expenses": 619,
        "Deferred income taxes expenses": 543,
        "The interests of minority shareholders": "N/A",
        "Total Cost of profits": 1162,
        "Profit after tax corporate income": 8960,
        "Volume": 13770000,
        "Close of Quarter": 25.3,
        "EPS": 3669,
        "Non-adjusted EPS": 3669,
        "PE": 6.9,
        "Book Price": 51.5
      }
    },
    {
      "quarter": "Q3 2014",
      "income status": {
        "Net sales": 159161,
        "Cost of goods sold": 126276,
        "Gross Profit": 32885,
        "Financial expenses": 3035,
        "Of which: Interest expense": 2469,
        "Cost of sales": 11741,
        "Enterprise cost management": 3159,
        "Total Operating Expenses": 17935,
        "Total revenue financing activities": 501,
        "Net profit from business activities": 15450,
        "Profit": -77,
        "Profit before tax": 15374,
        "Present corporate income tax expenses": 2188,
        "Deferred income taxes expenses": 150,
        "The interests of minority shareholders": "N/A",
        "Total Cost of profits": 2338,
        "Profit after tax corporate income": 13035,
        "Volume": 13770000,
        "Close of Quarter": 22.0,
        "EPS": 2355,
        "Non-adjusted EPS": 2355,
        "PE": 9.4,
        "Book Price": 50.9
      }
    },
    {
      "quarter": "Q2 2014",
      "income status": {
        "Net sales": 117725,
        "Cost of goods sold": 86895,
        "Gross Profit": 30830,
        "Financial expenses": 3845,
        "Of which: Interest expense": 3446,
        "Cost of sales": 11701,
        "Enterprise cost management": 2674,
        "Total Operating Expenses": 18220,
        "Total revenue financing activities": 4477,
        "Net profit from business activities": 17087,
        "Profit": 1,
        "Profit before tax": 17088,
        "Present corporate income tax expenses": 2361,
        "Deferred income taxes expenses": -972,
        "The interests of minority shareholders": "N/A",
        "Total Cost of profits": 1389,
        "Profit after tax corporate income": 15699,
        "Volume": 13770000,
        "Close of Quarter": 18.1,
        "EPS": 2134,
        "Non-adjusted EPS": 2134,
        "PE": 8.5,
        "Book Price": 49.9
      }
    },
    {
      "quarter": "Q1 2014",
      "income status": {
        "Net sales": 121661,
        "Cost of goods sold": 91066,
        "Gross Profit": 30596,
        "Financial expenses": 3748,
        "Of which: Interest expense": 3473,
        "Cost of sales": 9369,
        "Enterprise cost management": 2551,
        "Total Operating Expenses": 15668,
        "Total revenue financing activities": 163,
        "Net profit from business activities": 15090,
        "Profit": 7,
        "Profit before tax": 15097,
        "Present corporate income tax expenses": 2275,
        "Deferred income taxes expenses": "N/A",
        "The interests of minority shareholders": "N/A",
        "Total Cost of profits": 2275,
        "Profit after tax corporate income": 12823,
        "Volume": 13770000,
        "Close of Quarter": 19.8,
        "EPS": 1554,
        "Non-adjusted EPS": 1554,
        "PE": 12.7,
        "Book Price": 48.8
      }
    },
    {
      "quarter": "Q4 2013",
      "income status": {
        "Net sales": 131708,
        "Cost of goods sold": 111099,
        "Gross Profit": 20609,
        "Financial expenses": 16684,
        "Of which: Interest expense": 4324,
        "Cost of sales": 12799,
        "Enterprise cost management": 2733,
        "Total Operating Expenses": 32216,
        "Total revenue financing activities": 2816,
        "Net profit from business activities": -8791,
        "Profit": 18,
        "Profit before tax": -8773,
        "Present corporate income tax expenses": 245,
        "Deferred income taxes expenses": 109,
        "The interests of minority shareholders": "N/A",
        "Total Cost of profits": 354,
        "Profit after tax corporate income": -9126,
        "Volume": 13770000,
        "Close of Quarter": 24.0,
        "EPS": 1418,
        "Non-adjusted EPS": 1418,
        "PE": 16.9,
        "Book Price": 49
      }
    },
    {
      "quarter": "Q3 2013",
      "income status": {
        "Net sales": 115552,
        "Cost of goods sold": 91056,
        "Gross Profit": 24497,
        "Financial expenses": 4309,
        "Of which: Interest expense": 3975,
        "Cost of sales": 10282,
        "Enterprise cost management": 2652,
        "Total Operating Expenses": 17243,
        "Total revenue financing activities": 3514,
        "Net profit from business activities": 10768,
        "Profit": -97,
        "Profit before tax": 10671,
        "Present corporate income tax expenses": 702,
        "Deferred income taxes expenses": -23,
        "The interests of minority shareholders": "N/A",
        "Total Cost of profits": 679,
        "Profit after tax corporate income": 9992,
        "Volume": 13770000,
        "Close of Quarter": 18.8,
        "EPS": 2513,
        "Non-adjusted EPS": 2513,
        "PE": 7.5,
        "Book Price": 49.7
      }
    },
    {
      "quarter": "Q2 2013",
      "income status": {
        "Net sales": 108519,
        "Cost of goods sold": 83130,
        "Gross Profit": 25389,
        "Financial expenses": 4565,
        "Of which: Interest expense": 4097,
        "Cost of sales": 13754,
        "Enterprise cost management": 2428,
        "Total Operating Expenses": 20747,
        "Total revenue financing activities": 3887,
        "Net profit from business activities": 8528,
        "Profit": 53,
        "Profit before tax": 8580,
        "Present corporate income tax expenses": 756,
        "Deferred income taxes expenses": 109,
        "The interests of minority shareholders": "N/A",
        "Total Cost of profits": 865,
        "Profit after tax corporate income": 7716,
        "Volume": 13770000,
        "Close of Quarter": 25.3,
        "EPS": 2923,
        "Non-adjusted EPS": 2923,
        "PE": 8.6,
        "Book Price": 48.9
      }
    },
    {
      "quarter": "Q1 2013",
      "income status": {
        "Net sales": 91728,
        "Cost of goods sold": 71260,
        "Gross Profit": 20467,
        "Financial expenses": 4235,
        "Of which: Interest expense": 4107,
        "Cost of sales": 6740,
        "Enterprise cost management": 2411,
        "Total Operating Expenses": 13386,
        "Total revenue financing activities": 4781,
        "Net profit from business activities": 11862,
        "Profit": 14,
        "Profit before tax": 11876,
        "Present corporate income tax expenses": 926,
        "Deferred income taxes expenses": "N/A",
        "The interests of minority shareholders": "N/A",
        "Total Cost of profits": 926,
        "Profit after tax corporate income": 10950,
        "Volume": 13770000,
        "Close of Quarter": 28.6,
        "EPS": 4172,
        "Non-adjusted EPS": 4172,
        "PE": 6.9,
        "Book Price": 48.4
      }
    },
    {
      "quarter": "Q4 2012",
      "income status": {
        "Net sales": 109820,
        "Cost of goods sold": 87549,
        "Gross Profit": 22271,
        "Financial expenses": 4097,
        "Of which: Interest expense": 4029,
        "Cost of sales": 16265,
        "Enterprise cost management": 2778,
        "Total Operating Expenses": 23140,
        "Total revenue financing activities": 5844,
        "Net profit from business activities": 4976,
        "Profit": 276,
        "Profit before tax": 5251,
        "Present corporate income tax expenses": -745,
        "Deferred income taxes expenses": 55,
        "The interests of minority shareholders": "N/A",
        "Total Cost of profits": -690,
        "Profit after tax corporate income": 5942,
        "Volume": 13770000,
        "Close of Quarter": 28.6,
        "EPS": 4718,
        "Non-adjusted EPS": 4718,
        "PE": 6.1,
        "Book Price": 47.6
      }
    },
    {
      "quarter": "Q3 2012",
      "income status": {
        "Net sales": 97561,
        "Cost of goods sold": 74690,
        "Gross Profit": 22871,
        "Financial expenses": 5251,
        "Of which: Interest expense": 5132,
        "Cost of sales": 4111,
        "Enterprise cost management": 2556,
        "Total Operating Expenses": 11918,
        "Total revenue financing activities": 5939,
        "Net profit from business activities": 16892,
        "Profit": 39,
        "Profit before tax": 16931,
        "Present corporate income tax expenses": 1285,
        "Deferred income taxes expenses": "N/A",
        "The interests of minority shareholders": "N/A",
        "Total Cost of profits": 1285,
        "Profit after tax corporate income": 15646,
        "Volume": 13770000,
        "Close of Quarter": 23.3,
        "EPS": 4887,
        "Non-adjusted EPS": 4887,
        "PE": 4.8,
        "Book Price": 47.2
      }
    },
    {
      "quarter": "Q2 2012",
      "income status": {
        "Net sales": 135494,
        "Cost of goods sold": 107793,
        "Gross Profit": 27701,
        "Financial expenses": 7895,
        "Of which: Interest expense": 7039,
        "Cost of sales": 11047,
        "Enterprise cost management": 2425,
        "Total Operating Expenses": 21367,
        "Total revenue financing activities": 21178,
        "Net profit from business activities": 27513,
        "Profit": 42,
        "Profit before tax": 27554,
        "Present corporate income tax expenses": 2638,
        "Deferred income taxes expenses": "N/A",
        "The interests of minority shareholders": "N/A",
        "Total Cost of profits": 2638,
        "Profit after tax corporate income": 24916,
        "Volume": 13770000,
        "Close of Quarter": 31.7,
        "EPS": 5194,
        "Non-adjusted EPS": 5194,
        "PE": 6.1,
        "Book Price": 46
      }
    },
    {
      "quarter": "Q1 2012",
      "income status": {
        "Net sales": 87132,
        "Cost of goods sold": 65168,
        "Gross Profit": 21964,
        "Financial expenses": 5702,
        "Of which: Interest expense": 5701,
        "Cost of sales": 2832,
        "Enterprise cost management": 2436,
        "Total Operating Expenses": 10970,
        "Total revenue financing activities": 9034,
        "Net profit from business activities": 20027,
        "Profit": 32,
        "Profit before tax": 20059,
        "Present corporate income tax expenses": 1596,
        "Deferred income taxes expenses": "N/A",
        "The interests of minority shareholders": "N/A",
        "Total Cost of profits": 1596,
        "Profit after tax corporate income": 18463,
        "Volume": 13770000,
        "Close of Quarter": 32.1,
        "EPS": 4661,
        "Non-adjusted EPS": 4661,
        "PE": 6.9,
        "Book Price": 44.2
      }
    },
    {
      "quarter": "Q4 2011",
      "income status": {
        "Net sales": 85349,
        "Cost of goods sold": 61411,
        "Gross Profit": 23939,
        "Financial expenses": 5949,
        "Of which: Interest expense": 5464,
        "Cost of sales": 15033,
        "Enterprise cost management": 2395,
        "Total Operating Expenses": 23377,
        "Total revenue financing activities": 8089,
        "Net profit from business activities": 8650,
        "Profit": 137,
        "Profit before tax": 8788,
        "Present corporate income tax expenses": 639,
        "Deferred income taxes expenses": -123,
        "The interests of minority shareholders": "N/A",
        "Total Cost of profits": 516,
        "Profit after tax corporate income": 8272,
        "Volume": 13770000,
        "Close of Quarter": 42.5,
        "EPS": 4312,
        "Non-adjusted EPS": 4312,
        "PE": 9.9,
        "Book Price": 45.3
      }
    },
    {
      "quarter": "Q3 2011",
      "income status": {
        "Net sales": 73540,
        "Cost of goods sold": 47557,
        "Gross Profit": 25983,
        "Financial expenses": 6037,
        "Of which: Interest expense": 6037,
        "Cost of sales": 6289,
        "Enterprise cost management": 2176,
        "Total Operating Expenses": 14502,
        "Total revenue financing activities": 9053,
        "Net profit from business activities": 20533,
        "Profit": -17,
        "Profit before tax": 20516,
        "Present corporate income tax expenses": 749,
        "Deferred income taxes expenses": -108,
        "The interests of minority shareholders": "N/A",
        "Total Cost of profits": 641,
        "Profit after tax corporate income": 19875,
        "Volume": 13770000,
        "Close of Quarter": 42.1,
        "EPS": 8253,
        "Non-adjusted EPS": 8253,
        "PE": 5.1,
        "Book Price": 44.7
      }
    },
    {
      "quarter": "Q2 2011",
      "income status": {
        "Net sales": 97810,
        "Cost of goods sold": 70008,
        "Gross Profit": 27802,
        "Financial expenses": 6302,
        "Of which: Interest expense": 4960,
        "Cost of sales": 8254,
        "Enterprise cost management": 2231,
        "Total Operating Expenses": 16787,
        "Total revenue financing activities": 7413,
        "Net profit from business activities": 18429,
        "Profit": -6,
        "Profit before tax": 18423,
        "Present corporate income tax expenses": 606,
        "Deferred income taxes expenses": 249,
        "The interests of minority shareholders": "N/A",
        "Total Cost of profits": 855,
        "Profit after tax corporate income": 17568,
        "Volume": 14000000,
        "Close of Quarter": 36.6,
        "EPS": 8552.5,
        "Non-adjusted EPS": 8412,
        "PE": 4.4,
        "Book Price": 45.2
      }
    },
    {
      "quarter": "Q1 2011",
      "income status": {
        "Net sales": 65500,
        "Cost of goods sold": 45117,
        "Gross Profit": 20383,
        "Financial expenses": 4927,
        "Of which: Interest expense": 3694,
        "Cost of sales": 3838,
        "Enterprise cost management": 1996,
        "Total Operating Expenses": 10761,
        "Total revenue financing activities": 4523,
        "Net profit from business activities": 14145,
        "Profit": -11,
        "Profit before tax": 14135,
        "Present corporate income tax expenses": 479,
        "Deferred income taxes expenses": "N/A",
        "The interests of minority shareholders": "N/A",
        "Total Cost of profits": 479,
        "Profit after tax corporate income": 13656,
        "Volume": 14000000,
        "Close of Quarter": 47.5,
        "EPS": 8952.1,
        "Non-adjusted EPS": 8805,
        "PE": 5.4,
        "Book Price": 44.7
      }
    },
    {
      "quarter": "Q4 2010",
      "income status": {
        "Net sales": 98602,
        "Cost of goods sold": 71273,
        "Gross Profit": 27328,
        "Financial expenses": 3618,
        "Of which: Interest expense": 2647,
        "Cost of sales": 6193,
        "Enterprise cost management": 1875,
        "Total Operating Expenses": 11686,
        "Total revenue financing activities": 60591,
        "Net profit from business activities": 76234,
        "Profit": 232,
        "Profit before tax": 76467,
        "Present corporate income tax expenses": 13926,
        "Deferred income taxes expenses": "N/A",
        "The interests of minority shareholders": "N/A",
        "Total Cost of profits": 13926,
        "Profit after tax corporate income": 62541,
        "Volume": 14000000,
        "Close of Quarter": 51.5,
        "EPS": 9469.6,
        "Non-adjusted EPS": 9314,
        "PE": 5.5,
        "Book Price": 43.6
      }
    },
    {
      "quarter": "Q3 2010",
      "income status": {
        "Net sales": 91269,
        "Cost of goods sold": 59321,
        "Gross Profit": 31948,
        "Financial expenses": 3073,
        "Of which: Interest expense": 1839,
        "Cost of sales": 5358,
        "Enterprise cost management": 3143,
        "Total Operating Expenses": 11574,
        "Total revenue financing activities": 4699,
        "Net profit from business activities": 25072,
        "Profit": 91,
        "Profit before tax": 25163,
        "Present corporate income tax expenses": 1165,
        "Deferred income taxes expenses": "N/A",
        "The interests of minority shareholders": "N/A",
        "Total Cost of profits": 1165,
        "Profit after tax corporate income": 23998,
        "Volume": 14000000,
        "Close of Quarter": 59.5,
        "EPS": 5643.7,
        "Non-adjusted EPS": 5551,
        "PE": 10.7,
        "Book Price": 40.8
      }
    },
    {
      "quarter": "Q2 2010",
      "income status": {
        "Net sales": 80617,
        "Cost of goods sold": 51683,
        "Gross Profit": 28934,
        "Financial expenses": 1350,
        "Of which: Interest expense": 946,
        "Cost of sales": 4948,
        "Enterprise cost management": 1732,
        "Total Operating Expenses": 8030,
        "Total revenue financing activities": 2770,
        "Net profit from business activities": 23675,
        "Profit": -112,
        "Profit before tax": 23563,
        "Present corporate income tax expenses": 484,
        "Deferred income taxes expenses": "N/A",
        "The interests of minority shareholders": "N/A",
        "Total Cost of profits": 484,
        "Profit after tax corporate income": 23079,
        "Volume": 14000000,
        "Close of Quarter": 68.2,
        "EPS": 5551.2,
        "Non-adjusted EPS": 5460,
        "PE": 12.5,
        "Book Price": 39.0
      }
    },
    {
      "quarter": "Q1 2010",
      "income status": {
        "Net sales": 79185,
        "Cost of goods sold": 48756,
        "Gross Profit": 30429,
        "Financial expenses": 5282,
        "Of which: Interest expense": 4613,
        "Cost of sales": 2003,
        "Enterprise cost management": 1757,
        "Total Operating Expenses": 9042,
        "Total revenue financing activities": 210,
        "Net profit from business activities": 21597,
        "Profit": 150,
        "Profit before tax": 21747,
        "Present corporate income tax expenses": 965,
        "Deferred income taxes expenses": "N/A",
        "The interests of minority shareholders": "N/A",
        "Total Cost of profits": 965,
        "Profit after tax corporate income": 20782,
        "Volume": 14000000,
        "Close of Quarter": "N/A",
        "EPS": 5156.7,
        "Non-adjusted EPS": 5072,
        "PE": "N/A",
        "Book Price": 37.4
      }
    },
    {
      "quarter": "Q4 2009",
      "income status": {
        "Net sales": 69941,
        "Cost of goods sold": 47753,
        "Gross Profit": 22188,
        "Financial expenses": 9053,
        "Of which: Interest expense": 5726,
        "Cost of sales": 4622,
        "Enterprise cost management": 2170,
        "Total Operating Expenses": 15845,
        "Total revenue financing activities": 378,
        "Net profit from business activities": 6721,
        "Profit": 651,
        "Profit before tax": 7371,
        "Present corporate income tax expenses": -2484,
        "Deferred income taxes expenses": "N/A",
        "The interests of minority shareholders": "N/A",
        "Total Cost of profits": -2484,
        "Profit after tax corporate income": 9855,
        "Volume": 14000000,
        "Close of Quarter": "N/A",
        "EPS": 4538.6,
        "Non-adjusted EPS": 4464,
        "PE": "N/A",
        "Book Price": "N/A"
      }
    },
    {
      "quarter": "Q3 2009",
      "income status": {
        "Net sales": 70431,
        "Cost of goods sold": 38787,
        "Gross Profit": 31644,
        "Financial expenses": 3044,
        "Of which: Interest expense": 2376,
        "Cost of sales": 2246,
        "Enterprise cost management": 1783,
        "Total Operating Expenses": 7073,
        "Total revenue financing activities": -3,
        "Net profit from business activities": 24569,
        "Profit": 19,
        "Profit before tax": 24588,
        "Present corporate income tax expenses": 1863,
        "Deferred income taxes expenses": "N/A",
        "The interests of minority shareholders": "N/A",
        "Total Cost of profits": 1863,
        "Profit after tax corporate income": 22724,
        "Volume": 14000000,
        "Close of Quarter": "N/A",
        "EPS": 4668.7,
        "Non-adjusted EPS": 4592,
        "PE": "N/A",
        "Book Price": "N/A"
      }
    },
    {
      "quarter": "Q2 2009",
      "income status": {
        "Net sales": 69715,
        "Cost of goods sold": 41997,
        "Gross Profit": 27718,
        "Financial expenses": 2417,
        "Of which: Interest expense": 2417,
        "Cost of sales": 3795,
        "Enterprise cost management": 2446,
        "Total Operating Expenses": 8658,
        "Total revenue financing activities": 132,
        "Net profit from business activities": 19191,
        "Profit": -120,
        "Profit before tax": 19071,
        "Present corporate income tax expenses": 1430,
        "Deferred income taxes expenses": "N/A",
        "The interests of minority shareholders": "N/A",
        "Total Cost of profits": 1430,
        "Profit after tax corporate income": 17641,
        "Volume": 14000000,
        "Close of Quarter": "N/A",
        "EPS": 4807.0,
        "Non-adjusted EPS": 4728,
        "PE": "N/A",
        "Book Price": "N/A"
      }
    },
    {
      "quarter": "Q1 2009",
      "income status": {
        "Net sales": 44607,
        "Cost of goods sold": 27878,
        "Gross Profit": 16729,
        "Financial expenses": 1786,
        "Of which: Interest expense": 1392,
        "Cost of sales": 383,
        "Enterprise cost management": 1180,
        "Total Operating Expenses": 3349,
        "Total revenue financing activities": 33,
        "Net profit from business activities": 13413,
        "Profit": -154,
        "Profit before tax": 13259,
        "Present corporate income tax expenses": 987,
        "Deferred income taxes expenses": "N/A",
        "The interests of minority shareholders": "N/A",
        "Total Cost of profits": 987,
        "Profit after tax corporate income": 12273,
        "Volume": 14000000,
        "Close of Quarter": "N/A",
        "EPS": 3525.9,
        "Non-adjusted EPS": 3468,
        "PE": "N/A",
        "Book Price": 15.3
      }
    },
    {
      "quarter": "Q3 2008",
      "income status": {
        "Net sales": 52508,
        "Cost of goods sold": 32086,
        "Gross Profit": 20422,
        "Financial expenses": 3423,
        "Of which: Interest expense": 3423,
        "Cost of sales": 2483,
        "Enterprise cost management": 1918,
        "Total Operating Expenses": 7824,
        "Total revenue financing activities": 46,
        "Net profit from business activities": 12643,
        "Profit": -46,
        "Profit before tax": 12597,
        "Present corporate income tax expenses": 945,
        "Deferred income taxes expenses": "N/A",
        "The interests of minority shareholders": "N/A",
        "Total Cost of profits": 945,
        "Profit after tax corporate income": 11652,
        "Volume": 14000000,
        "Close of Quarter": "N/A",
        "EPS": 2634.3,
        "Non-adjusted EPS": 2591,
        "PE": "N/A",
        "Book Price": 13.2
      }
    },
    {
      "quarter": "Q2 2008",
      "income status": {
        "Net sales": 93984,
        "Cost of goods sold": 56718,
        "Gross Profit": 37266,
        "Financial expenses": 2022,
        "Of which: Interest expense": "N/A",
        "Cost of sales": 6087,
        "Enterprise cost management": 3227,
        "Total Operating Expenses": 11336,
        "Total revenue financing activities": 193,
        "Net profit from business activities": 26123,
        "Profit": 498,
        "Profit before tax": 26621,
        "Present corporate income tax expenses": "N/A",
        "Deferred income taxes expenses": "N/A",
        "The interests of minority shareholders": "N/A",
        "Total Cost of profits": 0,
        "Profit after tax corporate income": 24624,
        "Volume": 14000000,
        "Close of Quarter": "N/A",
        "EPS": 1788.4,
        "Non-adjusted EPS": 1759,
        "PE": "N/A",
        "Book Price": 12.7
      }
    }
  ]
}