{
  "ticker": "VC5",
  "data": [
    {
      "quarter": "Q1 2016",
      "income status": {
        "Net sales": 21025,
        "Cost of goods sold": 18268,
        "Gross Profit": 2756,
        "Financial expenses": 6007,
        "Of which: Interest expense": 6007,
        "Cost of sales": "N/A",
        "Enterprise cost management": 1825,
        "Total Operating Expenses": 7832,
        "Total revenue financing activities": 2,
        "Net profit from business activities": -5074,
        "Profit": 231,
        "Profit before tax": -4843,
        "Present corporate income tax expenses": "N/A",
        "Deferred income taxes expenses": "N/A",
        "The interests of minority shareholders": "N/A",
        "Total Cost of profits": 0,
        "Profit after tax corporate income": -4843,
        "Volume": 5000000,
        "Close of Quarter": 3.9,
        "EPS": -9489,
        "Non-adjusted EPS": -9489,
        "PE": -0.4,
        "Book Price": 1.9
      }
    },
    {
      "quarter": "Q4 2015",
      "income status": {
        "Net sales": 59913,
        "Cost of goods sold": 48925,
        "Gross Profit": 10988,
        "Financial expenses": 11920,
        "Of which: Interest expense": 11920,
        "Cost of sales": "N/A",
        "Enterprise cost management": 1501,
        "Total Operating Expenses": 13421,
        "Total revenue financing activities": 1,
        "Net profit from business activities": -2432,
        "Profit": 3132,
        "Profit before tax": 700,
        "Present corporate income tax expenses": "N/A",
        "Deferred income taxes expenses": "N/A",
        "The interests of minority shareholders": "N/A",
        "Total Cost of profits": 0,
        "Profit after tax corporate income": 700,
        "Volume": 5000000,
        "Close of Quarter": 2.7,
        "EPS": -9867,
        "Non-adjusted EPS": -9867,
        "PE": -0.3,
        "Book Price": 3.9
      }
    },
    {
      "quarter": "Q3 2015",
      "income status": {
        "Net sales": 41362,
        "Cost of goods sold": 40292,
        "Gross Profit": 1070,
        "Financial expenses": 8704,
        "Of which: Interest expense": 8704,
        "Cost of sales": "N/A",
        "Enterprise cost management": 806,
        "Total Operating Expenses": 9510,
        "Total revenue financing activities": 7,
        "Net profit from business activities": -8433,
        "Profit": 1389,
        "Profit before tax": -7044,
        "Present corporate income tax expenses": "N/A",
        "Deferred income taxes expenses": "N/A",
        "The interests of minority shareholders": "N/A",
        "Total Cost of profits": 0,
        "Profit after tax corporate income": -7044,
        "Volume": 5000000,
        "Close of Quarter": 2.1,
        "EPS": -8724,
        "Non-adjusted EPS": -8724,
        "PE": -0.2,
        "Book Price": 3.7
      }
    },
    {
      "quarter": "Q2 2015",
      "income status": {
        "Net sales": 45032,
        "Cost of goods sold": 64907,
        "Gross Profit": -19875,
        "Financial expenses": 13742,
        "Of which: Interest expense": 13742,
        "Cost of sales": "N/A",
        "Enterprise cost management": 2732,
        "Total Operating Expenses": 16474,
        "Total revenue financing activities": 9,
        "Net profit from business activities": -36340,
        "Profit": 80,
        "Profit before tax": -36259,
        "Present corporate income tax expenses": "N/A",
        "Deferred income taxes expenses": "N/A",
        "The interests of minority shareholders": "N/A",
        "Total Cost of profits": 0,
        "Profit after tax corporate income": -36259,
        "Volume": 5000000,
        "Close of Quarter": 3,
        "EPS": -8211,
        "Non-adjusted EPS": -8211,
        "PE": -0.4,
        "Book Price": 5.2
      }
    },
    {
      "quarter": "Q1 2015",
      "income status": {
        "Net sales": 27790,
        "Cost of goods sold": 25143,
        "Gross Profit": 2648,
        "Financial expenses": 7366,
        "Of which: Interest expense": 7366,
        "Cost of sales": "N/A",
        "Enterprise cost management": 2087,
        "Total Operating Expenses": 9453,
        "Total revenue financing activities": 6,
        "Net profit from business activities": -6799,
        "Profit": 68,
        "Profit before tax": -6731,
        "Present corporate income tax expenses": "N/A",
        "Deferred income taxes expenses": "N/A",
        "The interests of minority shareholders": "N/A",
        "Total Cost of profits": 0,
        "Profit after tax corporate income": -6731,
        "Volume": 5000000,
        "Close of Quarter": 4.4,
        "EPS": -1421,
        "Non-adjusted EPS": -1421,
        "PE": -3.1,
        "Book Price": 12.4
      }
    },
    {
      "quarter": "Q4 2014",
      "income status": {
        "Net sales": 137175,
        "Cost of goods sold": 112984,
        "Gross Profit": 24191,
        "Financial expenses": 11734,
        "Of which: Interest expense": 11734,
        "Cost of sales": "N/A",
        "Enterprise cost management": 5984,
        "Total Operating Expenses": 17718,
        "Total revenue financing activities": 6,
        "Net profit from business activities": 6479,
        "Profit": 31,
        "Profit before tax": 6511,
        "Present corporate income tax expenses": 99,
        "Deferred income taxes expenses": "N/A",
        "The interests of minority shareholders": "N/A",
        "Total Cost of profits": 99,
        "Profit after tax corporate income": 6412,
        "Volume": 5000000,
        "Close of Quarter": 4.4,
        "EPS": 53,
        "Non-adjusted EPS": 53,
        "PE": 83.0,
        "Book Price": 17.3
      }
    },
    {
      "quarter": "Q3 2014",
      "income status": {
        "Net sales": 41547,
        "Cost of goods sold": 37905,
        "Gross Profit": 3642,
        "Financial expenses": 6094,
        "Of which: Interest expense": 6094,
        "Cost of sales": "N/A",
        "Enterprise cost management": 1977,
        "Total Operating Expenses": 8071,
        "Total revenue financing activities": 8,
        "Net profit from business activities": -4420,
        "Profit": -56,
        "Profit before tax": -4477,
        "Present corporate income tax expenses": "N/A",
        "Deferred income taxes expenses": "N/A",
        "The interests of minority shareholders": "N/A",
        "Total Cost of profits": 0,
        "Profit after tax corporate income": -4477,
        "Volume": 5000000,
        "Close of Quarter": 6.2,
        "EPS": -1087,
        "Non-adjusted EPS": -1087,
        "PE": -5.7,
        "Book Price": 16
      }
    },
    {
      "quarter": "Q2 2014",
      "income status": {
        "Net sales": 56065,
        "Cost of goods sold": 48563,
        "Gross Profit": 7502,
        "Financial expenses": 7925,
        "Of which: Interest expense": 7925,
        "Cost of sales": "N/A",
        "Enterprise cost management": 2818,
        "Total Operating Expenses": 10743,
        "Total revenue financing activities": 13,
        "Net profit from business activities": -3228,
        "Profit": 739,
        "Profit before tax": -2489,
        "Present corporate income tax expenses": -181,
        "Deferred income taxes expenses": "N/A",
        "The interests of minority shareholders": "N/A",
        "Total Cost of profits": -181,
        "Profit after tax corporate income": -2309,
        "Volume": 5000000,
        "Close of Quarter": 6.1,
        "EPS": 54,
        "Non-adjusted EPS": 54,
        "PE": 113.5,
        "Book Price": 16.8
      }
    },
    {
      "quarter": "Q1 2014",
      "income status": {
        "Net sales": 58506,
        "Cost of goods sold": 47794,
        "Gross Profit": 10712,
        "Financial expenses": 7236,
        "Of which: Interest expense": 7236,
        "Cost of sales": "N/A",
        "Enterprise cost management": 2686,
        "Total Operating Expenses": 9922,
        "Total revenue financing activities": 32,
        "Net profit from business activities": 822,
        "Profit": "N/A",
        "Profit before tax": 822,
        "Present corporate income tax expenses": 181,
        "Deferred income taxes expenses": "N/A",
        "The interests of minority shareholders": "N/A",
        "Total Cost of profits": 181,
        "Profit after tax corporate income": 641,
        "Volume": 5000000,
        "Close of Quarter": 6.7,
        "EPS": 658,
        "Non-adjusted EPS": 658,
        "PE": 10.2,
        "Book Price": 18.3
      }
    },
    {
      "quarter": "Q4 2013",
      "income status": {
        "Net sales": 157541,
        "Cost of goods sold": 141093,
        "Gross Profit": 16448,
        "Financial expenses": 9488,
        "Of which: Interest expense": 9488,
        "Cost of sales": "N/A",
        "Enterprise cost management": 6015,
        "Total Operating Expenses": 15503,
        "Total revenue financing activities": 16,
        "Net profit from business activities": 961,
        "Profit": -8,
        "Profit before tax": 954,
        "Present corporate income tax expenses": 242,
        "Deferred income taxes expenses": "N/A",
        "The interests of minority shareholders": "N/A",
        "Total Cost of profits": 242,
        "Profit after tax corporate income": 712,
        "Volume": 5000000,
        "Close of Quarter": 5.5,
        "EPS": 699,
        "Non-adjusted EPS": 699,
        "PE": 7.9,
        "Book Price": 18.4
      }
    },
    {
      "quarter": "Q3 2013",
      "income status": {
        "Net sales": 57642,
        "Cost of goods sold": 51319,
        "Gross Profit": 6323,
        "Financial expenses": 5926,
        "Of which: Interest expense": 5926,
        "Cost of sales": "N/A",
        "Enterprise cost management": 1087,
        "Total Operating Expenses": 7013,
        "Total revenue financing activities": 1654,
        "Net profit from business activities": 964,
        "Profit": 629,
        "Profit before tax": 1594,
        "Present corporate income tax expenses": 367,
        "Deferred income taxes expenses": "N/A",
        "The interests of minority shareholders": "N/A",
        "Total Cost of profits": 367,
        "Profit after tax corporate income": 1227,
        "Volume": 5000000,
        "Close of Quarter": 4.8,
        "EPS": 1115,
        "Non-adjusted EPS": 1115,
        "PE": 4.3,
        "Book Price": 18.3
      }
    },
    {
      "quarter": "Q2 2013",
      "income status": {
        "Net sales": 92879,
        "Cost of goods sold": 77394,
        "Gross Profit": 15485,
        "Financial expenses": 12865,
        "Of which: Interest expense": 12865,
        "Cost of sales": "N/A",
        "Enterprise cost management": 4543,
        "Total Operating Expenses": 17408,
        "Total revenue financing activities": 51,
        "Net profit from business activities": -1871,
        "Profit": 2661,
        "Profit before tax": 790,
        "Present corporate income tax expenses": 449,
        "Deferred income taxes expenses": "N/A",
        "The interests of minority shareholders": -369,
        "Total Cost of profits": 80,
        "Profit after tax corporate income": 710,
        "Volume": 5000000,
        "Close of Quarter": 4.9,
        "EPS": 1451,
        "Non-adjusted EPS": 1451,
        "PE": 3.4,
        "Book Price": 18.3
      }
    },
    {
      "quarter": "Q1 2013",
      "income status": {
        "Net sales": 110306,
        "Cost of goods sold": 102605,
        "Gross Profit": 7702,
        "Financial expenses": 5809,
        "Of which: Interest expense": 5809,
        "Cost of sales": "N/A",
        "Enterprise cost management": 811,
        "Total Operating Expenses": 6620,
        "Total revenue financing activities": 69,
        "Net profit from business activities": 1151,
        "Profit": "N/A",
        "Profit before tax": 1151,
        "Present corporate income tax expenses": 284,
        "Deferred income taxes expenses": "N/A",
        "The interests of minority shareholders": 18,
        "Total Cost of profits": 302,
        "Profit after tax corporate income": 848,
        "Volume": 5000000,
        "Close of Quarter": 5.0,
        "EPS": 1721,
        "Non-adjusted EPS": 1721,
        "PE": 2.9,
        "Book Price": 18.1
      }
    },
    {
      "quarter": "Q4 2012",
      "income status": {
        "Net sales": 183064,
        "Cost of goods sold": 165501,
        "Gross Profit": 17563,
        "Financial expenses": 7732,
        "Of which: Interest expense": 7732,
        "Cost of sales": "N/A",
        "Enterprise cost management": 8214,
        "Total Operating Expenses": 15946,
        "Total revenue financing activities": 258,
        "Net profit from business activities": 1874,
        "Profit": 2071,
        "Profit before tax": 3946,
        "Present corporate income tax expenses": 986,
        "Deferred income taxes expenses": "N/A",
        "The interests of minority shareholders": 167,
        "Total Cost of profits": 1153,
        "Profit after tax corporate income": 2792,
        "Volume": 5000000,
        "Close of Quarter": 4.1,
        "EPS": 1663,
        "Non-adjusted EPS": 1663,
        "PE": 2.5,
        "Book Price": 19.5
      }
    },
    {
      "quarter": "Q3 2012",
      "income status": {
        "Net sales": 120037,
        "Cost of goods sold": 104511,
        "Gross Profit": 15526,
        "Financial expenses": 8779,
        "Of which: Interest expense": 8779,
        "Cost of sales": "N/A",
        "Enterprise cost management": 2896,
        "Total Operating Expenses": 11675,
        "Total revenue financing activities": 56,
        "Net profit from business activities": 3907,
        "Profit": 20,
        "Profit before tax": 3926,
        "Present corporate income tax expenses": 982,
        "Deferred income taxes expenses": "N/A",
        "The interests of minority shareholders": 42,
        "Total Cost of profits": 1024,
        "Profit after tax corporate income": 2903,
        "Volume": 5000000,
        "Close of Quarter": 3.8,
        "EPS": 1784,
        "Non-adjusted EPS": 1784,
        "PE": 2.2,
        "Book Price": 18.8
      }
    },
    {
      "quarter": "Q2 2012",
      "income status": {
        "Net sales": 162931,
        "Cost of goods sold": 144948,
        "Gross Profit": 17984,
        "Financial expenses": 10504,
        "Of which: Interest expense": 10504,
        "Cost of sales": "N/A",
        "Enterprise cost management": 5908,
        "Total Operating Expenses": 16412,
        "Total revenue financing activities": 273,
        "Net profit from business activities": 1845,
        "Profit": 538,
        "Profit before tax": 2384,
        "Present corporate income tax expenses": 318,
        "Deferred income taxes expenses": "N/A",
        "The interests of minority shareholders": 6,
        "Total Cost of profits": 324,
        "Profit after tax corporate income": 2060,
        "Volume": 5000000,
        "Close of Quarter": 5.1,
        "EPS": 1979,
        "Non-adjusted EPS": 1979,
        "PE": 2.6,
        "Book Price": 18.4
      }
    },
    {
      "quarter": "Q1 2012",
      "income status": {
        "Net sales": 162243,
        "Cost of goods sold": 148567,
        "Gross Profit": 13676,
        "Financial expenses": 8905,
        "Of which: Interest expense": 8905,
        "Cost of sales": "N/A",
        "Enterprise cost management": 4216,
        "Total Operating Expenses": 13121,
        "Total revenue financing activities": 143,
        "Net profit from business activities": 698,
        "Profit": 50,
        "Profit before tax": 748,
        "Present corporate income tax expenses": 187,
        "Deferred income taxes expenses": "N/A",
        "The interests of minority shareholders": 1,
        "Total Cost of profits": 188,
        "Profit after tax corporate income": 560,
        "Volume": 5000000,
        "Close of Quarter": 5.4,
        "EPS": 2377,
        "Non-adjusted EPS": 2377,
        "PE": 2.3,
        "Book Price": 18.2
      }
    },
    {
      "quarter": "Q4 2011",
      "income status": {
        "Net sales": 284994,
        "Cost of goods sold": 264594,
        "Gross Profit": 20400,
        "Financial expenses": 5646,
        "Of which: Interest expense": 5646,
        "Cost of sales": "N/A",
        "Enterprise cost management": 10970,
        "Total Operating Expenses": 16616,
        "Total revenue financing activities": 154,
        "Net profit from business activities": 3938,
        "Profit": 1801,
        "Profit before tax": 5739,
        "Present corporate income tax expenses": 1435,
        "Deferred income taxes expenses": "N/A",
        "The interests of minority shareholders": 910,
        "Total Cost of profits": 2345,
        "Profit after tax corporate income": 3395,
        "Volume": 5000000,
        "Close of Quarter": 3.1,
        "EPS": 2698,
        "Non-adjusted EPS": 2698,
        "PE": 1.2,
        "Book Price": 20
      }
    },
    {
      "quarter": "Q3 2011",
      "income status": {
        "Net sales": 150695,
        "Cost of goods sold": 137420,
        "Gross Profit": 13275,
        "Financial expenses": 4703,
        "Of which: Interest expense": 4703,
        "Cost of sales": "N/A",
        "Enterprise cost management": 4147,
        "Total Operating Expenses": 8850,
        "Total revenue financing activities": 726,
        "Net profit from business activities": 5152,
        "Profit": 1,
        "Profit before tax": 13666,
        "Present corporate income tax expenses": 1164,
        "Deferred income taxes expenses": "N/A",
        "The interests of minority shareholders": 107,
        "Total Cost of profits": 1271,
        "Profit after tax corporate income": 3882,
        "Volume": 5000000,
        "Close of Quarter": 4.7,
        "EPS": 3360,
        "Non-adjusted EPS": 3360,
        "PE": 1.4,
        "Book Price": 19.2
      }
    },
    {
      "quarter": "Q2 2011",
      "income status": {
        "Net sales": 285003,
        "Cost of goods sold": 268667,
        "Gross Profit": 16336,
        "Financial expenses": 6890,
        "Of which: Interest expense": 6890,
        "Cost of sales": "N/A",
        "Enterprise cost management": 6135,
        "Total Operating Expenses": 13025,
        "Total revenue financing activities": 183,
        "Net profit from business activities": 3494,
        "Profit": 2062,
        "Profit before tax": 5556,
        "Present corporate income tax expenses": 1389,
        "Deferred income taxes expenses": "N/A",
        "The interests of minority shareholders": 121,
        "Total Cost of profits": 1510,
        "Profit after tax corporate income": 4046,
        "Volume": 5000000,
        "Close of Quarter": 5.3,
        "EPS": 2967,
        "Non-adjusted EPS": 2967,
        "PE": 1.8,
        "Book Price": 18.2
      }
    },
    {
      "quarter": "Q1 2011",
      "income status": {
        "Net sales": 96940,
        "Cost of goods sold": 87934,
        "Gross Profit": 9007,
        "Financial expenses": 3259,
        "Of which: Interest expense": 3259,
        "Cost of sales": "N/A",
        "Enterprise cost management": 3027,
        "Total Operating Expenses": 6286,
        "Total revenue financing activities": 225,
        "Net profit from business activities": 2946,
        "Profit": 12,
        "Profit before tax": 2957,
        "Present corporate income tax expenses": 739,
        "Deferred income taxes expenses": "N/A",
        "The interests of minority shareholders": 53,
        "Total Cost of profits": 792,
        "Profit after tax corporate income": 2165,
        "Volume": 5000000,
        "Close of Quarter": 7.7,
        "EPS": 2789,
        "Non-adjusted EPS": 2789,
        "PE": 2.8,
        "Book Price": 17.7
      }
    },
    {
      "quarter": "Q4 2010",
      "income status": {
        "Net sales": 255110,
        "Cost of goods sold": 237871,
        "Gross Profit": 17239,
        "Financial expenses": 2905,
        "Of which: Interest expense": 2905,
        "Cost of sales": "N/A",
        "Enterprise cost management": 4146,
        "Total Operating Expenses": 7051,
        "Total revenue financing activities": 147,
        "Net profit from business activities": 10335,
        "Profit": 211,
        "Profit before tax": 10546,
        "Present corporate income tax expenses": 2573,
        "Deferred income taxes expenses": "N/A",
        "The interests of minority shareholders": 1268,
        "Total Cost of profits": 3841,
        "Profit after tax corporate income": 6705,
        "Volume": 5000000,
        "Close of Quarter": 10.0,
        "EPS": 2648,
        "Non-adjusted EPS": 2648,
        "PE": 3.8,
        "Book Price": 18.6
      }
    },
    {
      "quarter": "Q3 2010",
      "income status": {
        "Net sales": 80029,
        "Cost of goods sold": 74376,
        "Gross Profit": 5654,
        "Financial expenses": 275,
        "Of which: Interest expense": 275,
        "Cost of sales": "N/A",
        "Enterprise cost management": 3137,
        "Total Operating Expenses": 3412,
        "Total revenue financing activities": 407,
        "Net profit from business activities": 2648,
        "Profit": 3,
        "Profit before tax": 2651,
        "Present corporate income tax expenses": 661,
        "Deferred income taxes expenses": "N/A",
        "The interests of minority shareholders": 69,
        "Total Cost of profits": 730,
        "Profit after tax corporate income": 1921,
        "Volume": 5000000,
        "Close of Quarter": 14.3,
        "EPS": 3216,
        "Non-adjusted EPS": 3216,
        "PE": 4.4,
        "Book Price": 17.6
      }
    },
    {
      "quarter": "Q2 2010",
      "income status": {
        "Net sales": 150567,
        "Cost of goods sold": 141048,
        "Gross Profit": 9519,
        "Financial expenses": 2751,
        "Of which: Interest expense": 5534,
        "Cost of sales": "N/A",
        "Enterprise cost management": 3182,
        "Total Operating Expenses": 5933,
        "Total revenue financing activities": 138,
        "Net profit from business activities": 3723,
        "Profit": 364,
        "Profit before tax": 4087,
        "Present corporate income tax expenses": 1154,
        "Deferred income taxes expenses": "N/A",
        "The interests of minority shareholders": -220,
        "Total Cost of profits": 934,
        "Profit after tax corporate income": 3153,
        "Volume": 5000000,
        "Close of Quarter": 23.3,
        "EPS": 3529,
        "Non-adjusted EPS": 3529,
        "PE": 6.6,
        "Book Price": 17.2
      }
    },
    {
      "quarter": "Q1 2010",
      "income status": {
        "Net sales": 80873,
        "Cost of goods sold": 74478,
        "Gross Profit": 6394,
        "Financial expenses": 2783,
        "Of which: Interest expense": "N/A",
        "Cost of sales": "N/A",
        "Enterprise cost management": 2512,
        "Total Operating Expenses": 5295,
        "Total revenue financing activities": 208,
        "Net profit from business activities": 1307,
        "Profit": 960,
        "Profit before tax": 2268,
        "Present corporate income tax expenses": 565,
        "Deferred income taxes expenses": "N/A",
        "The interests of minority shareholders": 239,
        "Total Cost of profits": 804,
        "Profit after tax corporate income": 1463,
        "Volume": 5000000,
        "Close of Quarter": 13.4,
        "EPS": 3385,
        "Non-adjusted EPS": 3385,
        "PE": 4.0,
        "Book Price": 16.5
      }
    },
    {
      "quarter": "Q4 2009",
      "income status": {
        "Net sales": 198434,
        "Cost of goods sold": 181884,
        "Gross Profit": 16550,
        "Financial expenses": 2395,
        "Of which: Interest expense": 2395,
        "Cost of sales": "N/A",
        "Enterprise cost management": 4138,
        "Total Operating Expenses": 6533,
        "Total revenue financing activities": 1619,
        "Net profit from business activities": 11635,
        "Profit": 65,
        "Profit before tax": 11701,
        "Present corporate income tax expenses": 1463,
        "Deferred income taxes expenses": "N/A",
        "The interests of minority shareholders": 695,
        "Total Cost of profits": 2158,
        "Profit after tax corporate income": 9543,
        "Volume": 5000000,
        "Close of Quarter": 12.2,
        "EPS": 3505,
        "Non-adjusted EPS": 3505,
        "PE": 3.5,
        "Book Price": 20.1
      }
    },
    {
      "quarter": "Q3 2009",
      "income status": {
        "Net sales": 129523,
        "Cost of goods sold": 120371,
        "Gross Profit": 9152,
        "Financial expenses": 2371,
        "Of which: Interest expense": "N/A",
        "Cost of sales": "N/A",
        "Enterprise cost management": 3535,
        "Total Operating Expenses": 5906,
        "Total revenue financing activities": 738,
        "Net profit from business activities": 3984,
        "Profit": "N/A",
        "Profit before tax": "N/A",
        "Present corporate income tax expenses": 498,
        "Deferred income taxes expenses": "N/A",
        "The interests of minority shareholders": "N/A",
        "Total Cost of profits": 498,
        "Profit after tax corporate income": 3486,
        "Volume": 5000000,
        "Close of Quarter": 15.2,
        "EPS": 2508,
        "Non-adjusted EPS": 2508,
        "PE": 6.1,
        "Book Price": 17.2
      }
    },
    {
      "quarter": "Q2 2009",
      "income status": {
        "Net sales": 141031,
        "Cost of goods sold": 133855,
        "Gross Profit": 7176,
        "Financial expenses": 2964,
        "Of which: Interest expense": 5832,
        "Cost of sales": "N/A",
        "Enterprise cost management": 2287,
        "Total Operating Expenses": 5251,
        "Total revenue financing activities": 436,
        "Net profit from business activities": 2361,
        "Profit": 26,
        "Profit before tax": 2388,
        "Present corporate income tax expenses": -45,
        "Deferred income taxes expenses": "N/A",
        "The interests of minority shareholders": "N/A",
        "Total Cost of profits": -45,
        "Profit after tax corporate income": 2433,
        "Volume": 5000000,
        "Close of Quarter": 7.2,
        "EPS": 2590,
        "Non-adjusted EPS": 2590,
        "PE": 2.8,
        "Book Price": 16.5
      }
    },
    {
      "quarter": "Q1 2009",
      "income status": {
        "Net sales": 84677,
        "Cost of goods sold": 77485,
        "Gross Profit": 7192,
        "Financial expenses": 2868,
        "Of which: Interest expense": "N/A",
        "Cost of sales": "N/A",
        "Enterprise cost management": 1680,
        "Total Operating Expenses": 4548,
        "Total revenue financing activities": 99,
        "Net profit from business activities": 2743,
        "Profit": 6,
        "Profit before tax": 2749,
        "Present corporate income tax expenses": 687,
        "Deferred income taxes expenses": "N/A",
        "The interests of minority shareholders": "N/A",
        "Total Cost of profits": 687,
        "Profit after tax corporate income": 2062,
        "Volume": 5000000,
        "Close of Quarter": 6.3,
        "EPS": 3134,
        "Non-adjusted EPS": 3134,
        "PE": 2.0,
        "Book Price": 16.1
      }
    },
    {
      "quarter": "Q4 2008",
      "income status": {
        "Net sales": 192821,
        "Cost of goods sold": 182085,
        "Gross Profit": 10736,
        "Financial expenses": 2578,
        "Of which: Interest expense": "N/A",
        "Cost of sales": "N/A",
        "Enterprise cost management": 3124,
        "Total Operating Expenses": 5702,
        "Total revenue financing activities": 76,
        "Net profit from business activities": 5110,
        "Profit": 191,
        "Profit before tax": 5301,
        "Present corporate income tax expenses": 742,
        "Deferred income taxes expenses": "N/A",
        "The interests of minority shareholders": "N/A",
        "Total Cost of profits": 742,
        "Profit after tax corporate income": 4559,
        "Volume": 5000000,
        "Close of Quarter": 5.7,
        "EPS": 3106,
        "Non-adjusted EPS": 3106,
        "PE": 1.8,
        "Book Price": 17.5
      }
    },
    {
      "quarter": "Q3 2008",
      "income status": {
        "Net sales": 106120,
        "Cost of goods sold": 98728,
        "Gross Profit": 7391,
        "Financial expenses": 2399,
        "Of which: Interest expense": "N/A",
        "Cost of sales": "N/A",
        "Enterprise cost management": 1751,
        "Total Operating Expenses": 4150,
        "Total revenue financing activities": 321,
        "Net profit from business activities": 3563,
        "Profit": 969,
        "Profit before tax": 4531,
        "Present corporate income tax expenses": 634,
        "Deferred income taxes expenses": "N/A",
        "The interests of minority shareholders": "N/A",
        "Total Cost of profits": 634,
        "Profit after tax corporate income": 3897,
        "Volume": 5000000,
        "Close of Quarter": 7.2,
        "EPS": 3501,
        "Non-adjusted EPS": 3501,
        "PE": 2.1,
        "Book Price": 16.6
      }
    },
    {
      "quarter": "Q2 2008",
      "income status": {
        "Net sales": 145102,
        "Cost of goods sold": 132947,
        "Gross Profit": 12155,
        "Financial expenses": 4540,
        "Of which: Interest expense": "N/A",
        "Cost of sales": "N/A",
        "Enterprise cost management": 1927,
        "Total Operating Expenses": 6467,
        "Total revenue financing activities": 132,
        "Net profit from business activities": 5821,
        "Profit": 172,
        "Profit before tax": 5993,
        "Present corporate income tax expenses": 839,
        "Deferred income taxes expenses": "N/A",
        "The interests of minority shareholders": "N/A",
        "Total Cost of profits": 839,
        "Profit after tax corporate income": 5154,
        "Volume": 5000000,
        "Close of Quarter": 4.7,
        "EPS": 2722,
        "Non-adjusted EPS": 2722,
        "PE": 1.7,
        "Book Price": 15.8
      }
    },
    {
      "quarter": "Q1 2008",
      "income status": {
        "Net sales": 48822,
        "Cost of goods sold": 41589,
        "Gross Profit": 7233,
        "Financial expenses": 3589,
        "Of which: Interest expense": "N/A",
        "Cost of sales": "N/A",
        "Enterprise cost management": 1760,
        "Total Operating Expenses": 5349,
        "Total revenue financing activities": 133,
        "Net profit from business activities": 2017,
        "Profit": 214,
        "Profit before tax": 2230,
        "Present corporate income tax expenses": 312,
        "Deferred income taxes expenses": "N/A",
        "The interests of minority shareholders": "N/A",
        "Total Cost of profits": 312,
        "Profit after tax corporate income": 1918,
        "Volume": 5000000,
        "Close of Quarter": 9.9,
        "EPS": 1691,
        "Non-adjusted EPS": 1691,
        "PE": 5.9,
        "Book Price": 14.8
      }
    },
    {
      "quarter": "Q4 2007",
      "income status": {
        "Net sales": 178439,
        "Cost of goods sold": 172387,
        "Gross Profit": 6053,
        "Financial expenses": 3384,
        "Of which: Interest expense": "N/A",
        "Cost of sales": "N/A",
        "Enterprise cost management": 3321,
        "Total Operating Expenses": 6705,
        "Total revenue financing activities": 8065,
        "Net profit from business activities": 7413,
        "Profit": 189,
        "Profit before tax": 7602,
        "Present corporate income tax expenses": 1064,
        "Deferred income taxes expenses": "N/A",
        "The interests of minority shareholders": "N/A",
        "Total Cost of profits": 1064,
        "Profit after tax corporate income": 6537,
        "Volume": 5000000,
        "Close of Quarter": "N/A",
        "EPS": 1307,
        "Non-adjusted EPS": 1307,
        "PE": "N/A",
        "Book Price": 15.7
      }
    }
  ]
}