{
  "ticker": "TJC",
  "data": [
    {
      "quarter": "Q1 2017",
      "income status": {
        "Net sales": 44944,
        "Cost of goods sold": 42124,
        "Gross Profit": 2819,
        "Financial expenses": 678,
        "Of which: Interest expense": 645,
        "Cost of sales": 480,
        "Enterprise cost management": 1638,
        "Total Operating Expenses": 2796,
        "Total revenue financing activities": 115,
        "Net profit from business activities": 139,
        "Profit": -100,
        "Profit before tax": 39,
        "Present corporate income tax expenses": 8,
        "Deferred income taxes expenses": "N/A",
        "The interests of minority shareholders": "N/A",
        "Total Cost of profits": 8,
        "Profit after tax corporate income": 31,
        "Volume": 8600000,
        "Close of Quarter": 8.8,
        "EPS": 893,
        "Non-adjusted EPS": 893,
        "PE": 9.9,
        "Book Price": 14.8
      }
    },
    {
      "quarter": "Q4 2016",
      "income status": {
        "Net sales": 42751,
        "Cost of goods sold": 39358,
        "Gross Profit": 3394,
        "Financial expenses": 1312,
        "Of which: Interest expense": 895,
        "Cost of sales": 44,
        "Enterprise cost management": 1750,
        "Total Operating Expenses": 3106,
        "Total revenue financing activities": 167,
        "Net profit from business activities": 455,
        "Profit": 554,
        "Profit before tax": 1009,
        "Present corporate income tax expenses": 203,
        "Deferred income taxes expenses": "N/A",
        "The interests of minority shareholders": "N/A",
        "Total Cost of profits": 203,
        "Profit after tax corporate income": 806,
        "Volume": 8600000,
        "Close of Quarter": 8.9,
        "EPS": 1331,
        "Non-adjusted EPS": 1331,
        "PE": 6.7,
        "Book Price": 14.8
      }
    },
    {
      "quarter": "Q3 2016",
      "income status": {
        "Net sales": 49465,
        "Cost of goods sold": 42945,
        "Gross Profit": 6521,
        "Financial expenses": 797,
        "Of which: Interest expense": 796,
        "Cost of sales": 363,
        "Enterprise cost management": 1752,
        "Total Operating Expenses": 2912,
        "Total revenue financing activities": 117,
        "Net profit from business activities": 3726,
        "Profit": -200,
        "Profit before tax": 3526,
        "Present corporate income tax expenses": 705,
        "Deferred income taxes expenses": "N/A",
        "The interests of minority shareholders": "N/A",
        "Total Cost of profits": 705,
        "Profit after tax corporate income": 2820,
        "Volume": 8600000,
        "Close of Quarter": 8.4,
        "EPS": 1135,
        "Non-adjusted EPS": 1135,
        "PE": 7.4,
        "Book Price": 14.7
      }
    },
    {
      "quarter": "Q2 2016",
      "income status": {
        "Net sales": 42965,
        "Cost of goods sold": 35053,
        "Gross Profit": 7912,
        "Financial expenses": 934,
        "Of which: Interest expense": 931,
        "Cost of sales": 142,
        "Enterprise cost management": 1879,
        "Total Operating Expenses": 2955,
        "Total revenue financing activities": 297,
        "Net profit from business activities": 5253,
        "Profit": -223,
        "Profit before tax": 5030,
        "Present corporate income tax expenses": 1006,
        "Deferred income taxes expenses": "N/A",
        "The interests of minority shareholders": "N/A",
        "Total Cost of profits": 1006,
        "Profit after tax corporate income": 4024,
        "Volume": 8600000,
        "Close of Quarter": 9.1,
        "EPS": 1289,
        "Non-adjusted EPS": 1289,
        "PE": 7.0,
        "Book Price": 15.2
      }
    },
    {
      "quarter": "Q1 2016",
      "income status": {
        "Net sales": 42646,
        "Cost of goods sold": 34889,
        "Gross Profit": 7757,
        "Financial expenses": 1155,
        "Of which: Interest expense": 1101,
        "Cost of sales": 303,
        "Enterprise cost management": 1859,
        "Total Operating Expenses": 3317,
        "Total revenue financing activities": 96,
        "Net profit from business activities": 4537,
        "Profit": 209,
        "Profit before tax": 4746,
        "Present corporate income tax expenses": 949,
        "Deferred income taxes expenses": "N/A",
        "The interests of minority shareholders": "N/A",
        "Total Cost of profits": 949,
        "Profit after tax corporate income": 3797,
        "Volume": 8600000,
        "Close of Quarter": 9.1,
        "EPS": 1275,
        "Non-adjusted EPS": 1275,
        "PE": 7.1,
        "Book Price": 14.8
      }
    },
    {
      "quarter": "Q4 2015",
      "income status": {
        "Net sales": 48471,
        "Cost of goods sold": 46179,
        "Gross Profit": 2292,
        "Financial expenses": 1209,
        "Of which: Interest expense": 1173,
        "Cost of sales": 70,
        "Enterprise cost management": 1976,
        "Total Operating Expenses": 3255,
        "Total revenue financing activities": 115,
        "Net profit from business activities": -848,
        "Profit": -265,
        "Profit before tax": -1113,
        "Present corporate income tax expenses": -232,
        "Deferred income taxes expenses": "N/A",
        "The interests of minority shareholders": "N/A",
        "Total Cost of profits": -232,
        "Profit after tax corporate income": -881,
        "Volume": 8600000,
        "Close of Quarter": 10.3,
        "EPS": 1236,
        "Non-adjusted EPS": 1236,
        "PE": 8.4,
        "Book Price": 14.4
      }
    },
    {
      "quarter": "Q3 2015",
      "income status": {
        "Net sales": 53327,
        "Cost of goods sold": 44431,
        "Gross Profit": 8896,
        "Financial expenses": 2390,
        "Of which: Interest expense": 944,
        "Cost of sales": "N/A",
        "Enterprise cost management": 1582,
        "Total Operating Expenses": 3972,
        "Total revenue financing activities": 274,
        "Net profit from business activities": 5198,
        "Profit": 116,
        "Profit before tax": 5314,
        "Present corporate income tax expenses": 1169,
        "Deferred income taxes expenses": "N/A",
        "The interests of minority shareholders": "N/A",
        "Total Cost of profits": 1169,
        "Profit after tax corporate income": 4145,
        "Volume": 8600000,
        "Close of Quarter": 7.6,
        "EPS": 2222,
        "Non-adjusted EPS": 2222,
        "PE": 3.4,
        "Book Price": 14.7
      }
    },
    {
      "quarter": "Q2 2015",
      "income status": {
        "Net sales": 52155,
        "Cost of goods sold": 45811,
        "Gross Profit": 6343,
        "Financial expenses": 1212,
        "Of which: Interest expense": 627,
        "Cost of sales": 97,
        "Enterprise cost management": 1590,
        "Total Operating Expenses": 2899,
        "Total revenue financing activities": 639,
        "Net profit from business activities": 4084,
        "Profit": 916,
        "Profit before tax": 4999,
        "Present corporate income tax expenses": 1100,
        "Deferred income taxes expenses": "N/A",
        "The interests of minority shareholders": "N/A",
        "Total Cost of profits": 1100,
        "Profit after tax corporate income": 3900,
        "Volume": 8600000,
        "Close of Quarter": 7.7,
        "EPS": 2929,
        "Non-adjusted EPS": 2929,
        "PE": 2.6,
        "Book Price": 14.2
      }
    },
    {
      "quarter": "Q1 2015",
      "income status": {
        "Net sales": 44299,
        "Cost of goods sold": 39427,
        "Gross Profit": 4872,
        "Financial expenses": 1162,
        "Of which: Interest expense": 658,
        "Cost of sales": 58,
        "Enterprise cost management": 1378,
        "Total Operating Expenses": 2598,
        "Total revenue financing activities": 191,
        "Net profit from business activities": 2465,
        "Profit": 1982,
        "Profit before tax": 4447,
        "Present corporate income tax expenses": 978,
        "Deferred income taxes expenses": "N/A",
        "The interests of minority shareholders": "N/A",
        "Total Cost of profits": 978,
        "Profit after tax corporate income": 3468,
        "Volume": 6000000,
        "Close of Quarter": 9.1,
        "EPS": 2746.7,
        "Non-adjusted EPS": 3937,
        "PE": 2.3,
        "Book Price": 12.6
      }
    },
    {
      "quarter": "Q4 2014",
      "income status": {
        "Net sales": 51277,
        "Cost of goods sold": 46929,
        "Gross Profit": 4348,
        "Financial expenses": 842,
        "Of which: Interest expense": 596,
        "Cost of sales": 59,
        "Enterprise cost management": 1894,
        "Total Operating Expenses": 2795,
        "Total revenue financing activities": 691,
        "Net profit from business activities": 2244,
        "Profit": 7508,
        "Profit before tax": 9752,
        "Present corporate income tax expenses": 2159,
        "Deferred income taxes expenses": "N/A",
        "The interests of minority shareholders": "N/A",
        "Total Cost of profits": 2159,
        "Profit after tax corporate income": 7593,
        "Volume": 6000000,
        "Close of Quarter": 8.6,
        "EPS": 2677.0,
        "Non-adjusted EPS": 3837,
        "PE": 2.3,
        "Book Price": 12.3
      }
    },
    {
      "quarter": "Q3 2014",
      "income status": {
        "Net sales": 55200,
        "Cost of goods sold": 50526,
        "Gross Profit": 4674,
        "Financial expenses": 771,
        "Of which: Interest expense": 683,
        "Cost of sales": "N/A",
        "Enterprise cost management": 1478,
        "Total Operating Expenses": 2249,
        "Total revenue financing activities": 81,
        "Net profit from business activities": 2506,
        "Profit": 10299,
        "Profit before tax": 12805,
        "Present corporate income tax expenses": 2576,
        "Deferred income taxes expenses": "N/A",
        "The interests of minority shareholders": "N/A",
        "Total Cost of profits": 2576,
        "Profit after tax corporate income": 10229,
        "Volume": 6000000,
        "Close of Quarter": 9.4,
        "EPS": 2097.9,
        "Non-adjusted EPS": 3007,
        "PE": 3.1,
        "Book Price": 11.4
      }
    },
    {
      "quarter": "Q2 2014",
      "income status": {
        "Net sales": 58460,
        "Cost of goods sold": 52764,
        "Gross Profit": 5696,
        "Financial expenses": 1823,
        "Of which: Interest expense": 1068,
        "Cost of sales": 406,
        "Enterprise cost management": 1571,
        "Total Operating Expenses": 3800,
        "Total revenue financing activities": 267,
        "Net profit from business activities": 2164,
        "Profit": 166,
        "Profit before tax": 2330,
        "Present corporate income tax expenses": "N/A",
        "Deferred income taxes expenses": "N/A",
        "The interests of minority shareholders": "N/A",
        "Total Cost of profits": 0,
        "Profit after tax corporate income": 2330,
        "Volume": 6000000,
        "Close of Quarter": 4.3,
        "EPS": 1008.1,
        "Non-adjusted EPS": 1445,
        "PE": 3.0,
        "Book Price": 10.2
      }
    },
    {
      "quarter": "Q1 2014",
      "income status": {
        "Net sales": 56928,
        "Cost of goods sold": 52119,
        "Gross Profit": 4810,
        "Financial expenses": 865,
        "Of which: Interest expense": 837,
        "Cost of sales": 544,
        "Enterprise cost management": 1384,
        "Total Operating Expenses": 2793,
        "Total revenue financing activities": 140,
        "Net profit from business activities": 2157,
        "Profit": 712,
        "Profit before tax": 2869,
        "Present corporate income tax expenses": "N/A",
        "Deferred income taxes expenses": "N/A",
        "The interests of minority shareholders": "N/A",
        "Total Cost of profits": 0,
        "Profit after tax corporate income": 2869,
        "Volume": 6000000,
        "Close of Quarter": 5,
        "EPS": 789.1,
        "Non-adjusted EPS": 1131,
        "PE": 4.4,
        "Book Price": 9.9
      }
    },
    {
      "quarter": "Q4 2013",
      "income status": {
        "Net sales": 60298,
        "Cost of goods sold": 53515,
        "Gross Profit": 6783,
        "Financial expenses": 1265,
        "Of which: Interest expense": 1202,
        "Cost of sales": 384,
        "Enterprise cost management": 1573,
        "Total Operating Expenses": 3222,
        "Total revenue financing activities": 96,
        "Net profit from business activities": 3658,
        "Profit": -1045,
        "Profit before tax": 2614,
        "Present corporate income tax expenses": "N/A",
        "Deferred income taxes expenses": "N/A",
        "The interests of minority shareholders": "N/A",
        "Total Cost of profits": 0,
        "Profit after tax corporate income": 2614,
        "Volume": 6000000,
        "Close of Quarter": 2.9,
        "EPS": 347.4,
        "Non-adjusted EPS": 498,
        "PE": 5.9,
        "Book Price": 9.6
      }
    },
    {
      "quarter": "Q3 2013",
      "income status": {
        "Net sales": 58676,
        "Cost of goods sold": 55290,
        "Gross Profit": 3386,
        "Financial expenses": 1166,
        "Of which: Interest expense": 1067,
        "Cost of sales": 573,
        "Enterprise cost management": 1357,
        "Total Operating Expenses": 3096,
        "Total revenue financing activities": 244,
        "Net profit from business activities": 534,
        "Profit": 321,
        "Profit before tax": 855,
        "Present corporate income tax expenses": "N/A",
        "Deferred income taxes expenses": "N/A",
        "The interests of minority shareholders": "N/A",
        "Total Cost of profits": 0,
        "Profit after tax corporate income": 855,
        "Volume": 6000000,
        "Close of Quarter": 1.5,
        "EPS": -295.8,
        "Non-adjusted EPS": -424,
        "PE": -3.6,
        "Book Price": 9.3
      }
    },
    {
      "quarter": "Q2 2013",
      "income status": {
        "Net sales": 55046,
        "Cost of goods sold": 50308,
        "Gross Profit": 4738,
        "Financial expenses": 2854,
        "Of which: Interest expense": 1440,
        "Cost of sales": 280,
        "Enterprise cost management": 1477,
        "Total Operating Expenses": 4611,
        "Total revenue financing activities": 184,
        "Net profit from business activities": 311,
        "Profit": 139,
        "Profit before tax": 450,
        "Present corporate income tax expenses": "N/A",
        "Deferred income taxes expenses": "N/A",
        "The interests of minority shareholders": "N/A",
        "Total Cost of profits": 0,
        "Profit after tax corporate income": 450,
        "Volume": 6000000,
        "Close of Quarter": 1.6,
        "EPS": -369.1,
        "Non-adjusted EPS": -529,
        "PE": -3.0,
        "Book Price": 9.2
      }
    },
    {
      "quarter": "Q1 2013",
      "income status": {
        "Net sales": 56186,
        "Cost of goods sold": 53592,
        "Gross Profit": 2594,
        "Financial expenses": 1303,
        "Of which: Interest expense": 1261,
        "Cost of sales": 373,
        "Enterprise cost management": 1274,
        "Total Operating Expenses": 2950,
        "Total revenue financing activities": 54,
        "Net profit from business activities": -301,
        "Profit": -631,
        "Profit before tax": -932,
        "Present corporate income tax expenses": "N/A",
        "Deferred income taxes expenses": "N/A",
        "The interests of minority shareholders": "N/A",
        "Total Cost of profits": 0,
        "Profit after tax corporate income": -932,
        "Volume": 6000000,
        "Close of Quarter": 1.9,
        "EPS": -655.1,
        "Non-adjusted EPS": -939,
        "PE": -2,
        "Book Price": 9.1
      }
    },
    {
      "quarter": "Q4 2012",
      "income status": {
        "Net sales": 52194,
        "Cost of goods sold": 51935,
        "Gross Profit": 259,
        "Financial expenses": 1611,
        "Of which: Interest expense": 1593,
        "Cost of sales": 349,
        "Enterprise cost management": 1284,
        "Total Operating Expenses": 3244,
        "Total revenue financing activities": 100,
        "Net profit from business activities": -2885,
        "Profit": -33,
        "Profit before tax": -2918,
        "Present corporate income tax expenses": "N/A",
        "Deferred income taxes expenses": "N/A",
        "The interests of minority shareholders": "N/A",
        "Total Cost of profits": 0,
        "Profit after tax corporate income": -2918,
        "Volume": 6000000,
        "Close of Quarter": 2.0,
        "EPS": -1094.0,
        "Non-adjusted EPS": -1568,
        "PE": -1.2,
        "Book Price": 9.3
      }
    },
    {
      "quarter": "Q3 2012",
      "income status": {
        "Net sales": 53154,
        "Cost of goods sold": 49985,
        "Gross Profit": 3169,
        "Financial expenses": 1328,
        "Of which: Interest expense": 1319,
        "Cost of sales": 501,
        "Enterprise cost management": 1273,
        "Total Operating Expenses": 3102,
        "Total revenue financing activities": 8,
        "Net profit from business activities": 75,
        "Profit": 153,
        "Profit before tax": 228,
        "Present corporate income tax expenses": "N/A",
        "Deferred income taxes expenses": "N/A",
        "The interests of minority shareholders": "N/A",
        "Total Cost of profits": 0,
        "Profit after tax corporate income": 228,
        "Volume": 6000000,
        "Close of Quarter": 1.8,
        "EPS": -757.0,
        "Non-adjusted EPS": -1085,
        "PE": -1.7,
        "Book Price": 9.6
      }
    },
    {
      "quarter": "Q2 2012",
      "income status": {
        "Net sales": 44011,
        "Cost of goods sold": 43076,
        "Gross Profit": 935,
        "Financial expenses": 1350,
        "Of which: Interest expense": 1331,
        "Cost of sales": 295,
        "Enterprise cost management": 1411,
        "Total Operating Expenses": 3056,
        "Total revenue financing activities": 109,
        "Net profit from business activities": -2012,
        "Profit": "N/A",
        "Profit before tax": -2012,
        "Present corporate income tax expenses": "N/A",
        "Deferred income taxes expenses": "N/A",
        "The interests of minority shareholders": "N/A",
        "Total Cost of profits": 0,
        "Profit after tax corporate income": -2012,
        "Volume": 6000000,
        "Close of Quarter": 2.5,
        "EPS": -939.1,
        "Non-adjusted EPS": -1346,
        "PE": -1.9,
        "Book Price": 9.6
      }
    },
    {
      "quarter": "Q1 2012",
      "income status": {
        "Net sales": 37330,
        "Cost of goods sold": 39224,
        "Gross Profit": -1894,
        "Financial expenses": 1428,
        "Of which: Interest expense": 1336,
        "Cost of sales": 20,
        "Enterprise cost management": 1593,
        "Total Operating Expenses": 3041,
        "Total revenue financing activities": 86,
        "Net profit from business activities": -4850,
        "Profit": 144,
        "Profit before tax": -4705,
        "Present corporate income tax expenses": "N/A",
        "Deferred income taxes expenses": "N/A",
        "The interests of minority shareholders": "N/A",
        "Total Cost of profits": 0,
        "Profit after tax corporate income": -4705,
        "Volume": 6000000,
        "Close of Quarter": 2.6,
        "EPS": -551.9,
        "Non-adjusted EPS": -791,
        "PE": -3.3,
        "Book Price": 9.8
      }
    },
    {
      "quarter": "Q4 2011",
      "income status": {
        "Net sales": 40046,
        "Cost of goods sold": 33150,
        "Gross Profit": 6896,
        "Financial expenses": 5523,
        "Of which: Interest expense": 1572,
        "Cost of sales": 203,
        "Enterprise cost management": 1586,
        "Total Operating Expenses": 7312,
        "Total revenue financing activities": 502,
        "Net profit from business activities": 86,
        "Profit": -74,
        "Profit before tax": 12,
        "Present corporate income tax expenses": 33,
        "Deferred income taxes expenses": "N/A",
        "The interests of minority shareholders": "N/A",
        "Total Cost of profits": 33,
        "Profit after tax corporate income": -21,
        "Volume": 6000000,
        "Close of Quarter": 2.0,
        "EPS": 46.7,
        "Non-adjusted EPS": 67,
        "PE": 29.1,
        "Book Price": 10.4
      }
    },
    {
      "quarter": "Q3 2011",
      "income status": {
        "Net sales": 49915,
        "Cost of goods sold": 40335,
        "Gross Profit": 9580,
        "Financial expenses": 10355,
        "Of which: Interest expense": 1870,
        "Cost of sales": 213,
        "Enterprise cost management": 1267,
        "Total Operating Expenses": 11835,
        "Total revenue financing activities": 470,
        "Net profit from business activities": -1786,
        "Profit": "N/A",
        "Profit before tax": -1785,
        "Present corporate income tax expenses": -446,
        "Deferred income taxes expenses": "N/A",
        "The interests of minority shareholders": "N/A",
        "Total Cost of profits": -446,
        "Profit after tax corporate income": -1339,
        "Volume": 6000000,
        "Close of Quarter": 3.5,
        "EPS": 124.9,
        "Non-adjusted EPS": 179,
        "PE": 19.4,
        "Book Price": 10.1
      }
    },
    {
      "quarter": "Q2 2011",
      "income status": {
        "Net sales": 60112,
        "Cost of goods sold": 54332,
        "Gross Profit": 5779,
        "Financial expenses": 3041,
        "Of which: Interest expense": 2036,
        "Cost of sales": 59,
        "Enterprise cost management": 1424,
        "Total Operating Expenses": 4524,
        "Total revenue financing activities": 498,
        "Net profit from business activities": 1753,
        "Profit": 3,
        "Profit before tax": 1757,
        "Present corporate income tax expenses": 439,
        "Deferred income taxes expenses": "N/A",
        "The interests of minority shareholders": "N/A",
        "Total Cost of profits": 439,
        "Profit after tax corporate income": 1317,
        "Volume": 6000000,
        "Close of Quarter": 3.4,
        "EPS": 737.4,
        "Non-adjusted EPS": 1057,
        "PE": 3.2,
        "Book Price": 10.9
      }
    },
    {
      "quarter": "Q1 2011",
      "income status": {
        "Net sales": 47575,
        "Cost of goods sold": 43492,
        "Gross Profit": 4083,
        "Financial expenses": 2518,
        "Of which: Interest expense": 2043,
        "Cost of sales": 274,
        "Enterprise cost management": 1268,
        "Total Operating Expenses": 4060,
        "Total revenue financing activities": 568,
        "Net profit from business activities": 591,
        "Profit": "N/A",
        "Profit before tax": 591,
        "Present corporate income tax expenses": 148,
        "Deferred income taxes expenses": "N/A",
        "The interests of minority shareholders": "N/A",
        "Total Cost of profits": 148,
        "Profit after tax corporate income": 443,
        "Volume": 6000000,
        "Close of Quarter": 5.0,
        "EPS": 650.9,
        "Non-adjusted EPS": 933,
        "PE": 5.3,
        "Book Price": 10.8
      }
    },
    {
      "quarter": "Q4 2010",
      "income status": {
        "Net sales": 47669,
        "Cost of goods sold": 37331,
        "Gross Profit": 10338,
        "Financial expenses": 9013,
        "Of which: Interest expense": 2116,
        "Cost of sales": 40,
        "Enterprise cost management": 1233,
        "Total Operating Expenses": 10286,
        "Total revenue financing activities": 849,
        "Net profit from business activities": 901,
        "Profit": "N/A",
        "Profit before tax": 901,
        "Present corporate income tax expenses": 247,
        "Deferred income taxes expenses": "N/A",
        "The interests of minority shareholders": "N/A",
        "Total Cost of profits": 247,
        "Profit after tax corporate income": 655,
        "Volume": 6000000,
        "Close of Quarter": 7.5,
        "EPS": 773.7,
        "Non-adjusted EPS": 1109,
        "PE": 6.8,
        "Book Price": 10.7
      }
    },
    {
      "quarter": "Q3 2010",
      "income status": {
        "Net sales": 50787,
        "Cost of goods sold": 47352,
        "Gross Profit": 3436,
        "Financial expenses": 8838,
        "Of which: Interest expense": 2237,
        "Cost of sales": 294,
        "Enterprise cost management": 1331,
        "Total Operating Expenses": 10463,
        "Total revenue financing activities": 587,
        "Net profit from business activities": -6439,
        "Profit": 11678,
        "Profit before tax": 5239,
        "Present corporate income tax expenses": 1310,
        "Deferred income taxes expenses": "N/A",
        "The interests of minority shareholders": "N/A",
        "Total Cost of profits": 1310,
        "Profit after tax corporate income": 3929,
        "Volume": 6000000,
        "Close of Quarter": 10.0,
        "EPS": 981.6,
        "Non-adjusted EPS": 1407,
        "PE": 7.1,
        "Book Price": 10.5
      }
    },
    {
      "quarter": "Q2 2010",
      "income status": {
        "Net sales": 43559,
        "Cost of goods sold": 37913,
        "Gross Profit": 5646,
        "Financial expenses": 3928,
        "Of which: Interest expense": 2299,
        "Cost of sales": "N/A",
        "Enterprise cost management": 1416,
        "Total Operating Expenses": 5344,
        "Total revenue financing activities": 458,
        "Net profit from business activities": 760,
        "Profit": "N/A",
        "Profit before tax": 760,
        "Present corporate income tax expenses": 190,
        "Deferred income taxes expenses": "N/A",
        "The interests of minority shareholders": "N/A",
        "Total Cost of profits": 190,
        "Profit after tax corporate income": 570,
        "Volume": 6000000,
        "Close of Quarter": 12.7,
        "EPS": 568.6,
        "Non-adjusted EPS": 815,
        "PE": 15.6,
        "Book Price": 10.2
      }
    },
    {
      "quarter": "Q1 2010",
      "income status": {
        "Net sales": 44808,
        "Cost of goods sold": 38449,
        "Gross Profit": 6359,
        "Financial expenses": 3054,
        "Of which: Interest expense": 2108,
        "Cost of sales": 407,
        "Enterprise cost management": 1207,
        "Total Operating Expenses": 4668,
        "Total revenue financing activities": 313,
        "Net profit from business activities": 2003,
        "Profit": "N/A",
        "Profit before tax": 2003,
        "Present corporate income tax expenses": 501,
        "Deferred income taxes expenses": "N/A",
        "The interests of minority shareholders": "N/A",
        "Total Cost of profits": 501,
        "Profit after tax corporate income": 1502,
        "Volume": 6000000,
        "Close of Quarter": 10.5,
        "EPS": 547.0,
        "Non-adjusted EPS": 784,
        "PE": 13.4,
        "Book Price": 7.3
      }
    },
    {
      "quarter": "Q4 2009",
      "income status": {
        "Net sales": 43241,
        "Cost of goods sold": 36859,
        "Gross Profit": 6382,
        "Financial expenses": 2979,
        "Of which: Interest expense": "N/A",
        "Cost of sales": 439,
        "Enterprise cost management": 1111,
        "Total Operating Expenses": 4529,
        "Total revenue financing activities": 1165,
        "Net profit from business activities": 3019,
        "Profit": "N/A",
        "Profit before tax": 3019,
        "Present corporate income tax expenses": 474,
        "Deferred income taxes expenses": 105,
        "The interests of minority shareholders": "N/A",
        "Total Cost of profits": 579,
        "Profit after tax corporate income": 2440,
        "Volume": 3000000,
        "Close of Quarter": 8.1,
        "EPS": 582.2,
        "Non-adjusted EPS": 1669,
        "PE": 4.9,
        "Book Price": 7.1
      }
    },
    {
      "quarter": "Q3 2009",
      "income status": {
        "Net sales": 39459,
        "Cost of goods sold": 36053,
        "Gross Profit": 3405,
        "Financial expenses": 1970,
        "Of which: Interest expense": "N/A",
        "Cost of sales": 222,
        "Enterprise cost management": 1133,
        "Total Operating Expenses": 3325,
        "Total revenue financing activities": 375,
        "Net profit from business activities": 456,
        "Profit": "N/A",
        "Profit before tax": 456,
        "Present corporate income tax expenses": 80,
        "Deferred income taxes expenses": "N/A",
        "The interests of minority shareholders": "N/A",
        "Total Cost of profits": 80,
        "Profit after tax corporate income": 376,
        "Volume": 3000000,
        "Close of Quarter": 9.9,
        "EPS": 427.3,
        "Non-adjusted EPS": 1225,
        "PE": 8.1,
        "Book Price": 6.9
      }
    },
    {
      "quarter": "Q2 2009",
      "income status": {
        "Net sales": 29840,
        "Cost of goods sold": 27155,
        "Gross Profit": 2685,
        "Financial expenses": 1080,
        "Of which: Interest expense": "N/A",
        "Cost of sales": 218,
        "Enterprise cost management": 1109,
        "Total Operating Expenses": 2407,
        "Total revenue financing activities": 235,
        "Net profit from business activities": 514,
        "Profit": "N/A",
        "Profit before tax": 514,
        "Present corporate income tax expenses": 128,
        "Deferred income taxes expenses": "N/A",
        "The interests of minority shareholders": "N/A",
        "Total Cost of profits": 128,
        "Profit after tax corporate income": 385,
        "Volume": 3000000,
        "Close of Quarter": 9.9,
        "EPS": 1044.1,
        "Non-adjusted EPS": 2993,
        "PE": 3.3,
        "Book Price": 6.9
      }
    },
    {
      "quarter": "Q1 2009",
      "income status": {
        "Net sales": 29611,
        "Cost of goods sold": 25342,
        "Gross Profit": 4269,
        "Financial expenses": 1147,
        "Of which: Interest expense": "N/A",
        "Cost of sales": 209,
        "Enterprise cost management": 1117,
        "Total Operating Expenses": 2473,
        "Total revenue financing activities": 394,
        "Net profit from business activities": 2190,
        "Profit": "N/A",
        "Profit before tax": 2190,
        "Present corporate income tax expenses": 383,
        "Deferred income taxes expenses": "N/A",
        "The interests of minority shareholders": "N/A",
        "Total Cost of profits": 383,
        "Profit after tax corporate income": 1807,
        "Volume": 3000000,
        "Close of Quarter": 5.2,
        "EPS": 1509.8,
        "Non-adjusted EPS": 4328,
        "PE": 1.2,
        "Book Price": 6.9
      }
    },
    {
      "quarter": "Q4 2008",
      "income status": {
        "Net sales": 39330,
        "Cost of goods sold": 31527,
        "Gross Profit": 7803,
        "Financial expenses": 4015,
        "Of which: Interest expense": "N/A",
        "Cost of sales": 20,
        "Enterprise cost management": 1523,
        "Total Operating Expenses": 5558,
        "Total revenue financing activities": 1088,
        "Net profit from business activities": 3334,
        "Profit": "N/A",
        "Profit before tax": 3334,
        "Present corporate income tax expenses": 2228,
        "Deferred income taxes expenses": "N/A",
        "The interests of minority shareholders": "N/A",
        "Total Cost of profits": 2228,
        "Profit after tax corporate income": 1106,
        "Volume": 3000000,
        "Close of Quarter": 6.5,
        "EPS": 1531.7,
        "Non-adjusted EPS": 4391,
        "PE": 1.5,
        "Book Price": 6.7
      }
    },
    {
      "quarter": "Q3 2008",
      "income status": {
        "Net sales": 52656,
        "Cost of goods sold": 42426,
        "Gross Profit": 10230,
        "Financial expenses": 1617,
        "Of which: Interest expense": 1560,
        "Cost of sales": 516,
        "Enterprise cost management": 1100,
        "Total Operating Expenses": 3233,
        "Total revenue financing activities": 893,
        "Net profit from business activities": 7889,
        "Profit": "N/A",
        "Profit before tax": 7889,
        "Present corporate income tax expenses": 2209,
        "Deferred income taxes expenses": "N/A",
        "The interests of minority shareholders": "N/A",
        "Total Cost of profits": 2209,
        "Profit after tax corporate income": 5680,
        "Volume": 3000000,
        "Close of Quarter": 10.0,
        "EPS": 1532.4,
        "Non-adjusted EPS": 4393,
        "PE": 2.3,
        "Book Price": 7.1
      }
    },
    {
      "quarter": "Q2 2008",
      "income status": {
        "Net sales": 55770,
        "Cost of goods sold": 43563,
        "Gross Profit": 12207,
        "Financial expenses": 4378,
        "Of which: Interest expense": 1693,
        "Cost of sales": 977,
        "Enterprise cost management": 1438,
        "Total Operating Expenses": 6793,
        "Total revenue financing activities": 685,
        "Net profit from business activities": 6098,
        "Profit": "N/A",
        "Profit before tax": 6098,
        "Present corporate income tax expenses": 1708,
        "Deferred income taxes expenses": "N/A",
        "The interests of minority shareholders": "N/A",
        "Total Cost of profits": 1708,
        "Profit after tax corporate income": 4391,
        "Volume": 3000000,
        "Close of Quarter": 6.6,
        "EPS": 1063.6,
        "Non-adjusted EPS": 3049,
        "PE": 2.2,
        "Book Price": 6.4
      }
    },
    {
      "quarter": "Q1 2008",
      "income status": {
        "Net sales": 35616,
        "Cost of goods sold": 29890,
        "Gross Profit": 5726,
        "Financial expenses": 1579,
        "Of which: Interest expense": "N/A",
        "Cost of sales": 497,
        "Enterprise cost management": 1119,
        "Total Operating Expenses": 3195,
        "Total revenue financing activities": 238,
        "Net profit from business activities": 2770,
        "Profit": "N/A",
        "Profit before tax": 2770,
        "Present corporate income tax expenses": 776,
        "Deferred income taxes expenses": "N/A",
        "The interests of minority shareholders": "N/A",
        "Total Cost of profits": 776,
        "Profit after tax corporate income": 1995,
        "Volume": 3000000,
        "Close of Quarter": 8.4,
        "EPS": 737.1,
        "Non-adjusted EPS": 2113,
        "PE": 4.0,
        "Book Price": 6.2
      }
    },
    {
      "quarter": "Q4 2007",
      "income status": {
        "Net sales": 22014,
        "Cost of goods sold": 19627,
        "Gross Profit": 2387,
        "Financial expenses": -4,
        "Of which: Interest expense": "N/A",
        "Cost of sales": "N/A",
        "Enterprise cost management": 1099,
        "Total Operating Expenses": 1095,
        "Total revenue financing activities": 308,
        "Net profit from business activities": 1599,
        "Profit": 1,
        "Profit before tax": 1600,
        "Present corporate income tax expenses": 487,
        "Deferred income taxes expenses": "N/A",
        "The interests of minority shareholders": "N/A",
        "Total Cost of profits": 487,
        "Profit after tax corporate income": 1113,
        "Volume": 3000000,
        "Close of Quarter": 17.2,
        "EPS": 505.1,
        "Non-adjusted EPS": 1448,
        "PE": 11.9,
        "Book Price": 6
      }
    },
    {
      "quarter": "Q3 2007",
      "income status": {
        "Net sales": 26171,
        "Cost of goods sold": 22757,
        "Gross Profit": 3414,
        "Financial expenses": 90,
        "Of which: Interest expense": "N/A",
        "Cost of sales": 175,
        "Enterprise cost management": 897,
        "Total Operating Expenses": 1162,
        "Total revenue financing activities": 69,
        "Net profit from business activities": 2320,
        "Profit": "N/A",
        "Profit before tax": 2321,
        "Present corporate income tax expenses": 670,
        "Deferred income taxes expenses": "N/A",
        "The interests of minority shareholders": 1,
        "Total Cost of profits": 671,
        "Profit after tax corporate income": 1649,
        "Volume": 3000000,
        "Close of Quarter": "N/A",
        "EPS": 375.7,
        "Non-adjusted EPS": 1077,
        "PE": "N/A",
        "Book Price": "N/A"
      }
    },
    {
      "quarter": "Q2 2007",
      "income status": {
        "Net sales": 24721,
        "Cost of goods sold": 21855,
        "Gross Profit": 2866,
        "Financial expenses": 44,
        "Of which: Interest expense": "N/A",
        "Cost of sales": 203,
        "Enterprise cost management": 923,
        "Total Operating Expenses": 1170,
        "Total revenue financing activities": 271,
        "Net profit from business activities": 1967,
        "Profit": "N/A",
        "Profit before tax": 1967,
        "Present corporate income tax expenses": 385,
        "Deferred income taxes expenses": "N/A",
        "The interests of minority shareholders": "N/A",
        "Total Cost of profits": 385,
        "Profit after tax corporate income": 1582,
        "Volume": 3000000,
        "Close of Quarter": "N/A",
        "EPS": 183.8,
        "Non-adjusted EPS": 527,
        "PE": "N/A",
        "Book Price": "N/A"
      }
    }
  ]
}