{
  "ticker": "CVT",
  "data": [
    {
      "quarter": "Q1 2017",
      "income status": {
        "Net sales": 189182,
        "Cost of goods sold": 142681,
        "Gross Profit": 46502,
        "Financial expenses": 5949,
        "Of which: Interest expense": 5949,
        "Cost of sales": 1198,
        "Enterprise cost management": 7294,
        "Total Operating Expenses": 14441,
        "Total revenue financing activities": 967,
        "Net profit from business activities": 33027,
        "Profit": 2696,
        "Profit before tax": 35723,
        "Present corporate income tax expenses": 7116,
        "Deferred income taxes expenses": "N/A",
        "The interests of minority shareholders": "N/A",
        "Total Cost of profits": 7116,
        "Profit after tax corporate income": 28607,
        "Volume": 19199968,
        "Close of Quarter": 39.3,
        "EPS": 8140,
        "Non-adjusted EPS": 8140,
        "PE": 4.8,
        "Book Price": 22.4
      }
    },
    {
      "quarter": "Q4 2016",
      "income status": {
        "Net sales": 360848,
        "Cost of goods sold": 258779,
        "Gross Profit": 102068,
        "Financial expenses": 9196,
        "Of which: Interest expense": 8230,
        "Cost of sales": 368,
        "Enterprise cost management": 15930,
        "Total Operating Expenses": 25494,
        "Total revenue financing activities": 1053,
        "Net profit from business activities": 77628,
        "Profit": 2699,
        "Profit before tax": 80327,
        "Present corporate income tax expenses": 15928,
        "Deferred income taxes expenses": "N/A",
        "The interests of minority shareholders": "N/A",
        "Total Cost of profits": 15928,
        "Profit after tax corporate income": 64399,
        "Volume": 19199968,
        "Close of Quarter": 27.1,
        "EPS": 7956,
        "Non-adjusted EPS": 7956,
        "PE": 3.4,
        "Book Price": 20.2
      }
    },
    {
      "quarter": "Q3 2016",
      "income status": {
        "Net sales": 292674,
        "Cost of goods sold": 238113,
        "Gross Profit": 54561,
        "Financial expenses": 9715,
        "Of which: Interest expense": 9710,
        "Cost of sales": 1808,
        "Enterprise cost management": 8706,
        "Total Operating Expenses": 20229,
        "Total revenue financing activities": 276,
        "Net profit from business activities": 34608,
        "Profit": 2185,
        "Profit before tax": 36793,
        "Present corporate income tax expenses": 7426,
        "Deferred income taxes expenses": "N/A",
        "The interests of minority shareholders": "N/A",
        "Total Cost of profits": 7426,
        "Profit after tax corporate income": 29367,
        "Volume": 19199968,
        "Close of Quarter": 33.0,
        "EPS": 5563,
        "Non-adjusted EPS": 5563,
        "PE": 5.9,
        "Book Price": 16.8
      }
    },
    {
      "quarter": "Q2 2016",
      "income status": {
        "Net sales": 268900,
        "Cost of goods sold": 200272,
        "Gross Profit": 68628,
        "Financial expenses": 13856,
        "Of which: Interest expense": 13276,
        "Cost of sales": 3795,
        "Enterprise cost management": 12080,
        "Total Operating Expenses": 29731,
        "Total revenue financing activities": 84,
        "Net profit from business activities": 38981,
        "Profit": 3616,
        "Profit before tax": 42597,
        "Present corporate income tax expenses": 8673,
        "Deferred income taxes expenses": "N/A",
        "The interests of minority shareholders": "N/A",
        "Total Cost of profits": 8673,
        "Profit after tax corporate income": 33924,
        "Volume": 19199968,
        "Close of Quarter": 21.0,
        "EPS": 4926,
        "Non-adjusted EPS": 4926,
        "PE": 4.3,
        "Book Price": 15.3
      }
    },
    {
      "quarter": "Q1 2016",
      "income status": {
        "Net sales": 163068,
        "Cost of goods sold": 120227,
        "Gross Profit": 42841,
        "Financial expenses": 4728,
        "Of which: Interest expense": 4725,
        "Cost of sales": 863,
        "Enterprise cost management": 6999,
        "Total Operating Expenses": 12590,
        "Total revenue financing activities": 505,
        "Net profit from business activities": 30757,
        "Profit": 570,
        "Profit before tax": 31327,
        "Present corporate income tax expenses": 6265,
        "Deferred income taxes expenses": "N/A",
        "The interests of minority shareholders": "N/A",
        "Total Cost of profits": 6265,
        "Profit after tax corporate income": 25061,
        "Volume": 19199968,
        "Close of Quarter": 14.9,
        "EPS": 3943,
        "Non-adjusted EPS": 3943,
        "PE": 3.8,
        "Book Price": 16.4
      }
    },
    {
      "quarter": "Q4 2015",
      "income status": {
        "Net sales": 231665,
        "Cost of goods sold": 195210,
        "Gross Profit": 36455,
        "Financial expenses": 4739,
        "Of which: Interest expense": 4739,
        "Cost of sales": 1606,
        "Enterprise cost management": 7378,
        "Total Operating Expenses": 13723,
        "Total revenue financing activities": 40,
        "Net profit from business activities": 22772,
        "Profit": 881,
        "Profit before tax": 23653,
        "Present corporate income tax expenses": 5204,
        "Deferred income taxes expenses": "N/A",
        "The interests of minority shareholders": "N/A",
        "Total Cost of profits": 5204,
        "Profit after tax corporate income": 18449,
        "Volume": 19199968,
        "Close of Quarter": 14.9,
        "EPS": 3274,
        "Non-adjusted EPS": 3274,
        "PE": 4.6,
        "Book Price": 15.1
      }
    },
    {
      "quarter": "Q3 2015",
      "income status": {
        "Net sales": 187722,
        "Cost of goods sold": 154898,
        "Gross Profit": 32824,
        "Financial expenses": 4346,
        "Of which: Interest expense": 3770,
        "Cost of sales": 1882,
        "Enterprise cost management": 5799,
        "Total Operating Expenses": 12027,
        "Total revenue financing activities": 35,
        "Net profit from business activities": 20832,
        "Profit": 1147,
        "Profit before tax": 21979,
        "Present corporate income tax expenses": 4835,
        "Deferred income taxes expenses": "N/A",
        "The interests of minority shareholders": "N/A",
        "Total Cost of profits": 4835,
        "Profit after tax corporate income": 17144,
        "Volume": 19199968,
        "Close of Quarter": 14.7,
        "EPS": 3165,
        "Non-adjusted EPS": 3165,
        "PE": 4.6,
        "Book Price": 14.2
      }
    },
    {
      "quarter": "Q2 2015",
      "income status": {
        "Net sales": 144032,
        "Cost of goods sold": 114636,
        "Gross Profit": 29396,
        "Financial expenses": 4130,
        "Of which: Interest expense": 3899,
        "Cost of sales": 2315,
        "Enterprise cost management": 5302,
        "Total Operating Expenses": 11747,
        "Total revenue financing activities": 176,
        "Net profit from business activities": 17825,
        "Profit": 1532,
        "Profit before tax": 19357,
        "Present corporate income tax expenses": 4313,
        "Deferred income taxes expenses": "N/A",
        "The interests of minority shareholders": "N/A",
        "Total Cost of profits": 4313,
        "Profit after tax corporate income": 15044,
        "Volume": 16000000,
        "Close of Quarter": 14.3,
        "EPS": 2944.2,
        "Non-adjusted EPS": 3533,
        "PE": 4.0,
        "Book Price": 13.3
      }
    },
    {
      "quarter": "Q1 2015",
      "income status": {
        "Net sales": 152638,
        "Cost of goods sold": 125976,
        "Gross Profit": 26662,
        "Financial expenses": 5672,
        "Of which: Interest expense": 5672,
        "Cost of sales": 671,
        "Enterprise cost management": 5252,
        "Total Operating Expenses": 11595,
        "Total revenue financing activities": 93,
        "Net profit from business activities": 15160,
        "Profit": 500,
        "Profit before tax": 15660,
        "Present corporate income tax expenses": 3445,
        "Deferred income taxes expenses": "N/A",
        "The interests of minority shareholders": "N/A",
        "Total Cost of profits": 3445,
        "Profit after tax corporate income": 12215,
        "Volume": 16000000,
        "Close of Quarter": 13.6,
        "EPS": 2895.8,
        "Non-adjusted EPS": 3475,
        "PE": 3.9,
        "Book Price": 13.2
      }
    },
    {
      "quarter": "Q4 2014",
      "income status": {
        "Net sales": 194230,
        "Cost of goods sold": 153864,
        "Gross Profit": 40367,
        "Financial expenses": 6052,
        "Of which: Interest expense": 6052,
        "Cost of sales": 1151,
        "Enterprise cost management": 10156,
        "Total Operating Expenses": 17359,
        "Total revenue financing activities": 52,
        "Net profit from business activities": 23059,
        "Profit": -1401,
        "Profit before tax": 21658,
        "Present corporate income tax expenses": 5292,
        "Deferred income taxes expenses": "N/A",
        "The interests of minority shareholders": "N/A",
        "Total Cost of profits": 5292,
        "Profit after tax corporate income": 16367,
        "Volume": 8000000,
        "Close of Quarter": 12.6,
        "EPS": 2542.1,
        "Non-adjusted EPS": 6101,
        "PE": 2.1,
        "Book Price": 13.4
      }
    },
    {
      "quarter": "Q3 2014",
      "income status": {
        "Net sales": 167999,
        "Cost of goods sold": 141840,
        "Gross Profit": 26159,
        "Financial expenses": 6052,
        "Of which: Interest expense": 5333,
        "Cost of sales": 1231,
        "Enterprise cost management": 1812,
        "Total Operating Expenses": 9095,
        "Total revenue financing activities": 21,
        "Net profit from business activities": 17085,
        "Profit": 896,
        "Profit before tax": 17981,
        "Present corporate income tax expenses": 5082,
        "Deferred income taxes expenses": "N/A",
        "The interests of minority shareholders": "N/A",
        "Total Cost of profits": 5082,
        "Profit after tax corporate income": 12898,
        "Volume": 8000000,
        "Close of Quarter": 12.4,
        "EPS": 2156.7,
        "Non-adjusted EPS": 5176,
        "PE": 2.4,
        "Book Price": 7.5
      }
    },
    {
      "quarter": "Q2 2014",
      "income status": {
        "Net sales": 179898,
        "Cost of goods sold": 144983,
        "Gross Profit": 34915,
        "Financial expenses": 4709,
        "Of which: Interest expense": 4664,
        "Cost of sales": 2749,
        "Enterprise cost management": 8630,
        "Total Operating Expenses": 16088,
        "Total revenue financing activities": 28,
        "Net profit from business activities": 18855,
        "Profit": -706,
        "Profit before tax": 18149,
        "Present corporate income tax expenses": 4037,
        "Deferred income taxes expenses": "N/A",
        "The interests of minority shareholders": "N/A",
        "Total Cost of profits": 4037,
        "Profit after tax corporate income": 14112,
        "Volume": 7794100,
        "Close of Quarter": 4.8,
        "EPS": 1653.8,
        "Non-adjusted EPS": 4074,
        "PE": 1.2,
        "Book Price": 7.4
      }
    },
    {
      "quarter": "Q1 2014",
      "income status": {
        "Net sales": 116780,
        "Cost of goods sold": 97750,
        "Gross Profit": 19030,
        "Financial expenses": 5259,
        "Of which: Interest expense": 5259,
        "Cost of sales": 624,
        "Enterprise cost management": 6459,
        "Total Operating Expenses": 12342,
        "Total revenue financing activities": 17,
        "Net profit from business activities": 6705,
        "Profit": 533,
        "Profit before tax": 7238,
        "Present corporate income tax expenses": 1810,
        "Deferred income taxes expenses": "N/A",
        "The interests of minority shareholders": "N/A",
        "Total Cost of profits": 1810,
        "Profit after tax corporate income": 5429,
        "Volume": 7794100,
        "Close of Quarter": 5.2,
        "EPS": 1201.6,
        "Non-adjusted EPS": 2960,
        "PE": 1.8,
        "Book Price": 6.7
      }
    },
    {
      "quarter": "Q4 2013",
      "income status": {
        "Net sales": 160270,
        "Cost of goods sold": 135568,
        "Gross Profit": 24702,
        "Financial expenses": 4632,
        "Of which: Interest expense": 4632,
        "Cost of sales": 1445,
        "Enterprise cost management": 7195,
        "Total Operating Expenses": 13272,
        "Total revenue financing activities": 33,
        "Net profit from business activities": 11462,
        "Profit": 491,
        "Profit before tax": 11954,
        "Present corporate income tax expenses": 2988,
        "Deferred income taxes expenses": "N/A",
        "The interests of minority shareholders": "N/A",
        "Total Cost of profits": 2988,
        "Profit after tax corporate income": 8965,
        "Volume": 7794100,
        "Close of Quarter": 3.3,
        "EPS": 939.4,
        "Non-adjusted EPS": 2314,
        "PE": 1.4,
        "Book Price": 6.3
      }
    },
    {
      "quarter": "Q3 2013",
      "income status": {
        "Net sales": 163094,
        "Cost of goods sold": 145954,
        "Gross Profit": 17139,
        "Financial expenses": 7683,
        "Of which: Interest expense": 7683,
        "Cost of sales": 967,
        "Enterprise cost management": 4928,
        "Total Operating Expenses": 13578,
        "Total revenue financing activities": 57,
        "Net profit from business activities": 3618,
        "Profit": 708,
        "Profit before tax": 4326,
        "Present corporate income tax expenses": 1081,
        "Deferred income taxes expenses": "N/A",
        "The interests of minority shareholders": "N/A",
        "Total Cost of profits": 1081,
        "Profit after tax corporate income": 3244,
        "Volume": 7794100,
        "Close of Quarter": 2.5,
        "EPS": 628.0,
        "Non-adjusted EPS": 1547,
        "PE": 1.6,
        "Book Price": 6.1
      }
    },
    {
      "quarter": "Q2 2013",
      "income status": {
        "Net sales": 132429,
        "Cost of goods sold": 111137,
        "Gross Profit": 21292,
        "Financial expenses": 5479,
        "Of which: Interest expense": 5479,
        "Cost of sales": 752,
        "Enterprise cost management": 8691,
        "Total Operating Expenses": 14922,
        "Total revenue financing activities": 85,
        "Net profit from business activities": 6455,
        "Profit": 871,
        "Profit before tax": 7326,
        "Present corporate income tax expenses": 1895,
        "Deferred income taxes expenses": "N/A",
        "The interests of minority shareholders": "N/A",
        "Total Cost of profits": 1895,
        "Profit after tax corporate income": 5431,
        "Volume": 7794100,
        "Close of Quarter": 2.5,
        "EPS": 576.4,
        "Non-adjusted EPS": 1420,
        "PE": 1.8,
        "Book Price": 5.7
      }
    },
    {
      "quarter": "Q1 2013",
      "income status": {
        "Net sales": 96183,
        "Cost of goods sold": 83743,
        "Gross Profit": 12440,
        "Financial expenses": 6942,
        "Of which: Interest expense": 6942,
        "Cost of sales": 3268,
        "Enterprise cost management": 1697,
        "Total Operating Expenses": 11907,
        "Total revenue financing activities": 46,
        "Net profit from business activities": 579,
        "Profit": -52,
        "Profit before tax": 527,
        "Present corporate income tax expenses": 132,
        "Deferred income taxes expenses": "N/A",
        "The interests of minority shareholders": "N/A",
        "Total Cost of profits": 132,
        "Profit after tax corporate income": 395,
        "Volume": 7794100,
        "Close of Quarter": 2.5,
        "EPS": 539.5,
        "Non-adjusted EPS": 1329,
        "PE": 1.9,
        "Book Price": 6.0
      }
    },
    {
      "quarter": "Q4 2012",
      "income status": {
        "Net sales": 84050,
        "Cost of goods sold": 71074,
        "Gross Profit": 12976,
        "Financial expenses": 4327,
        "Of which: Interest expense": 4327,
        "Cost of sales": 1537,
        "Enterprise cost management": 3850,
        "Total Operating Expenses": 9714,
        "Total revenue financing activities": 63,
        "Net profit from business activities": 3325,
        "Profit": 659,
        "Profit before tax": 3983,
        "Present corporate income tax expenses": 996,
        "Deferred income taxes expenses": "N/A",
        "The interests of minority shareholders": "N/A",
        "Total Cost of profits": 996,
        "Profit after tax corporate income": 2987,
        "Volume": 7794100,
        "Close of Quarter": 2.3,
        "EPS": 677.9,
        "Non-adjusted EPS": 1670,
        "PE": 1.4,
        "Book Price": 6.3
      }
    },
    {
      "quarter": "Q3 2012",
      "income status": {
        "Net sales": 105696,
        "Cost of goods sold": 93764,
        "Gross Profit": 11932,
        "Financial expenses": 4072,
        "Of which: Interest expense": 4120,
        "Cost of sales": 1823,
        "Enterprise cost management": 3563,
        "Total Operating Expenses": 9458,
        "Total revenue financing activities": 45,
        "Net profit from business activities": 2519,
        "Profit": 488,
        "Profit before tax": 3006,
        "Present corporate income tax expenses": 752,
        "Deferred income taxes expenses": "N/A",
        "The interests of minority shareholders": "N/A",
        "Total Cost of profits": 752,
        "Profit after tax corporate income": 2255,
        "Volume": 7794100,
        "Close of Quarter": 2.3,
        "EPS": 737.2,
        "Non-adjusted EPS": 1816,
        "PE": 1.3,
        "Book Price": 5.9
      }
    },
    {
      "quarter": "Q2 2012",
      "income status": {
        "Net sales": 78923,
        "Cost of goods sold": 65411,
        "Gross Profit": 13512,
        "Financial expenses": 2831,
        "Of which: Interest expense": 2782,
        "Cost of sales": 1262,
        "Enterprise cost management": 3851,
        "Total Operating Expenses": 7944,
        "Total revenue financing activities": 72,
        "Net profit from business activities": 5640,
        "Profit": 666,
        "Profit before tax": 6306,
        "Present corporate income tax expenses": 1587,
        "Deferred income taxes expenses": "N/A",
        "The interests of minority shareholders": "N/A",
        "Total Cost of profits": 1587,
        "Profit after tax corporate income": 4719,
        "Volume": 7794100,
        "Close of Quarter": 2.8,
        "EPS": 895.5,
        "Non-adjusted EPS": 2206,
        "PE": 1.3,
        "Book Price": 5.8
      }
    },
    {
      "quarter": "Q1 2012",
      "income status": {
        "Net sales": 61091,
        "Cost of goods sold": 50797,
        "Gross Profit": 10295,
        "Financial expenses": 3308,
        "Of which: Interest expense": 3308,
        "Cost of sales": 543,
        "Enterprise cost management": 2624,
        "Total Operating Expenses": 6475,
        "Total revenue financing activities": 82,
        "Net profit from business activities": 3902,
        "Profit": 172,
        "Profit before tax": 4074,
        "Present corporate income tax expenses": 1019,
        "Deferred income taxes expenses": "N/A",
        "The interests of minority shareholders": "N/A",
        "Total Cost of profits": 1019,
        "Profit after tax corporate income": 3056,
        "Volume": 7794100,
        "Close of Quarter": 2.6,
        "EPS": 1039.6,
        "Non-adjusted EPS": 2561,
        "PE": 1.0,
        "Book Price": 6.5
      }
    },
    {
      "quarter": "Q4 2011",
      "income status": {
        "Net sales": 86927,
        "Cost of goods sold": 73312,
        "Gross Profit": 13615,
        "Financial expenses": 4152,
        "Of which: Interest expense": 4176,
        "Cost of sales": 1690,
        "Enterprise cost management": 3879,
        "Total Operating Expenses": 9721,
        "Total revenue financing activities": 390,
        "Net profit from business activities": 4283,
        "Profit": 431,
        "Profit before tax": 4714,
        "Present corporate income tax expenses": 589,
        "Deferred income taxes expenses": "N/A",
        "The interests of minority shareholders": "N/A",
        "Total Cost of profits": 589,
        "Profit after tax corporate income": 4125,
        "Volume": 7794100,
        "Close of Quarter": 1.9,
        "EPS": 1124.5,
        "Non-adjusted EPS": 2770,
        "PE": 0.7,
        "Book Price": 6.4
      }
    },
    {
      "quarter": "Q3 2011",
      "income status": {
        "Net sales": 91166,
        "Cost of goods sold": 78499,
        "Gross Profit": 12667,
        "Financial expenses": 3098,
        "Of which: Interest expense": 3089,
        "Cost of sales": 1136,
        "Enterprise cost management": 3132,
        "Total Operating Expenses": 7366,
        "Total revenue financing activities": 244,
        "Net profit from business activities": 5545,
        "Profit": 508,
        "Profit before tax": 6053,
        "Present corporate income tax expenses": 757,
        "Deferred income taxes expenses": "N/A",
        "The interests of minority shareholders": "N/A",
        "Total Cost of profits": 757,
        "Profit after tax corporate income": 5296,
        "Volume": 7794100,
        "Close of Quarter": 2.5,
        "EPS": 1338.8,
        "Non-adjusted EPS": 3298,
        "PE": 0.7,
        "Book Price": 6.2
      }
    },
    {
      "quarter": "Q2 2011",
      "income status": {
        "Net sales": 83024,
        "Cost of goods sold": 68421,
        "Gross Profit": 14604,
        "Financial expenses": 1342,
        "Of which: Interest expense": 1309,
        "Cost of sales": 1145,
        "Enterprise cost management": 4863,
        "Total Operating Expenses": 7350,
        "Total revenue financing activities": 964,
        "Net profit from business activities": 8218,
        "Profit": 330,
        "Profit before tax": 8548,
        "Present corporate income tax expenses": 1069,
        "Deferred income taxes expenses": "N/A",
        "The interests of minority shareholders": "N/A",
        "Total Cost of profits": 1069,
        "Profit after tax corporate income": 7480,
        "Volume": 7880300,
        "Close of Quarter": 2.6,
        "EPS": 1569.5,
        "Non-adjusted EPS": 3824,
        "PE": 0.7,
        "Book Price": 6.0
      }
    },
    {
      "quarter": "Q1 2011",
      "income status": {
        "Net sales": 58582,
        "Cost of goods sold": 49246,
        "Gross Profit": 9336,
        "Financial expenses": 3035,
        "Of which: Interest expense": 3035,
        "Cost of sales": 1018,
        "Enterprise cost management": 1351,
        "Total Operating Expenses": 5404,
        "Total revenue financing activities": 1080,
        "Net profit from business activities": 5013,
        "Profit": 345,
        "Profit before tax": 5358,
        "Present corporate income tax expenses": 670,
        "Deferred income taxes expenses": "N/A",
        "The interests of minority shareholders": "N/A",
        "Total Cost of profits": 670,
        "Profit after tax corporate income": 4688,
        "Volume": 8000000,
        "Close of Quarter": 3.4,
        "EPS": 1603.8,
        "Non-adjusted EPS": 3849,
        "PE": 0.9,
        "Book Price": 6.5
      }
    },
    {
      "quarter": "Q4 2010",
      "income status": {
        "Net sales": 88199,
        "Cost of goods sold": 68126,
        "Gross Profit": 20074,
        "Financial expenses": 2621,
        "Of which: Interest expense": 2091,
        "Cost of sales": 2934,
        "Enterprise cost management": 7133,
        "Total Operating Expenses": 12688,
        "Total revenue financing activities": 1200,
        "Net profit from business activities": 8586,
        "Profit": 834,
        "Profit before tax": 9421,
        "Present corporate income tax expenses": 1178,
        "Deferred income taxes expenses": "N/A",
        "The interests of minority shareholders": "N/A",
        "Total Cost of profits": 1178,
        "Profit after tax corporate income": 8243,
        "Volume": 8000000,
        "Close of Quarter": 4.6,
        "EPS": 1585.4,
        "Non-adjusted EPS": 3805,
        "PE": 1.2,
        "Book Price": 6.9
      }
    },
    {
      "quarter": "Q3 2010",
      "income status": {
        "Net sales": 93325,
        "Cost of goods sold": 76521,
        "Gross Profit": 16804,
        "Financial expenses": 2193,
        "Of which: Interest expense": 1815,
        "Cost of sales": 687,
        "Enterprise cost management": 3132,
        "Total Operating Expenses": 6012,
        "Total revenue financing activities": 109,
        "Net profit from business activities": 10901,
        "Profit": 211,
        "Profit before tax": 11112,
        "Present corporate income tax expenses": 1389,
        "Deferred income taxes expenses": "N/A",
        "The interests of minority shareholders": "N/A",
        "Total Cost of profits": 1389,
        "Profit after tax corporate income": 9723,
        "Volume": 4000000,
        "Close of Quarter": 4.9,
        "EPS": 1630.6,
        "Non-adjusted EPS": 7827,
        "PE": 0.6,
        "Book Price": 6.4
      }
    },
    {
      "quarter": "Q2 2010",
      "income status": {
        "Net sales": 56394,
        "Cost of goods sold": 39819,
        "Gross Profit": 16574,
        "Financial expenses": 2686,
        "Of which: Interest expense": 1552,
        "Cost of sales": 1997,
        "Enterprise cost management": 2717,
        "Total Operating Expenses": 7400,
        "Total revenue financing activities": 128,
        "Net profit from business activities": 9302,
        "Profit": 33,
        "Profit before tax": 9335,
        "Present corporate income tax expenses": 1194,
        "Deferred income taxes expenses": "N/A",
        "The interests of minority shareholders": "N/A",
        "Total Cost of profits": 1194,
        "Profit after tax corporate income": 8141,
        "Volume": 4000000,
        "Close of Quarter": 5.3,
        "EPS": 1774.0,
        "Non-adjusted EPS": 8515,
        "PE": 0.6,
        "Book Price": 3.2
      }
    },
    {
      "quarter": "Q1 2010",
      "income status": {
        "Net sales": 52415,
        "Cost of goods sold": 43258,
        "Gross Profit": 9157,
        "Financial expenses": 888,
        "Of which: Interest expense": 888,
        "Cost of sales": 630,
        "Enterprise cost management": 2879,
        "Total Operating Expenses": 4397,
        "Total revenue financing activities": 43,
        "Net profit from business activities": 4803,
        "Profit": 149,
        "Profit before tax": 4952,
        "Present corporate income tax expenses": 619,
        "Deferred income taxes expenses": "N/A",
        "The interests of minority shareholders": "N/A",
        "Total Cost of profits": 619,
        "Profit after tax corporate income": 4333,
        "Volume": 4000000,
        "Close of Quarter": 3.2,
        "EPS": 1596.0,
        "Non-adjusted EPS": 7661,
        "PE": 0.4,
        "Book Price": 3.3
      }
    },
    {
      "quarter": "Q4 2009",
      "income status": {
        "Net sales": 75545,
        "Cost of goods sold": 57481,
        "Gross Profit": 18064,
        "Financial expenses": 1263,
        "Of which: Interest expense": "N/A",
        "Cost of sales": 2255,
        "Enterprise cost management": 5094,
        "Total Operating Expenses": 8612,
        "Total revenue financing activities": 241,
        "Net profit from business activities": 9694,
        "Profit": 720,
        "Profit before tax": 10414,
        "Present corporate income tax expenses": 1302,
        "Deferred income taxes expenses": "N/A",
        "The interests of minority shareholders": "N/A",
        "Total Cost of profits": 1302,
        "Profit after tax corporate income": 9112,
        "Volume": 4000000,
        "Close of Quarter": 2.0,
        "EPS": 1449.6,
        "Non-adjusted EPS": 6958,
        "PE": 0.3,
        "Book Price": 3.4
      }
    },
    {
      "quarter": "Q3 2009",
      "income status": {
        "Net sales": 108809,
        "Cost of goods sold": 83077,
        "Gross Profit": 25732,
        "Financial expenses": 3574,
        "Of which: Interest expense": 2440,
        "Cost of sales": 2627,
        "Enterprise cost management": 5596,
        "Total Operating Expenses": 11797,
        "Total revenue financing activities": 171,
        "Net profit from business activities": 14106,
        "Profit": 182,
        "Profit before tax": 14287,
        "Present corporate income tax expenses": 1813,
        "Deferred income taxes expenses": "N/A",
        "The interests of minority shareholders": "N/A",
        "Total Cost of profits": 1813,
        "Profit after tax corporate income": 12474,
        "Volume": 4000000,
        "Close of Quarter": "N/A",
        "EPS": 975,
        "Non-adjusted EPS": 4680,
        "PE": "N/A",
        "Book Price": 3.0
      }
    },
    {
      "quarter": "Q2 2009",
      "income status": {
        "Net sales": 86409,
        "Cost of goods sold": 75641,
        "Gross Profit": 10768,
        "Financial expenses": 2067,
        "Of which: Interest expense": "N/A",
        "Cost of sales": 1651,
        "Enterprise cost management": 2603,
        "Total Operating Expenses": 6321,
        "Total revenue financing activities": 132,
        "Net profit from business activities": 4579,
        "Profit": 147,
        "Profit before tax": 4726,
        "Present corporate income tax expenses": "N/A",
        "Deferred income taxes expenses": "N/A",
        "The interests of minority shareholders": "N/A",
        "Total Cost of profits": 0,
        "Profit after tax corporate income": 4726,
        "Volume": 4000000,
        "Close of Quarter": "N/A",
        "EPS": 325.2,
        "Non-adjusted EPS": 1561,
        "PE": "N/A",
        "Book Price": 2.7
      }
    },
    {
      "quarter": "Q1 2009",
      "income status": {
        "Net sales": 35919,
        "Cost of goods sold": 30861,
        "Gross Profit": 5058,
        "Financial expenses": 2782,
        "Of which: Interest expense": "N/A",
        "Cost of sales": 255,
        "Enterprise cost management": 617,
        "Total Operating Expenses": 3654,
        "Total revenue financing activities": 10,
        "Net profit from business activities": 1415,
        "Profit": 105,
        "Profit before tax": 1519,
        "Present corporate income tax expenses": "N/A",
        "Deferred income taxes expenses": "N/A",
        "The interests of minority shareholders": "N/A",
        "Total Cost of profits": 0,
        "Profit after tax corporate income": 1519,
        "Volume": 4000000,
        "Close of Quarter": "N/A",
        "EPS": 79.2,
        "Non-adjusted EPS": 380,
        "PE": "N/A",
        "Book Price": 2.4
      }
    }
  ]
}