{
  "ticker": "TSC",
  "data": [
    {
      "quarter": "Q1 2017",
      "income status": {
        "Net sales": 236562,
        "Cost of goods sold": 198485,
        "Gross Profit": 38078,
        "Financial expenses": 1012,
        "Of which: Interest expense": 617,
        "Cost of sales": 30214,
        "Enterprise cost management": 11167,
        "Total Operating Expenses": 42393,
        "Total revenue financing activities": 1157,
        "Net profit from business activities": -7577,
        "Profit": 291,
        "Profit before tax": -7286,
        "Present corporate income tax expenses": 593,
        "Deferred income taxes expenses": 344,
        "The interests of minority shareholders": -833,
        "Total Cost of profits": 104,
        "Profit after tax corporate income": -7390,
        "Volume": 147648084,
        "Close of Quarter": 2.8,
        "EPS": -122,
        "Non-adjusted EPS": -122,
        "PE": -22.8,
        "Book Price": 13
      }
    },
    {
      "quarter": "Q4 2016",
      "income status": {
        "Net sales": 367388,
        "Cost of goods sold": 330075,
        "Gross Profit": 37313,
        "Financial expenses": 2642,
        "Of which: Interest expense": 3628,
        "Cost of sales": 42418,
        "Enterprise cost management": 16064,
        "Total Operating Expenses": 61124,
        "Total revenue financing activities": 14590,
        "Net profit from business activities": -9221,
        "Profit": 209,
        "Profit before tax": -9012,
        "Present corporate income tax expenses": 437,
        "Deferred income taxes expenses": "N/A",
        "The interests of minority shareholders": -5292,
        "Total Cost of profits": -4855,
        "Profit after tax corporate income": -4157,
        "Volume": 147648084,
        "Close of Quarter": 2.6,
        "EPS": 71,
        "Non-adjusted EPS": 71,
        "PE": 37.0,
        "Book Price": 14.1
      }
    },
    {
      "quarter": "Q3 2016",
      "income status": {
        "Net sales": 364310,
        "Cost of goods sold": 312569,
        "Gross Profit": 51740,
        "Financial expenses": 1839,
        "Of which: Interest expense": 1820,
        "Cost of sales": 59537,
        "Enterprise cost management": 12734,
        "Total Operating Expenses": 74110,
        "Total revenue financing activities": 1092,
        "Net profit from business activities": -21278,
        "Profit": 233,
        "Profit before tax": -21045,
        "Present corporate income tax expenses": -745,
        "Deferred income taxes expenses": 571,
        "The interests of minority shareholders": -3932,
        "Total Cost of profits": -4106,
        "Profit after tax corporate income": -16939,
        "Volume": 147648084,
        "Close of Quarter": 3.2,
        "EPS": 143,
        "Non-adjusted EPS": 143,
        "PE": 22.2,
        "Book Price": 13.2
      }
    },
    {
      "quarter": "Q2 2016",
      "income status": {
        "Net sales": 560836,
        "Cost of goods sold": 498071,
        "Gross Profit": 62765,
        "Financial expenses": 4976,
        "Of which: Interest expense": 1637,
        "Cost of sales": 47145,
        "Enterprise cost management": 13297,
        "Total Operating Expenses": 65418,
        "Total revenue financing activities": 12045,
        "Net profit from business activities": 9392,
        "Profit": 168,
        "Profit before tax": 9560,
        "Present corporate income tax expenses": 146,
        "Deferred income taxes expenses": -571,
        "The interests of minority shareholders": -522,
        "Total Cost of profits": -947,
        "Profit after tax corporate income": 10507,
        "Volume": 147648084,
        "Close of Quarter": 5.8,
        "EPS": 396,
        "Non-adjusted EPS": 396,
        "PE": 14.7,
        "Book Price": 13.4
      }
    },
    {
      "quarter": "Q1 2016",
      "income status": {
        "Net sales": 384476,
        "Cost of goods sold": 342035,
        "Gross Profit": 42441,
        "Financial expenses": 1882,
        "Of which: Interest expense": 1567,
        "Cost of sales": 23148,
        "Enterprise cost management": 9477,
        "Total Operating Expenses": 34507,
        "Total revenue financing activities": 16732,
        "Net profit from business activities": 24667,
        "Profit": 281,
        "Profit before tax": 24947,
        "Present corporate income tax expenses": 2876,
        "Deferred income taxes expenses": "N/A",
        "The interests of minority shareholders": 930,
        "Total Cost of profits": 3806,
        "Profit after tax corporate income": 21141,
        "Volume": 147648084,
        "Close of Quarter": 10.3,
        "EPS": 647,
        "Non-adjusted EPS": 647,
        "PE": 15.9,
        "Book Price": 11.7
      }
    },
    {
      "quarter": "Q4 2015",
      "income status": {
        "Net sales": 375260,
        "Cost of goods sold": 350401,
        "Gross Profit": 24859,
        "Financial expenses": 5999,
        "Of which: Interest expense": 1993,
        "Cost of sales": 16918,
        "Enterprise cost management": 7028,
        "Total Operating Expenses": 29945,
        "Total revenue financing activities": 10580,
        "Net profit from business activities": 5495,
        "Profit": 624,
        "Profit before tax": 6120,
        "Present corporate income tax expenses": -152,
        "Deferred income taxes expenses": "N/A",
        "The interests of minority shareholders": -171,
        "Total Cost of profits": -323,
        "Profit after tax corporate income": 6443,
        "Volume": 147648084,
        "Close of Quarter": 13.9,
        "EPS": 736,
        "Non-adjusted EPS": 736,
        "PE": 18.9,
        "Book Price": 11.6
      }
    },
    {
      "quarter": "Q3 2015",
      "income status": {
        "Net sales": 342639,
        "Cost of goods sold": 302529,
        "Gross Profit": 40110,
        "Financial expenses": 4206,
        "Of which: Interest expense": 2211,
        "Cost of sales": 25587,
        "Enterprise cost management": 5918,
        "Total Operating Expenses": 35711,
        "Total revenue financing activities": 20764,
        "Net profit from business activities": 25163,
        "Profit": 140,
        "Profit before tax": 25303,
        "Present corporate income tax expenses": 4371,
        "Deferred income taxes expenses": "N/A",
        "The interests of minority shareholders": 502,
        "Total Cost of profits": 4873,
        "Profit after tax corporate income": 20430,
        "Volume": 147648084,
        "Close of Quarter": 12.7,
        "EPS": 954,
        "Non-adjusted EPS": 954,
        "PE": 13.3,
        "Book Price": 11.8
      }
    },
    {
      "quarter": "Q2 2015",
      "income status": {
        "Net sales": 270608,
        "Cost of goods sold": 239468,
        "Gross Profit": 31140,
        "Financial expenses": 2610,
        "Of which: Interest expense": 1965,
        "Cost of sales": 13603,
        "Enterprise cost management": 7346,
        "Total Operating Expenses": 23559,
        "Total revenue financing activities": 48743,
        "Net profit from business activities": 56324,
        "Profit": 685,
        "Profit before tax": 57009,
        "Present corporate income tax expenses": 6568,
        "Deferred income taxes expenses": "N/A",
        "The interests of minority shareholders": 2883,
        "Total Cost of profits": 9451,
        "Profit after tax corporate income": 47558,
        "Volume": 73824042,
        "Close of Quarter": 15.2,
        "EPS": 956,
        "Non-adjusted EPS": 1912,
        "PE": 7.9,
        "Book Price": 6.6
      }
    },
    {
      "quarter": "Q1 2015",
      "income status": {
        "Net sales": 183130,
        "Cost of goods sold": 121287,
        "Gross Profit": 61843,
        "Financial expenses": 1128,
        "Of which: Interest expense": 1003,
        "Cost of sales": 14052,
        "Enterprise cost management": 4206,
        "Total Operating Expenses": 19386,
        "Total revenue financing activities": 288,
        "Net profit from business activities": 42746,
        "Profit": 1588,
        "Profit before tax": 44334,
        "Present corporate income tax expenses": 8546,
        "Deferred income taxes expenses": 300,
        "The interests of minority shareholders": 1282,
        "Total Cost of profits": 10128,
        "Profit after tax corporate income": 34205,
        "Volume": 15812915,
        "Close of Quarter": 19.7,
        "EPS": 641.8,
        "Non-adjusted EPS": 5993,
        "PE": 3.3,
        "Book Price": 2.4
      }
    },
    {
      "quarter": "Q4 2014",
      "income status": {
        "Net sales": 174592,
        "Cost of goods sold": 121885,
        "Gross Profit": 52707,
        "Financial expenses": 1138,
        "Of which: Interest expense": 1316,
        "Cost of sales": 10100,
        "Enterprise cost management": 10112,
        "Total Operating Expenses": 21350,
        "Total revenue financing activities": 13411,
        "Net profit from business activities": 44768,
        "Profit": -110,
        "Profit before tax": 44658,
        "Present corporate income tax expenses": 5153,
        "Deferred income taxes expenses": -206,
        "The interests of minority shareholders": 1027,
        "Total Cost of profits": 5974,
        "Profit after tax corporate income": 38684,
        "Volume": 15812915,
        "Close of Quarter": 13.1,
        "EPS": 418.3,
        "Non-adjusted EPS": 3906,
        "PE": 3.4,
        "Book Price": 2.1
      }
    },
    {
      "quarter": "Q3 2014",
      "income status": {
        "Net sales": 97308,
        "Cost of goods sold": 83660,
        "Gross Profit": 13648,
        "Financial expenses": 1458,
        "Of which: Interest expense": 1183,
        "Cost of sales": 7927,
        "Enterprise cost management": 5498,
        "Total Operating Expenses": 14883,
        "Total revenue financing activities": 299,
        "Net profit from business activities": -936,
        "Profit": 21320,
        "Profit before tax": 20384,
        "Present corporate income tax expenses": 306,
        "Deferred income taxes expenses": -94,
        "The interests of minority shareholders": -549,
        "Total Cost of profits": -337,
        "Profit after tax corporate income": 20721,
        "Volume": 15812915,
        "Close of Quarter": 11.7,
        "EPS": 129.8,
        "Non-adjusted EPS": 1212,
        "PE": 9.6,
        "Book Price": 1.8
      }
    },
    {
      "quarter": "Q2 2014",
      "income status": {
        "Net sales": 122020,
        "Cost of goods sold": 100724,
        "Gross Profit": 21296,
        "Financial expenses": 2780,
        "Of which: Interest expense": 1726,
        "Cost of sales": 6746,
        "Enterprise cost management": 10047,
        "Total Operating Expenses": 19573,
        "Total revenue financing activities": 525,
        "Net profit from business activities": 2249,
        "Profit": 480,
        "Profit before tax": 2729,
        "Present corporate income tax expenses": 1268,
        "Deferred income taxes expenses": "N/A",
        "The interests of minority shareholders": 302,
        "Total Cost of profits": 1570,
        "Profit after tax corporate income": 1159,
        "Volume": 8312915,
        "Close of Quarter": 7.8,
        "EPS": -24.0,
        "Non-adjusted EPS": -426,
        "PE": -18.3,
        "Book Price": 1.1
      }
    },
    {
      "quarter": "Q1 2014",
      "income status": {
        "Net sales": 81304,
        "Cost of goods sold": 64151,
        "Gross Profit": 17153,
        "Financial expenses": 1917,
        "Of which: Interest expense": 1713,
        "Cost of sales": 5638,
        "Enterprise cost management": 8378,
        "Total Operating Expenses": 15933,
        "Total revenue financing activities": 624,
        "Net profit from business activities": 1845,
        "Profit": 376,
        "Profit before tax": 2221,
        "Present corporate income tax expenses": 1276,
        "Deferred income taxes expenses": "N/A",
        "The interests of minority shareholders": -257,
        "Total Cost of profits": 1019,
        "Profit after tax corporate income": 1202,
        "Volume": 8012915,
        "Close of Quarter": 4.4,
        "EPS": -48.0,
        "Non-adjusted EPS": -884,
        "PE": -5,
        "Book Price": 1.1
      }
    },
    {
      "quarter": "Q4 2013",
      "income status": {
        "Net sales": 268697,
        "Cost of goods sold": 235193,
        "Gross Profit": 33504,
        "Financial expenses": 4251,
        "Of which: Interest expense": 3686,
        "Cost of sales": 16758,
        "Enterprise cost management": 17383,
        "Total Operating Expenses": 38392,
        "Total revenue financing activities": 2102,
        "Net profit from business activities": -2786,
        "Profit": 1039,
        "Profit before tax": -1747,
        "Present corporate income tax expenses": 4952,
        "Deferred income taxes expenses": "N/A",
        "The interests of minority shareholders": -2783,
        "Total Cost of profits": 2169,
        "Profit after tax corporate income": -3916,
        "Volume": 8012915,
        "Close of Quarter": 2.8,
        "EPS": 8.1,
        "Non-adjusted EPS": 150,
        "PE": 18.3,
        "Book Price": 0.9
      }
    },
    {
      "quarter": "Q3 2013",
      "income status": {
        "Net sales": 138911,
        "Cost of goods sold": 124735,
        "Gross Profit": 14176,
        "Financial expenses": 2394,
        "Of which: Interest expense": 2190,
        "Cost of sales": 8653,
        "Enterprise cost management": 6805,
        "Total Operating Expenses": 17852,
        "Total revenue financing activities": 409,
        "Net profit from business activities": -3266,
        "Profit": 770,
        "Profit before tax": -2497,
        "Present corporate income tax expenses": 1111,
        "Deferred income taxes expenses": "N/A",
        "The interests of minority shareholders": -1625,
        "Total Cost of profits": -514,
        "Profit after tax corporate income": -1983,
        "Volume": 8012915,
        "Close of Quarter": 1.8,
        "EPS": -7.2,
        "Non-adjusted EPS": -133,
        "PE": -13.5,
        "Book Price": 0.9
      }
    },
    {
      "quarter": "Q2 2013",
      "income status": {
        "Net sales": 160577,
        "Cost of goods sold": 141528,
        "Gross Profit": 19049,
        "Financial expenses": 4832,
        "Of which: Interest expense": 4327,
        "Cost of sales": 7784,
        "Enterprise cost management": 7782,
        "Total Operating Expenses": 20398,
        "Total revenue financing activities": 372,
        "Net profit from business activities": -978,
        "Profit": -254,
        "Profit before tax": -1232,
        "Present corporate income tax expenses": 1949,
        "Deferred income taxes expenses": "N/A",
        "The interests of minority shareholders": -792,
        "Total Cost of profits": 1157,
        "Profit after tax corporate income": -2389,
        "Volume": 8012915,
        "Close of Quarter": 1.7,
        "EPS": -53.1,
        "Non-adjusted EPS": -978,
        "PE": -1.7,
        "Book Price": 0.9
      }
    },
    {
      "quarter": "Q1 2013",
      "income status": {
        "Net sales": 277769,
        "Cost of goods sold": 261288,
        "Gross Profit": 16480,
        "Financial expenses": 6470,
        "Of which: Interest expense": 5801,
        "Cost of sales": 7407,
        "Enterprise cost management": 5198,
        "Total Operating Expenses": 19075,
        "Total revenue financing activities": 1540,
        "Net profit from business activities": -1055,
        "Profit": 12201,
        "Profit before tax": 11146,
        "Present corporate income tax expenses": 1498,
        "Deferred income taxes expenses": "N/A",
        "The interests of minority shareholders": 160,
        "Total Cost of profits": 1658,
        "Profit after tax corporate income": 9488,
        "Volume": 8012915,
        "Close of Quarter": 1.8,
        "EPS": -148.2,
        "Non-adjusted EPS": -2730,
        "PE": -0.7,
        "Book Price": 0.9
      }
    },
    {
      "quarter": "Q4 2012",
      "income status": {
        "Net sales": 517451,
        "Cost of goods sold": 491980,
        "Gross Profit": 25472,
        "Financial expenses": 8834,
        "Of which: Interest expense": 8598,
        "Cost of sales": 11379,
        "Enterprise cost management": 11724,
        "Total Operating Expenses": 31937,
        "Total revenue financing activities": 1234,
        "Net profit from business activities": -5231,
        "Profit": 305,
        "Profit before tax": -4926,
        "Present corporate income tax expenses": 466,
        "Deferred income taxes expenses": "N/A",
        "The interests of minority shareholders": 789,
        "Total Cost of profits": 1255,
        "Profit after tax corporate income": -6181,
        "Volume": 8012915,
        "Close of Quarter": 2.0,
        "EPS": -378.8,
        "Non-adjusted EPS": -6980,
        "PE": -0.3,
        "Book Price": 0.9
      }
    },
    {
      "quarter": "Q3 2012",
      "income status": {
        "Net sales": 515829,
        "Cost of goods sold": 493208,
        "Gross Profit": 22622,
        "Financial expenses": 11683,
        "Of which: Interest expense": 11060,
        "Cost of sales": 15104,
        "Enterprise cost management": 6305,
        "Total Operating Expenses": 33092,
        "Total revenue financing activities": 1689,
        "Net profit from business activities": -8781,
        "Profit": 56,
        "Profit before tax": -8725,
        "Present corporate income tax expenses": 740,
        "Deferred income taxes expenses": "N/A",
        "The interests of minority shareholders": -714,
        "Total Cost of profits": 26,
        "Profit after tax corporate income": -8752,
        "Volume": 8012915,
        "Close of Quarter": 1.7,
        "EPS": -376.9,
        "Non-adjusted EPS": -6944,
        "PE": -0.3,
        "Book Price": 1.0
      }
    },
    {
      "quarter": "Q2 2012",
      "income status": {
        "Net sales": 708333,
        "Cost of goods sold": 683794,
        "Gross Profit": 24539,
        "Financial expenses": 26348,
        "Of which: Interest expense": 25772,
        "Cost of sales": 14718,
        "Enterprise cost management": 5576,
        "Total Operating Expenses": 46642,
        "Total revenue financing activities": 5821,
        "Net profit from business activities": -16282,
        "Profit": -458,
        "Profit before tax": -16740,
        "Present corporate income tax expenses": 885,
        "Deferred income taxes expenses": "N/A",
        "The interests of minority shareholders": -1194,
        "Total Cost of profits": -309,
        "Profit after tax corporate income": -16431,
        "Volume": 8012915,
        "Close of Quarter": 2.9,
        "EPS": -205.1,
        "Non-adjusted EPS": -3780,
        "PE": -0.8,
        "Book Price": 1.1
      }
    },
    {
      "quarter": "Q1 2012",
      "income status": {
        "Net sales": 727122,
        "Cost of goods sold": 708958,
        "Gross Profit": 18164,
        "Financial expenses": 35910,
        "Of which: Interest expense": 32577,
        "Cost of sales": 7397,
        "Enterprise cost management": 5323,
        "Total Operating Expenses": 48630,
        "Total revenue financing activities": 6828,
        "Net profit from business activities": -23638,
        "Profit": -246,
        "Profit before tax": -23884,
        "Present corporate income tax expenses": 581,
        "Deferred income taxes expenses": "N/A",
        "The interests of minority shareholders": 102,
        "Total Cost of profits": 683,
        "Profit after tax corporate income": -24567,
        "Volume": 8012915,
        "Close of Quarter": 3.9,
        "EPS": -62.0,
        "Non-adjusted EPS": -1142,
        "PE": -3.4,
        "Book Price": 1.2
      }
    },
    {
      "quarter": "Q4 2011",
      "income status": {
        "Net sales": 415365,
        "Cost of goods sold": 387229,
        "Gross Profit": 28137,
        "Financial expenses": 23219,
        "Of which: Interest expense": 23009,
        "Cost of sales": 7072,
        "Enterprise cost management": 7296,
        "Total Operating Expenses": 37587,
        "Total revenue financing activities": 3514,
        "Net profit from business activities": -5937,
        "Profit": 2,
        "Profit before tax": -5934,
        "Present corporate income tax expenses": "N/A",
        "Deferred income taxes expenses": "N/A",
        "The interests of minority shareholders": -41,
        "Total Cost of profits": -41,
        "Profit after tax corporate income": -5893,
        "Volume": 8012915,
        "Close of Quarter": 4.0,
        "EPS": 161.2,
        "Non-adjusted EPS": 2971,
        "PE": 1.3,
        "Book Price": 1.4
      }
    },
    {
      "quarter": "Q3 2011",
      "income status": {
        "Net sales": 871107,
        "Cost of goods sold": 798126,
        "Gross Profit": 72981,
        "Financial expenses": 23805,
        "Of which: Interest expense": 19744,
        "Cost of sales": 20615,
        "Enterprise cost management": 9352,
        "Total Operating Expenses": 53772,
        "Total revenue financing activities": 651,
        "Net profit from business activities": 19860,
        "Profit": 510,
        "Profit before tax": 20370,
        "Present corporate income tax expenses": 3555,
        "Deferred income taxes expenses": "N/A",
        "The interests of minority shareholders": 214,
        "Total Cost of profits": 3769,
        "Profit after tax corporate income": 16601,
        "Volume": 8012915,
        "Close of Quarter": 3.8,
        "EPS": 655.5,
        "Non-adjusted EPS": 12078,
        "PE": 0.3,
        "Book Price": 1.4
      }
    },
    {
      "quarter": "Q2 2011",
      "income status": {
        "Net sales": 861784,
        "Cost of goods sold": 807725,
        "Gross Profit": 54060,
        "Financial expenses": 25481,
        "Of which: Interest expense": 25481,
        "Cost of sales": 23349,
        "Enterprise cost management": 5934,
        "Total Operating Expenses": 54764,
        "Total revenue financing activities": 5974,
        "Net profit from business activities": 5269,
        "Profit": 619,
        "Profit before tax": 5889,
        "Present corporate income tax expenses": 1178,
        "Deferred income taxes expenses": "N/A",
        "The interests of minority shareholders": "N/A",
        "Total Cost of profits": 1178,
        "Profit after tax corporate income": 4711,
        "Volume": 8312915,
        "Close of Quarter": 3.9,
        "EPS": 616.4,
        "Non-adjusted EPS": 10948,
        "PE": 0.4,
        "Book Price": 1.3
      }
    },
    {
      "quarter": "Q1 2011",
      "income status": {
        "Net sales": 516870,
        "Cost of goods sold": 466444,
        "Gross Profit": 50425,
        "Financial expenses": 20320,
        "Of which: Interest expense": 20064,
        "Cost of sales": 13986,
        "Enterprise cost management": 7497,
        "Total Operating Expenses": 41803,
        "Total revenue financing activities": 1372,
        "Net profit from business activities": 9994,
        "Profit": 149,
        "Profit before tax": 10143,
        "Present corporate income tax expenses": 1667,
        "Deferred income taxes expenses": "N/A",
        "The interests of minority shareholders": 89,
        "Total Cost of profits": 1756,
        "Profit after tax corporate income": 8388,
        "Volume": 8312915,
        "Close of Quarter": 4.6,
        "EPS": 112.3,
        "Non-adjusted EPS": 1995,
        "PE": 2.3,
        "Book Price": 1.2
      }
    },
    {
      "quarter": "Q4 2010",
      "income status": {
        "Net sales": 810406,
        "Cost of goods sold": 709157,
        "Gross Profit": 101249,
        "Financial expenses": 18373,
        "Of which: Interest expense": 18302,
        "Cost of sales": 20004,
        "Enterprise cost management": -741,
        "Total Operating Expenses": 37636,
        "Total revenue financing activities": 3924,
        "Net profit from business activities": 67537,
        "Profit": 329,
        "Profit before tax": 67866,
        "Present corporate income tax expenses": 768,
        "Deferred income taxes expenses": "N/A",
        "The interests of minority shareholders": 15,
        "Total Cost of profits": 783,
        "Profit after tax corporate income": 67083,
        "Volume": 8312915,
        "Close of Quarter": 5.2,
        "EPS": 99.2,
        "Non-adjusted EPS": 1761,
        "PE": 3.0,
        "Book Price": 1.3
      }
    },
    {
      "quarter": "Q3 2010",
      "income status": {
        "Net sales": 882484,
        "Cost of goods sold": 821943,
        "Gross Profit": 60541,
        "Financial expenses": 30668,
        "Of which: Interest expense": 23254,
        "Cost of sales": 17404,
        "Enterprise cost management": 10524,
        "Total Operating Expenses": 58596,
        "Total revenue financing activities": 7209,
        "Net profit from business activities": 9154,
        "Profit": 1926,
        "Profit before tax": 11080,
        "Present corporate income tax expenses": 201,
        "Deferred income taxes expenses": "N/A",
        "The interests of minority shareholders": 49,
        "Total Cost of profits": 250,
        "Profit after tax corporate income": 10831,
        "Volume": 8312915,
        "Close of Quarter": 5.0,
        "EPS": -307.8,
        "Non-adjusted EPS": -5466,
        "PE": -0.9,
        "Book Price": 0.8
      }
    },
    {
      "quarter": "Q2 2010",
      "income status": {
        "Net sales": 442918,
        "Cost of goods sold": 445268,
        "Gross Profit": -2350,
        "Financial expenses": 44259,
        "Of which: Interest expense": 38010,
        "Cost of sales": 18080,
        "Enterprise cost management": 6392,
        "Total Operating Expenses": 68731,
        "Total revenue financing activities": 1198,
        "Net profit from business activities": -69884,
        "Profit": 617,
        "Profit before tax": -69267,
        "Present corporate income tax expenses": 365,
        "Deferred income taxes expenses": "N/A",
        "The interests of minority shareholders": 89,
        "Total Cost of profits": 454,
        "Profit after tax corporate income": -69721,
        "Volume": 8312915,
        "Close of Quarter": 8.0,
        "EPS": -351.4,
        "Non-adjusted EPS": -6241,
        "PE": -1.3,
        "Book Price": 0.7
      }
    },
    {
      "quarter": "Q1 2010",
      "income status": {
        "Net sales": 453271,
        "Cost of goods sold": 424033,
        "Gross Profit": 29238,
        "Financial expenses": 9616,
        "Of which: Interest expense": 9507,
        "Cost of sales": 17618,
        "Enterprise cost management": 6581,
        "Total Operating Expenses": 33815,
        "Total revenue financing activities": 12414,
        "Net profit from business activities": 7838,
        "Profit": "N/A",
        "Profit before tax": 7838,
        "Present corporate income tax expenses": 1337,
        "Deferred income taxes expenses": "N/A",
        "The interests of minority shareholders": 57,
        "Total Cost of profits": 1394,
        "Profit after tax corporate income": 6444,
        "Volume": 8312915,
        "Close of Quarter": 9.7,
        "EPS": 134.2,
        "Non-adjusted EPS": 2384,
        "PE": 4.1,
        "Book Price": 1.2
      }
    },
    {
      "quarter": "Q4 2009",
      "income status": {
        "Net sales": 823143,
        "Cost of goods sold": 776608,
        "Gross Profit": 46535,
        "Financial expenses": 14597,
        "Of which: Interest expense": 10316,
        "Cost of sales": 17777,
        "Enterprise cost management": 8326,
        "Total Operating Expenses": 40700,
        "Total revenue financing activities": 748,
        "Net profit from business activities": 6583,
        "Profit": 1968,
        "Profit before tax": 8551,
        "Present corporate income tax expenses": 1482,
        "Deferred income taxes expenses": "N/A",
        "The interests of minority shareholders": 57,
        "Total Cost of profits": 1539,
        "Profit after tax corporate income": 7011,
        "Volume": 8312915,
        "Close of Quarter": 9.5,
        "EPS": 200.8,
        "Non-adjusted EPS": 3567,
        "PE": 2.7,
        "Book Price": 1.3
      }
    },
    {
      "quarter": "Q3 2009",
      "income status": {
        "Net sales": 485568,
        "Cost of goods sold": 475794,
        "Gross Profit": 9774,
        "Financial expenses": 7094,
        "Of which: Interest expense": 6994,
        "Cost of sales": 8461,
        "Enterprise cost management": 5236,
        "Total Operating Expenses": 20791,
        "Total revenue financing activities": 15392,
        "Net profit from business activities": 4375,
        "Profit": 9,
        "Profit before tax": 4385,
        "Present corporate income tax expenses": "N/A",
        "Deferred income taxes expenses": "N/A",
        "The interests of minority shareholders": "N/A",
        "Total Cost of profits": 0,
        "Profit after tax corporate income": 4385,
        "Volume": 8312915,
        "Close of Quarter": 10.3,
        "EPS": -130.4,
        "Non-adjusted EPS": -2316,
        "PE": -4.4,
        "Book Price": 1.3
      }
    },
    {
      "quarter": "Q2 2009",
      "income status": {
        "Net sales": 653740,
        "Cost of goods sold": 610103,
        "Gross Profit": 43637,
        "Financial expenses": 21669,
        "Of which: Interest expense": 9076,
        "Cost of sales": 17243,
        "Enterprise cost management": 5088,
        "Total Operating Expenses": 44000,
        "Total revenue financing activities": 250,
        "Net profit from business activities": -114,
        "Profit": 2495,
        "Profit before tax": 2382,
        "Present corporate income tax expenses": 385,
        "Deferred income taxes expenses": "N/A",
        "The interests of minority shareholders": 22,
        "Total Cost of profits": 407,
        "Profit after tax corporate income": 1975,
        "Volume": 8312915,
        "Close of Quarter": 10.7,
        "EPS": 34.0,
        "Non-adjusted EPS": 603,
        "PE": 17.8,
        "Book Price": 1.2
      }
    },
    {
      "quarter": "Q1 2009",
      "income status": {
        "Net sales": 657493,
        "Cost of goods sold": 597694,
        "Gross Profit": 59799,
        "Financial expenses": 21180,
        "Of which: Interest expense": 14675,
        "Cost of sales": 13597,
        "Enterprise cost management": 5482,
        "Total Operating Expenses": 40259,
        "Total revenue financing activities": 522,
        "Net profit from business activities": 20061,
        "Profit": 159,
        "Profit before tax": 20220,
        "Present corporate income tax expenses": 3903,
        "Deferred income taxes expenses": "N/A",
        "The interests of minority shareholders": 34,
        "Total Cost of profits": 3937,
        "Profit after tax corporate income": 16283,
        "Volume": 8312915,
        "Close of Quarter": 9.2,
        "EPS": 316.3,
        "Non-adjusted EPS": 5618,
        "PE": 1.6,
        "Book Price": 1.2
      }
    },
    {
      "quarter": "Q4 2008",
      "income status": {
        "Net sales": 736495,
        "Cost of goods sold": 777439,
        "Gross Profit": -40944,
        "Financial expenses": 37278,
        "Of which: Interest expense": "N/A",
        "Cost of sales": 2301,
        "Enterprise cost management": 1487,
        "Total Operating Expenses": 41066,
        "Total revenue financing activities": 26985,
        "Net profit from business activities": -55025,
        "Profit": 2481,
        "Profit before tax": -52544,
        "Present corporate income tax expenses": -10651,
        "Deferred income taxes expenses": "N/A",
        "The interests of minority shareholders": 5,
        "Total Cost of profits": -10646,
        "Profit after tax corporate income": -41898,
        "Volume": 8312915,
        "Close of Quarter": 8.5,
        "EPS": 458.8,
        "Non-adjusted EPS": 8148,
        "PE": 1.0,
        "Book Price": 1.2
      }
    },
    {
      "quarter": "Q3 2008",
      "income status": {
        "Net sales": 674551,
        "Cost of goods sold": 601862,
        "Gross Profit": 72689,
        "Financial expenses": 31176,
        "Of which: Interest expense": 30007,
        "Cost of sales": 10392,
        "Enterprise cost management": 4002,
        "Total Operating Expenses": 45570,
        "Total revenue financing activities": 3872,
        "Net profit from business activities": 30991,
        "Profit": 4782,
        "Profit before tax": 35773,
        "Present corporate income tax expenses": 7110,
        "Deferred income taxes expenses": "N/A",
        "The interests of minority shareholders": 9,
        "Total Cost of profits": 7119,
        "Profit after tax corporate income": 28654,
        "Volume": 8312915,
        "Close of Quarter": 14.9,
        "EPS": 953.4,
        "Non-adjusted EPS": 16933,
        "PE": 0.9,
        "Book Price": 1.6
      }
    },
    {
      "quarter": "Q2 2008",
      "income status": {
        "Net sales": 914498,
        "Cost of goods sold": 798724,
        "Gross Profit": 115774,
        "Financial expenses": 33714,
        "Of which: Interest expense": 14856,
        "Cost of sales": 26725,
        "Enterprise cost management": 9975,
        "Total Operating Expenses": 70414,
        "Total revenue financing activities": 5331,
        "Net profit from business activities": 50691,
        "Profit": 3583,
        "Profit before tax": 54275,
        "Present corporate income tax expenses": 10920,
        "Deferred income taxes expenses": -393,
        "The interests of minority shareholders": 81,
        "Total Cost of profits": 10608,
        "Profit after tax corporate income": 43667,
        "Volume": 8312915,
        "Close of Quarter": 11.9,
        "EPS": 851.0,
        "Non-adjusted EPS": 15115,
        "PE": 0.8,
        "Book Price": 1.4
      }
    },
    {
      "quarter": "Q1 2008",
      "income status": {
        "Net sales": 401272,
        "Cost of goods sold": 324072,
        "Gross Profit": 77200,
        "Financial expenses": 7552,
        "Of which: Interest expense": 7552,
        "Cost of sales": 16386,
        "Enterprise cost management": 8561,
        "Total Operating Expenses": 32499,
        "Total revenue financing activities": 508,
        "Net profit from business activities": 45210,
        "Profit": 1425,
        "Profit before tax": 46635,
        "Present corporate income tax expenses": 9327,
        "Deferred income taxes expenses": "N/A",
        "The interests of minority shareholders": "N/A",
        "Total Cost of profits": 9327,
        "Profit after tax corporate income": 37308,
        "Volume": 8312915,
        "Close of Quarter": 13.2,
        "EPS": 699.6,
        "Non-adjusted EPS": 12425,
        "PE": 1.1,
        "Book Price": 1.1
      }
    },
    {
      "quarter": "Q4 2007",
      "income status": {
        "Net sales": 473291,
        "Cost of goods sold": 423300,
        "Gross Profit": 49991,
        "Financial expenses": 5655,
        "Of which: Interest expense": 5655,
        "Cost of sales": 9166,
        "Enterprise cost management": 2584,
        "Total Operating Expenses": 17405,
        "Total revenue financing activities": 3687,
        "Net profit from business activities": 36272,
        "Profit": 964,
        "Profit before tax": 37236,
        "Present corporate income tax expenses": 6106,
        "Deferred income taxes expenses": "N/A",
        "The interests of minority shareholders": "N/A",
        "Total Cost of profits": 6106,
        "Profit after tax corporate income": 31130,
        "Volume": 8312915,
        "Close of Quarter": 22.8,
        "EPS": 477.4,
        "Non-adjusted EPS": 8479,
        "PE": 2.7,
        "Book Price": 1.1
      }
    },
    {
      "quarter": "Q3 2007",
      "income status": {
        "Net sales": 346726,
        "Cost of goods sold": 317301,
        "Gross Profit": 29426,
        "Financial expenses": 4603,
        "Of which: Interest expense": 4514,
        "Cost of sales": 10238,
        "Enterprise cost management": 1515,
        "Total Operating Expenses": 16356,
        "Total revenue financing activities": 2194,
        "Net profit from business activities": 15264,
        "Profit": 836,
        "Profit before tax": 16100,
        "Present corporate income tax expenses": 2560,
        "Deferred income taxes expenses": "N/A",
        "The interests of minority shareholders": "N/A",
        "Total Cost of profits": 2560,
        "Profit after tax corporate income": 13541,
        "Volume": 8312915,
        "Close of Quarter": "N/A",
        "EPS": 278.1,
        "Non-adjusted EPS": 4940,
        "PE": "N/A",
        "Book Price": 0.9
      }
    },
    {
      "quarter": "Q2 2007",
      "income status": {
        "Net sales": 555072,
        "Cost of goods sold": 511695,
        "Gross Profit": 43376,
        "Financial expenses": 7462,
        "Of which: Interest expense": 7462,
        "Cost of sales": 8066,
        "Enterprise cost management": 4956,
        "Total Operating Expenses": 20484,
        "Total revenue financing activities": 3972,
        "Net profit from business activities": "N/A",
        "Profit": "N/A",
        "Profit before tax": 26634,
        "Present corporate income tax expenses": "N/A",
        "Deferred income taxes expenses": "N/A",
        "The interests of minority shareholders": 2663,
        "Total Cost of profits": 2663,
        "Profit after tax corporate income": 21308,
        "Volume": 8312915,
        "Close of Quarter": "N/A",
        "EPS": 223.9,
        "Non-adjusted EPS": 3977,
        "PE": "N/A",
        "Book Price": 0.8
      }
    },
    {
      "quarter": "Q4 2006",
      "income status": {
        "Net sales": 239368,
        "Cost of goods sold": 233138,
        "Gross Profit": 6230,
        "Financial expenses": 4985,
        "Of which: Interest expense": 4465,
        "Cost of sales": 6763,
        "Enterprise cost management": 1471,
        "Total Operating Expenses": 13219,
        "Total revenue financing activities": 10039,
        "Net profit from business activities": 3050,
        "Profit": 1814,
        "Profit before tax": 4865,
        "Present corporate income tax expenses": 356,
        "Deferred income taxes expenses": "N/A",
        "The interests of minority shareholders": "N/A",
        "Total Cost of profits": 356,
        "Profit after tax corporate income": 4509,
        "Volume": 8312915,
        "Close of Quarter": "N/A",
        "EPS": 79.6,
        "Non-adjusted EPS": 1414,
        "PE": "N/A",
        "Book Price": "N/A"
      }
    },
    {
      "quarter": "Q3 2006",
      "income status": {
        "Net sales": 175303,
        "Cost of goods sold": 168241,
        "Gross Profit": 7062,
        "Financial expenses": 3479,
        "Of which: Interest expense": 2970,
        "Cost of sales": 3715,
        "Enterprise cost management": 977,
        "Total Operating Expenses": 8171,
        "Total revenue financing activities": 1503,
        "Net profit from business activities": 394,
        "Profit": 1506,
        "Profit before tax": 1900,
        "Present corporate income tax expenses": 190,
        "Deferred income taxes expenses": "N/A",
        "The interests of minority shareholders": "N/A",
        "Total Cost of profits": 190,
        "Profit after tax corporate income": 1710,
        "Volume": 8312915,
        "Close of Quarter": "N/A",
        "EPS": 49.1,
        "Non-adjusted EPS": 872,
        "PE": "N/A",
        "Book Price": "N/A"
      }
    },
    {
      "quarter": "Q2 2006",
      "income status": {
        "Net sales": 724286,
        "Cost of goods sold": 697134,
        "Gross Profit": 27151,
        "Financial expenses": 9626,
        "Of which: Interest expense": 8531,
        "Cost of sales": 12635,
        "Enterprise cost management": 2371,
        "Total Operating Expenses": 24632,
        "Total revenue financing activities": 2121,
        "Net profit from business activities": "N/A",
        "Profit": "N/A",
        "Profit before tax": 6921,
        "Present corporate income tax expenses": "N/A",
        "Deferred income taxes expenses": "N/A",
        "The interests of minority shareholders": 692,
        "Total Cost of profits": 692,
        "Profit after tax corporate income": 5537,
        "Volume": 8312915,
        "Close of Quarter": "N/A",
        "EPS": 37.5,
        "Non-adjusted EPS": 666,
        "PE": "N/A",
        "Book Price": "N/A"
      }
    }
  ]
}