{
  "ticker": "VNM",
  "data": [
    {
      "quarter": "Q1 2017",
      "income status": {
        "Net sales": 12049369,
        "Cost of goods sold": 6230237,
        "Gross Profit": 5819131,
        "Financial expenses": 27662,
        "Of which: Interest expense": 13393,
        "Cost of sales": 2303390,
        "Enterprise cost management": 234141,
        "Total Operating Expenses": 2565193,
        "Total revenue financing activities": 199757,
        "Net profit from business activities": 3470305,
        "Profit": 5782,
        "Profit before tax": 3476088,
        "Present corporate income tax expenses": 528294,
        "Deferred income taxes expenses": 12788,
        "The interests of minority shareholders": -63,
        "Total Cost of profits": 541019,
        "Profit after tax corporate income": 2935068,
        "Volume": 1451453429,
        "Close of Quarter": 141.4,
        "EPS": 6978,
        "Non-adjusted EPS": 6978,
        "PE": 20.3,
        "Book Price": 17.2
      }
    },
    {
      "quarter": "Q4 2016",
      "income status": {
        "Net sales": 11807611,
        "Cost of goods sold": 6327316,
        "Gross Profit": 5480295,
        "Financial expenses": 33702,
        "Of which: Interest expense": 19574,
        "Cost of sales": 3192490,
        "Enterprise cost management": 296403,
        "Total Operating Expenses": 3522595,
        "Total revenue financing activities": 194133,
        "Net profit from business activities": 2145563,
        "Profit": 58607,
        "Profit before tax": 2204170,
        "Present corporate income tax expenses": 377979,
        "Deferred income taxes expenses": -2096,
        "The interests of minority shareholders": -677,
        "Total Cost of profits": 375206,
        "Profit after tax corporate income": 1828964,
        "Volume": 1451453429,
        "Close of Quarter": 123.9,
        "EPS": 6442,
        "Non-adjusted EPS": 6442,
        "PE": 19.2,
        "Book Price": 15.4
      }
    },
    {
      "quarter": "Q3 2016",
      "income status": {
        "Net sales": 12204690,
        "Cost of goods sold": 7119261,
        "Gross Profit": 5085429,
        "Financial expenses": 19550,
        "Of which: Interest expense": 9907,
        "Cost of sales": 1903771,
        "Enterprise cost management": 276732,
        "Total Operating Expenses": 2200053,
        "Total revenue financing activities": 169272,
        "Net profit from business activities": 3048044,
        "Profit": -3171,
        "Profit before tax": 3044873,
        "Present corporate income tax expenses": 498604,
        "Deferred income taxes expenses": -3146,
        "The interests of minority shareholders": 635,
        "Total Cost of profits": 496093,
        "Profit after tax corporate income": 2548780,
        "Volume": 1451453429,
        "Close of Quarter": 138.1,
        "EPS": 6488,
        "Non-adjusted EPS": 6488,
        "PE": 21.3,
        "Book Price": 14.3
      }
    },
    {
      "quarter": "Q2 2016",
      "income status": {
        "Net sales": 12449130,
        "Cost of goods sold": 7076434,
        "Gross Profit": 5372696,
        "Financial expenses": 16279,
        "Of which: Interest expense": 8704,
        "Cost of sales": 1939456,
        "Enterprise cost management": 251558,
        "Total Operating Expenses": 2207293,
        "Total revenue financing activities": 190483,
        "Net profit from business activities": 3373259,
        "Profit": -11189,
        "Profit before tax": 3362070,
        "Present corporate income tax expenses": 542789,
        "Deferred income taxes expenses": -5062,
        "The interests of minority shareholders": 8948,
        "Total Cost of profits": 546675,
        "Profit after tax corporate income": 2815396,
        "Volume": 1200346083,
        "Close of Quarter": 113.3,
        "EPS": 6203.3,
        "Non-adjusted EPS": 7501,
        "PE": 15.1,
        "Book Price": 15.8
      }
    },
    {
      "quarter": "Q1 2016",
      "income status": {
        "Net sales": 10332909,
        "Cost of goods sold": 5993499,
        "Gross Profit": 4339410,
        "Financial expenses": 32919,
        "Of which: Interest expense": 8314,
        "Cost of sales": 1665160,
        "Enterprise cost management": 228558,
        "Total Operating Expenses": 1926637,
        "Total revenue financing activities": 168673,
        "Net profit from business activities": 2593424,
        "Profit": 33089,
        "Profit before tax": 2626513,
        "Present corporate income tax expenses": 463896,
        "Deferred income taxes expenses": 833,
        "The interests of minority shareholders": 4595,
        "Total Cost of profits": 469324,
        "Profit after tax corporate income": 2157189,
        "Volume": 1200346083,
        "Close of Quarter": 106.1,
        "EPS": 5769.1,
        "Non-adjusted EPS": 6976,
        "PE": 15.2,
        "Book Price": 15.8
      }
    },
    {
      "quarter": "Q4 2015",
      "income status": {
        "Net sales": 11098562,
        "Cost of goods sold": 6682175,
        "Gross Profit": 4416387,
        "Financial expenses": 25345,
        "Of which: Interest expense": 8539,
        "Cost of sales": 1753941,
        "Enterprise cost management": 555475,
        "Total Operating Expenses": 2334761,
        "Total revenue financing activities": 155172,
        "Net profit from business activities": 2228598,
        "Profit": 57214,
        "Profit before tax": 2285813,
        "Present corporate income tax expenses": 205263,
        "Deferred income taxes expenses": 179973,
        "The interests of minority shareholders": 4502,
        "Total Cost of profits": 389738,
        "Profit after tax corporate income": 1896074,
        "Volume": 1200346083,
        "Close of Quarter": 101.4,
        "EPS": 5355.6,
        "Non-adjusted EPS": 6476,
        "PE": 15.7,
        "Book Price": 14.4
      }
    },
    {
      "quarter": "Q3 2015",
      "income status": {
        "Net sales": 10549326,
        "Cost of goods sold": 6199267,
        "Gross Profit": 4350060,
        "Financial expenses": 87075,
        "Of which: Interest expense": 7824,
        "Cost of sales": 1665909,
        "Enterprise cost management": 220531,
        "Total Operating Expenses": 1973515,
        "Total revenue financing activities": 176057,
        "Net profit from business activities": 2554911,
        "Profit": -1133,
        "Profit before tax": 2553778,
        "Present corporate income tax expenses": 393537,
        "Deferred income taxes expenses": 37675,
        "The interests of minority shareholders": -12741,
        "Total Cost of profits": 418471,
        "Profit after tax corporate income": 2135307,
        "Volume": 1200346083,
        "Close of Quarter": 79.2,
        "EPS": 5240.7,
        "Non-adjusted EPS": 6337,
        "PE": 12.5,
        "Book Price": 13.2
      }
    },
    {
      "quarter": "Q2 2015",
      "income status": {
        "Net sales": 10500111,
        "Cost of goods sold": 6113115,
        "Gross Profit": 4386996,
        "Financial expenses": 22021,
        "Of which: Interest expense": 6784,
        "Cost of sales": 1687220,
        "Enterprise cost management": 254796,
        "Total Operating Expenses": 1964037,
        "Total revenue financing activities": 173799,
        "Net profit from business activities": 2621119,
        "Profit": 1366,
        "Profit before tax": 2622485,
        "Present corporate income tax expenses": 517885,
        "Deferred income taxes expenses": -81623,
        "The interests of minority shareholders": 1051,
        "Total Cost of profits": 437313,
        "Profit after tax corporate income": 2185171,
        "Volume": 1000325289,
        "Close of Quarter": 72.0,
        "EPS": 4718.2,
        "Non-adjusted EPS": 6846,
        "PE": 10.5,
        "Book Price": 14.7
      }
    },
    {
      "quarter": "Q1 2015",
      "income status": {
        "Net sales": 8716036,
        "Cost of goods sold": 5607064,
        "Gross Profit": 3108972,
        "Financial expenses": 28398,
        "Of which: Interest expense": 8132,
        "Cost of sales": 1150436,
        "Enterprise cost management": 201920,
        "Total Operating Expenses": 1380754,
        "Total revenue financing activities": 143954,
        "Net profit from business activities": 1866599,
        "Profit": 38467,
        "Profit before tax": 1905066,
        "Present corporate income tax expenses": 355290,
        "Deferred income taxes expenses": -10413,
        "The interests of minority shareholders": 3331,
        "Total Cost of profits": 348208,
        "Profit after tax corporate income": 1556857,
        "Volume": 1000325289,
        "Close of Quarter": 67.6,
        "EPS": 4297.8,
        "Non-adjusted EPS": 6236,
        "PE": 10.8,
        "Book Price": 14.7
      }
    },
    {
      "quarter": "Q4 2014",
      "income status": {
        "Net sales": 9334997,
        "Cost of goods sold": 5784904,
        "Gross Profit": 3550093,
        "Financial expenses": 8571,
        "Of which: Interest expense": 9076,
        "Cost of sales": 1436752,
        "Enterprise cost management": 218823,
        "Total Operating Expenses": 1664146,
        "Total revenue financing activities": 132495,
        "Net profit from business activities": 2033855,
        "Profit": 143067,
        "Profit before tax": 2176921,
        "Present corporate income tax expenses": 431497,
        "Deferred income taxes expenses": 15456,
        "The interests of minority shareholders": 236,
        "Total Cost of profits": 447189,
        "Profit after tax corporate income": 1729732,
        "Volume": 1000325289,
        "Close of Quarter": 60.9,
        "EPS": 4181.3,
        "Non-adjusted EPS": 6067,
        "PE": 10.0,
        "Book Price": 13.7
      }
    },
    {
      "quarter": "Q3 2014",
      "income status": {
        "Net sales": 8731443,
        "Cost of goods sold": 5702843,
        "Gross Profit": 3028600,
        "Financial expenses": 34205,
        "Of which: Interest expense": 7424,
        "Cost of sales": 1279873,
        "Enterprise cost management": 202712,
        "Total Operating Expenses": 1516790,
        "Total revenue financing activities": 180877,
        "Net profit from business activities": 1705938,
        "Profit": 17184,
        "Profit before tax": 1723122,
        "Present corporate income tax expenses": 362551,
        "Deferred income taxes expenses": -6846,
        "The interests of minority shareholders": -8840,
        "Total Cost of profits": 346865,
        "Profit after tax corporate income": 1376257,
        "Volume": 1000325289,
        "Close of Quarter": 66.9,
        "EPS": 4002.1,
        "Non-adjusted EPS": 5807,
        "PE": 11.5,
        "Book Price": 12.5
      }
    },
    {
      "quarter": "Q2 2014",
      "income status": {
        "Net sales": 9232342,
        "Cost of goods sold": 6067063,
        "Gross Profit": 3165279,
        "Financial expenses": 30036,
        "Of which: Interest expense": 12411,
        "Cost of sales": 1158497,
        "Enterprise cost management": 203141,
        "Total Operating Expenses": 1391674,
        "Total revenue financing activities": 132597,
        "Net profit from business activities": 1926543,
        "Profit": 43427,
        "Profit before tax": 1969970,
        "Present corporate income tax expenses": 439314,
        "Deferred income taxes expenses": -45913,
        "The interests of minority shareholders": 1134,
        "Total Cost of profits": 394535,
        "Profit after tax corporate income": 1575436,
        "Volume": 833639686,
        "Close of Quarter": 63.8,
        "EPS": 4218.6,
        "Non-adjusted EPS": 7345,
        "PE": 8.7,
        "Book Price": 12.8
      }
    },
    {
      "quarter": "Q1 2014",
      "income status": {
        "Net sales": 7678146,
        "Cost of goods sold": 5113641,
        "Gross Profit": 2564505,
        "Financial expenses": 8885,
        "Of which: Interest expense": 10671,
        "Cost of sales": 821021,
        "Enterprise cost management": 170689,
        "Total Operating Expenses": 1000595,
        "Total revenue financing activities": 127600,
        "Net profit from business activities": 1702393,
        "Profit": 40962,
        "Profit before tax": 1743355,
        "Present corporate income tax expenses": 347297,
        "Deferred income taxes expenses": 1811,
        "The interests of minority shareholders": 6866,
        "Total Cost of profits": 355974,
        "Profit after tax corporate income": 1387382,
        "Volume": 833639686,
        "Close of Quarter": 72.6,
        "EPS": 4403.0,
        "Non-adjusted EPS": 7666,
        "PE": 9.5,
        "Book Price": 13.0
      }
    },
    {
      "quarter": "Q4 2013",
      "income status": {
        "Net sales": 8174033,
        "Cost of goods sold": 5504673,
        "Gross Profit": 2669360,
        "Financial expenses": 17340,
        "Of which: Interest expense": 104,
        "Cost of sales": 952808,
        "Enterprise cost management": 162680,
        "Total Operating Expenses": 1132828,
        "Total revenue financing activities": 134326,
        "Net profit from business activities": 1670858,
        "Profit": 153852,
        "Profit before tax": 1839576,
        "Present corporate income tax expenses": 336327,
        "Deferred income taxes expenses": 33225,
        "The interests of minority shareholders": -26,
        "Total Cost of profits": 369526,
        "Profit after tax corporate income": 1470050,
        "Volume": 833639686,
        "Close of Quarter": 69.5,
        "EPS": 4501.7,
        "Non-adjusted EPS": 7838,
        "PE": 8.9,
        "Book Price": 12.1
      }
    },
    {
      "quarter": "Q3 2013",
      "income status": {
        "Net sales": 8027718,
        "Cost of goods sold": 5092779,
        "Gross Profit": 2934939,
        "Financial expenses": 29728,
        "Of which: Interest expense": "N/A",
        "Cost of sales": 876131,
        "Enterprise cost management": 151061,
        "Total Operating Expenses": 1056920,
        "Total revenue financing activities": 133835,
        "Net profit from business activities": 2011855,
        "Profit": 27545,
        "Profit before tax": 2056208,
        "Present corporate income tax expenses": 381472,
        "Deferred income taxes expenses": -15733,
        "The interests of minority shareholders": "N/A",
        "Total Cost of profits": 365739,
        "Profit after tax corporate income": 1690469,
        "Volume": 833639686,
        "Close of Quarter": 72.2,
        "EPS": 4624.1,
        "Non-adjusted EPS": 8051,
        "PE": 9.0,
        "Book Price": 11.7
      }
    },
    {
      "quarter": "Q2 2013",
      "income status": {
        "Net sales": 8070453,
        "Cost of goods sold": 4948105,
        "Gross Profit": 3122348,
        "Financial expenses": 22645,
        "Of which: Interest expense": "N/A",
        "Cost of sales": 879033,
        "Enterprise cost management": 159278,
        "Total Operating Expenses": 1060956,
        "Total revenue financing activities": 129367,
        "Net profit from business activities": 2190759,
        "Profit": 49469,
        "Profit before tax": 2246551,
        "Present corporate income tax expenses": 440979,
        "Deferred income taxes expenses": -37205,
        "The interests of minority shareholders": "N/A",
        "Total Cost of profits": 403774,
        "Profit after tax corporate income": 1842776,
        "Volume": 833639686,
        "Close of Quarter": 66.7,
        "EPS": 4421.3,
        "Non-adjusted EPS": 7698,
        "PE": 8.7,
        "Book Price": 11.7
      }
    },
    {
      "quarter": "Q1 2013",
      "income status": {
        "Net sales": 6676399,
        "Cost of goods sold": 4220237,
        "Gross Profit": 2456162,
        "Financial expenses": 21078,
        "Of which: Interest expense": "N/A",
        "Cost of sales": 568460,
        "Enterprise cost management": 138236,
        "Total Operating Expenses": 727774,
        "Total revenue financing activities": 109820,
        "Net profit from business activities": 1838207,
        "Profit": 23772,
        "Profit before tax": 1867923,
        "Present corporate income tax expenses": 324671,
        "Deferred income taxes expenses": 12414,
        "The interests of minority shareholders": "N/A",
        "Total Cost of profits": 337085,
        "Profit after tax corporate income": 1530838,
        "Volume": 833639686,
        "Close of Quarter": 57.8,
        "EPS": 4188.7,
        "Non-adjusted EPS": 7293,
        "PE": 7.9,
        "Book Price": 11.6
      }
    },
    {
      "quarter": "Q4 2012",
      "income status": {
        "Net sales": 7055464,
        "Cost of goods sold": 4541491,
        "Gross Profit": 2513973,
        "Financial expenses": 31852,
        "Of which: Interest expense": "N/A",
        "Cost of sales": 700241,
        "Enterprise cost management": 137811,
        "Total Operating Expenses": 869904,
        "Total revenue financing activities": 109862,
        "Net profit from business activities": 1753931,
        "Profit": 138596,
        "Profit before tax": 1894402,
        "Present corporate income tax expenses": 252861,
        "Deferred income taxes expenses": -6407,
        "The interests of minority shareholders": "N/A",
        "Total Cost of profits": 246454,
        "Profit after tax corporate income": 1647948,
        "Volume": 555798644,
        "Close of Quarter": 43.9,
        "EPS": 4009.2,
        "Non-adjusted EPS": 10470,
        "PE": 4.2,
        "Book Price": 10.7
      }
    },
    {
      "quarter": "Q3 2012",
      "income status": {
        "Net sales": 6618841,
        "Cost of goods sold": 4277328,
        "Gross Profit": 2341514,
        "Financial expenses": 18640,
        "Of which: Interest expense": "N/A",
        "Cost of sales": 601584,
        "Enterprise cost management": 140311,
        "Total Operating Expenses": 760535,
        "Total revenue financing activities": 71602,
        "Net profit from business activities": 1652580,
        "Profit": 15663,
        "Profit before tax": 1665533,
        "Present corporate income tax expenses": 256582,
        "Deferred income taxes expenses": 13563,
        "The interests of minority shareholders": "N/A",
        "Total Cost of profits": 270145,
        "Profit after tax corporate income": 1395388,
        "Volume": 555798644,
        "Close of Quarter": 38.9,
        "EPS": 3591.8,
        "Non-adjusted EPS": 9380,
        "PE": 4.2,
        "Book Price": 9.7
      }
    },
    {
      "quarter": "Q2 2012",
      "income status": {
        "Net sales": 7010951,
        "Cost of goods sold": 4589449,
        "Gross Profit": 2421502,
        "Financial expenses": 13272,
        "Of which: Interest expense": 3024,
        "Cost of sales": 625532,
        "Enterprise cost management": 133772,
        "Total Operating Expenses": 772576,
        "Total revenue financing activities": 147739,
        "Net profit from business activities": 1796666,
        "Profit": 33070,
        "Profit before tax": 1829940,
        "Present corporate income tax expenses": 354622,
        "Deferred income taxes expenses": -30337,
        "The interests of minority shareholders": "N/A",
        "Total Cost of profits": 324285,
        "Profit after tax corporate income": 1505655,
        "Volume": 555798644,
        "Close of Quarter": 28.7,
        "EPS": 3362.5,
        "Non-adjusted EPS": 8781,
        "PE": 3.3,
        "Book Price": 9.5
      }
    },
    {
      "quarter": "Q1 2012",
      "income status": {
        "Net sales": 5876318,
        "Cost of goods sold": 4076563,
        "Gross Profit": 1799755,
        "Financial expenses": -12593,
        "Of which: Interest expense": "N/A",
        "Cost of sales": 418432,
        "Enterprise cost management": 113303,
        "Total Operating Expenses": 519142,
        "Total revenue financing activities": 146036,
        "Net profit from business activities": 1426649,
        "Profit": 99988,
        "Profit before tax": 1539792,
        "Present corporate income tax expenses": 273507,
        "Deferred income taxes expenses": -4179,
        "The interests of minority shareholders": "N/A",
        "Total Cost of profits": 269328,
        "Profit after tax corporate income": 1270464,
        "Volume": 555798644,
        "Close of Quarter": 29.4,
        "EPS": 3087.9,
        "Non-adjusted EPS": 8064,
        "PE": 3.6,
        "Book Price": 9.4
      }
    },
    {
      "quarter": "Q4 2011",
      "income status": {
        "Net sales": 5975058,
        "Cost of goods sold": 4271175,
        "Gross Profit": 1703883,
        "Financial expenses": 41652,
        "Of which: Interest expense": "N/A",
        "Cost of sales": 546107,
        "Enterprise cost management": 136732,
        "Total Operating Expenses": 724491,
        "Total revenue financing activities": 172242,
        "Net profit from business activities": 1151635,
        "Profit": 72727,
        "Profit before tax": 1226694,
        "Present corporate income tax expenses": 188652,
        "Deferred income taxes expenses": -3989,
        "The interests of minority shareholders": "N/A",
        "Total Cost of profits": 184663,
        "Profit after tax corporate income": 1042032,
        "Volume": 556003334,
        "Close of Quarter": 27.6,
        "EPS": 2906.3,
        "Non-adjusted EPS": 7587,
        "PE": 3.6,
        "Book Price": 8.6
      }
    },
    {
      "quarter": "Q3 2011",
      "income status": {
        "Net sales": 5696541,
        "Cost of goods sold": 4023539,
        "Gross Profit": 1673002,
        "Financial expenses": 22892,
        "Of which: Interest expense": "N/A",
        "Cost of sales": 504548,
        "Enterprise cost management": 119586,
        "Total Operating Expenses": 647026,
        "Total revenue financing activities": 176499,
        "Net profit from business activities": 1202475,
        "Profit": 62796,
        "Profit before tax": 1258021,
        "Present corporate income tax expenses": 201419,
        "Deferred income taxes expenses": -5891,
        "The interests of minority shareholders": "N/A",
        "Total Cost of profits": 195528,
        "Profit after tax corporate income": 1062493,
        "Volume": 370714130,
        "Close of Quarter": 26.6,
        "EPS": 2691.8,
        "Non-adjusted EPS": 10539,
        "PE": 2.5,
        "Book Price": 7.9
      }
    },
    {
      "quarter": "Q2 2011",
      "income status": {
        "Net sales": 5420401,
        "Cost of goods sold": 3718548,
        "Gross Profit": 1701853,
        "Financial expenses": 82395,
        "Of which: Interest expense": "N/A",
        "Cost of sales": 418831,
        "Enterprise cost management": 113847,
        "Total Operating Expenses": 615073,
        "Total revenue financing activities": 198208,
        "Net profit from business activities": 1284988,
        "Profit": 26625,
        "Profit before tax": 1308216,
        "Present corporate income tax expenses": 207679,
        "Deferred income taxes expenses": -6666,
        "The interests of minority shareholders": "N/A",
        "Total Cost of profits": 201013,
        "Profit after tax corporate income": 1107203,
        "Volume": 356466750,
        "Close of Quarter": 22.9,
        "EPS": 2743.0,
        "Non-adjusted EPS": 11169,
        "PE": 2.1,
        "Book Price": 7.8
      }
    },
    {
      "quarter": "Q1 2011",
      "income status": {
        "Net sales": 4535428,
        "Cost of goods sold": 3026043,
        "Gross Profit": 1509386,
        "Financial expenses": 99491,
        "Of which: Interest expense": "N/A",
        "Cost of sales": 342429,
        "Enterprise cost management": 89266,
        "Total Operating Expenses": 531186,
        "Total revenue financing activities": 133282,
        "Net profit from business activities": 1111482,
        "Profit": 75078,
        "Profit before tax": 1186061,
        "Present corporate income tax expenses": 180839,
        "Deferred income taxes expenses": -1232,
        "The interests of minority shareholders": "N/A",
        "Total Cost of profits": 179607,
        "Profit after tax corporate income": 1006454,
        "Volume": 353006100,
        "Close of Quarter": 19.3,
        "EPS": 2621.6,
        "Non-adjusted EPS": 10779,
        "PE": 1.8,
        "Book Price": 6.1
      }
    },
    {
      "quarter": "Q4 2010",
      "income status": {
        "Net sales": 4139979,
        "Cost of goods sold": 2867631,
        "Gross Profit": 1272348,
        "Financial expenses": 59875,
        "Of which: Interest expense": "N/A",
        "Cost of sales": 456974,
        "Enterprise cost management": 138790,
        "Total Operating Expenses": 655639,
        "Total revenue financing activities": 123681,
        "Net profit from business activities": 740390,
        "Profit": 99206,
        "Profit before tax": 839226,
        "Present corporate income tax expenses": 108944,
        "Deferred income taxes expenses": -623,
        "The interests of minority shareholders": "N/A",
        "Total Cost of profits": 108321,
        "Profit after tax corporate income": 730905,
        "Volume": 351199280,
        "Close of Quarter": 18.0,
        "EPS": 2491.5,
        "Non-adjusted EPS": 10297,
        "PE": 1.8,
        "Book Price": 5.5
      }
    },
    {
      "quarter": "Q3 2010",
      "income status": {
        "Net sales": 4376025,
        "Cost of goods sold": 2979641,
        "Gross Profit": 1396384,
        "Financial expenses": 51797,
        "Of which: Interest expense": "N/A",
        "Cost of sales": 405785,
        "Enterprise cost management": 91981,
        "Total Operating Expenses": 549563,
        "Total revenue financing activities": 110719,
        "Net profit from business activities": 957540,
        "Profit": 400722,
        "Profit before tax": 1358107,
        "Present corporate income tax expenses": 228510,
        "Deferred income taxes expenses": -7119,
        "The interests of minority shareholders": "N/A",
        "Total Cost of profits": 221391,
        "Profit after tax corporate income": 1136715,
        "Volume": 351228150,
        "Close of Quarter": 18.6,
        "EPS": 2401.5,
        "Non-adjusted EPS": 9924,
        "PE": 1.9,
        "Book Price": 5.0
      }
    },
    {
      "quarter": "Q2 2010",
      "income status": {
        "Net sales": 3986854,
        "Cost of goods sold": 2621720,
        "Gross Profit": 1365134,
        "Financial expenses": 35589,
        "Of which: Interest expense": "N/A",
        "Cost of sales": 333139,
        "Enterprise cost management": 84689,
        "Total Operating Expenses": 453417,
        "Total revenue financing activities": 123066,
        "Net profit from business activities": 1034782,
        "Profit": 50664,
        "Profit before tax": 1085738,
        "Present corporate income tax expenses": 162946,
        "Deferred income taxes expenses": -8285,
        "The interests of minority shareholders": 136,
        "Total Cost of profits": 154797,
        "Profit after tax corporate income": 930941,
        "Volume": 351228150,
        "Close of Quarter": 18.3,
        "EPS": 2121.7,
        "Non-adjusted EPS": 8768,
        "PE": 2.1,
        "Book Price": 5.1
      }
    },
    {
      "quarter": "Q1 2010",
      "income status": {
        "Net sales": 3250119,
        "Cost of goods sold": 2110328,
        "Gross Profit": 1139791,
        "Financial expenses": 5937,
        "Of which: Interest expense": "N/A",
        "Cost of sales": 242288,
        "Enterprise cost management": 72687,
        "Total Operating Expenses": 320912,
        "Total revenue financing activities": 91065,
        "Net profit from business activities": 909944,
        "Profit": 58194,
        "Profit before tax": 968138,
        "Present corporate income tax expenses": 144659,
        "Deferred income taxes expenses": 6683,
        "The interests of minority shareholders": -829,
        "Total Cost of profits": 150513,
        "Profit after tax corporate income": 817625,
        "Volume": 351228150,
        "Close of Quarter": 17.0,
        "EPS": 1862.3,
        "Non-adjusted EPS": 7696,
        "PE": 2.2,
        "Book Price": 4.7
      }
    },
    {
      "quarter": "Q4 2009",
      "income status": {
        "Net sales": 2872291,
        "Cost of goods sold": 1810065,
        "Gross Profit": 1062226,
        "Financial expenses": 52104,
        "Of which: Interest expense": "N/A",
        "Cost of sales": 383165,
        "Enterprise cost management": 91069,
        "Total Operating Expenses": 526338,
        "Total revenue financing activities": 113649,
        "Net profit from business activities": 649536,
        "Profit": 62310,
        "Profit before tax": 711846,
        "Present corporate income tax expenses": 96158,
        "Deferred income taxes expenses": 15550,
        "The interests of minority shareholders": -185,
        "Total Cost of profits": 111523,
        "Profit after tax corporate income": 600323,
        "Volume": 351228150,
        "Close of Quarter": 14.9,
        "EPS": 1633.4,
        "Non-adjusted EPS": 6750,
        "PE": 2.2,
        "Book Price": 4.6
      }
    },
    {
      "quarter": "Q3 2009",
      "income status": {
        "Net sales": 2997653,
        "Cost of goods sold": 1857004,
        "Gross Profit": 1140649,
        "Financial expenses": -27727,
        "Of which: Interest expense": "N/A",
        "Cost of sales": 333524,
        "Enterprise cost management": 72455,
        "Total Operating Expenses": 378252,
        "Total revenue financing activities": 77091,
        "Net profit from business activities": 839488,
        "Profit": 27547,
        "Profit before tax": 867035,
        "Present corporate income tax expenses": 135212,
        "Deferred income taxes expenses": 1524,
        "The interests of minority shareholders": -337,
        "Total Cost of profits": 136399,
        "Profit after tax corporate income": 730636,
        "Volume": 175624990,
        "Close of Quarter": 17.8,
        "EPS": 1363.1,
        "Non-adjusted EPS": 11265,
        "PE": 1.6,
        "Book Price": 4.2
      }
    },
    {
      "quarter": "Q2 2009",
      "income status": {
        "Net sales": 2675245,
        "Cost of goods sold": 1670178,
        "Gross Profit": 1005067,
        "Financial expenses": 115792,
        "Of which: Interest expense": "N/A",
        "Cost of sales": 311896,
        "Enterprise cost management": 69558,
        "Total Operating Expenses": 497246,
        "Total revenue financing activities": 49949,
        "Net profit from business activities": 557770,
        "Profit": 25664,
        "Profit before tax": 583434,
        "Present corporate income tax expenses": 18944,
        "Deferred income taxes expenses": "N/A",
        "The interests of minority shareholders": 9862,
        "Total Cost of profits": 28806,
        "Profit after tax corporate income": 554628,
        "Volume": 175297500,
        "Close of Quarter": 9.0,
        "EPS": 1090.6,
        "Non-adjusted EPS": 9030,
        "PE": 1.0,
        "Book Price": 3.9
      }
    },
    {
      "quarter": "Q1 2009",
      "income status": {
        "Net sales": 2068581,
        "Cost of goods sold": 1397814,
        "Gross Profit": 670767,
        "Financial expenses": 35452,
        "Of which: Interest expense": 1576,
        "Cost of sales": 216890,
        "Enterprise cost management": 59860,
        "Total Operating Expenses": 312202,
        "Total revenue financing activities": 80967,
        "Net profit from business activities": 439532,
        "Profit": 20437,
        "Profit before tax": 573327,
        "Present corporate income tax expenses": 104700,
        "Deferred income taxes expenses": -16798,
        "The interests of minority shareholders": 242,
        "Total Cost of profits": 88144,
        "Profit after tax corporate income": 485183,
        "Volume": 175297500,
        "Close of Quarter": 7.6,
        "EPS": 976.5,
        "Non-adjusted EPS": 8085,
        "PE": 0.9,
        "Book Price": 3.6
      }
    },
    {
      "quarter": "Q4 2008",
      "income status": {
        "Net sales": 2252114,
        "Cost of goods sold": 1592738,
        "Gross Profit": 659376,
        "Financial expenses": 26474,
        "Of which: Interest expense": "N/A",
        "Cost of sales": 339949,
        "Enterprise cost management": 115600,
        "Total Operating Expenses": 482023,
        "Total revenue financing activities": 47963,
        "Net profit from business activities": 225316,
        "Profit": 38467,
        "Profit before tax": 238185,
        "Present corporate income tax expenses": 26515,
        "Deferred income taxes expenses": "N/A",
        "The interests of minority shareholders": 3638,
        "Total Cost of profits": 30153,
        "Profit after tax corporate income": 208032,
        "Volume": 175297500,
        "Close of Quarter": 8.1,
        "EPS": 855.2,
        "Non-adjusted EPS": 7081,
        "PE": 1.1,
        "Book Price": 3.1
      }
    },
    {
      "quarter": "Q3 2008",
      "income status": {
        "Net sales": 2114610,
        "Cost of goods sold": 1424116,
        "Gross Profit": 690494,
        "Financial expenses": 23145,
        "Of which: Interest expense": "N/A",
        "Cost of sales": 291823,
        "Enterprise cost management": 58082,
        "Total Operating Expenses": 373050,
        "Total revenue financing activities": 37126,
        "Net profit from business activities": 354570,
        "Profit": 30746,
        "Profit before tax": 371923,
        "Present corporate income tax expenses": 43444,
        "Deferred income taxes expenses": -8744,
        "The interests of minority shareholders": 2129,
        "Total Cost of profits": 36829,
        "Profit after tax corporate income": 335094,
        "Volume": 175297500,
        "Close of Quarter": 8.6,
        "EPS": 857.9,
        "Non-adjusted EPS": 7103,
        "PE": 1.2,
        "Book Price": 3.4
      }
    },
    {
      "quarter": "Q2 2008",
      "income status": {
        "Net sales": 2063688,
        "Cost of goods sold": 1331886,
        "Gross Profit": 731802,
        "Financial expenses": 50585,
        "Of which: Interest expense": "N/A",
        "Cost of sales": 233678,
        "Enterprise cost management": 58138,
        "Total Operating Expenses": 342401,
        "Total revenue financing activities": 50252,
        "Net profit from business activities": 439653,
        "Profit": 12926,
        "Profit before tax": 431157,
        "Present corporate income tax expenses": 42229,
        "Deferred income taxes expenses": "N/A",
        "The interests of minority shareholders": -17,
        "Total Cost of profits": 42212,
        "Profit after tax corporate income": 388945,
        "Volume": 175297500,
        "Close of Quarter": 10.0,
        "EPS": 753.5,
        "Non-adjusted EPS": 6239,
        "PE": 1.6,
        "Book Price": 3.3
      }
    },
    {
      "quarter": "Q1 2008",
      "income status": {
        "Net sales": 1808133,
        "Cost of goods sold": 1254320,
        "Gross Profit": 553812,
        "Financial expenses": 87273,
        "Of which: Interest expense": "N/A",
        "Cost of sales": 203674,
        "Enterprise cost management": 57936,
        "Total Operating Expenses": 348883,
        "Total revenue financing activities": 129499,
        "Net profit from business activities": 334427,
        "Profit": 23973,
        "Profit before tax": 344864,
        "Present corporate income tax expenses": 36036,
        "Deferred income taxes expenses": "N/A",
        "The interests of minority shareholders": -372,
        "Total Cost of profits": 35664,
        "Profit after tax corporate income": 309199,
        "Volume": 175297500,
        "Close of Quarter": 10.2,
        "EPS": 656.7,
        "Non-adjusted EPS": 5437,
        "PE": 1.9,
        "Book Price": 3.2
      }
    },
    {
      "quarter": "Q4 2007",
      "income status": {
        "Net sales": 1870471,
        "Cost of goods sold": 1369611,
        "Gross Profit": 500859,
        "Financial expenses": 15984,
        "Of which: Interest expense": "N/A",
        "Cost of sales": 263100,
        "Enterprise cost management": 64283,
        "Total Operating Expenses": 343367,
        "Total revenue financing activities": 36075,
        "Net profit from business activities": 193568,
        "Profit": 10308,
        "Profit before tax": 203875,
        "Present corporate income tax expenses": -8017,
        "Deferred income taxes expenses": "N/A",
        "The interests of minority shareholders": "N/A",
        "Total Cost of profits": -8017,
        "Profit after tax corporate income": 211892,
        "Volume": 175297500,
        "Close of Quarter": 15.5,
        "EPS": 666.3,
        "Non-adjusted EPS": 5517,
        "PE": 2.8,
        "Book Price": 3.0
      }
    },
    {
      "quarter": "Q3 2007",
      "income status": {
        "Net sales": 1837269,
        "Cost of goods sold": 1345075,
        "Gross Profit": 492194,
        "Financial expenses": 21811,
        "Of which: Interest expense": 3151,
        "Cost of sales": 269655,
        "Enterprise cost management": 52944,
        "Total Operating Expenses": 344410,
        "Total revenue financing activities": 24953,
        "Net profit from business activities": 172736,
        "Profit": 10906,
        "Profit before tax": 183642,
        "Present corporate income tax expenses": "N/A",
        "Deferred income taxes expenses": "N/A",
        "The interests of minority shareholders": "N/A",
        "Total Cost of profits": 0,
        "Profit after tax corporate income": 183642,
        "Volume": 175297500,
        "Close of Quarter": 17.0,
        "EPS": 632.6,
        "Non-adjusted EPS": 5238,
        "PE": 3.2,
        "Book Price": 2.9
      }
    },
    {
      "quarter": "Q2 2007",
      "income status": {
        "Net sales": 1733971,
        "Cost of goods sold": 1251502,
        "Gross Profit": 482469,
        "Financial expenses": 17745,
        "Of which: Interest expense": 1547,
        "Cost of sales": 231071,
        "Enterprise cost management": 47207,
        "Total Operating Expenses": 296023,
        "Total revenue financing activities": 34254,
        "Net profit from business activities": 220699,
        "Profit": 27667,
        "Profit before tax": 248366,
        "Present corporate income tax expenses": "N/A",
        "Deferred income taxes expenses": "N/A",
        "The interests of minority shareholders": "N/A",
        "Total Cost of profits": 0,
        "Profit after tax corporate income": 248366,
        "Volume": 175297500,
        "Close of Quarter": 16.8,
        "EPS": 609.4,
        "Non-adjusted EPS": 5046,
        "PE": 3.3,
        "Book Price": 2.7
      }
    },
    {
      "quarter": "Q1 2007",
      "income status": {
        "Net sales": 1380154,
        "Cost of goods sold": 989490,
        "Gross Profit": 390665,
        "Financial expenses": 13936,
        "Of which: Interest expense": 1544,
        "Cost of sales": 210404,
        "Enterprise cost management": 55559,
        "Total Operating Expenses": 279899,
        "Total revenue financing activities": 162387,
        "Net profit from business activities": 273153,
        "Profit": 50039,
        "Profit before tax": 323192,
        "Present corporate income tax expenses": "N/A",
        "Deferred income taxes expenses": "N/A",
        "The interests of minority shareholders": "N/A",
        "Total Cost of profits": 0,
        "Profit after tax corporate income": 323192,
        "Volume": 166950000,
        "Close of Quarter": 17.0,
        "EPS": 593.5,
        "Non-adjusted EPS": 5160,
        "PE": 3.3,
        "Book Price": 2.7
      }
    },
    {
      "quarter": "Q4 2006",
      "income status": {
        "Net sales": 1876865,
        "Cost of goods sold": 1520005,
        "Gross Profit": 356860,
        "Financial expenses": 721,
        "Of which: Interest expense": "N/A",
        "Cost of sales": 278595,
        "Enterprise cost management": 34905,
        "Total Operating Expenses": 314221,
        "Total revenue financing activities": 14568,
        "Net profit from business activities": 57207,
        "Profit": 105729,
        "Profit before tax": 162936,
        "Present corporate income tax expenses": "N/A",
        "Deferred income taxes expenses": "N/A",
        "The interests of minority shareholders": "N/A",
        "Total Cost of profits": 0,
        "Profit after tax corporate income": 162936,
        "Volume": 159000000,
        "Close of Quarter": 11.0,
        "EPS": 505.1,
        "Non-adjusted EPS": 4611,
        "PE": 2.4,
        "Book Price": 1.9
      }
    },
    {
      "quarter": "Q3 2006",
      "income status": {
        "Net sales": 1920872,
        "Cost of goods sold": 1448727,
        "Gross Profit": 472145,
        "Financial expenses": 22471,
        "Of which: Interest expense": "N/A",
        "Cost of sales": 271838,
        "Enterprise cost management": 32488,
        "Total Operating Expenses": 326797,
        "Total revenue financing activities": 4786,
        "Net profit from business activities": 150135,
        "Profit": 6,
        "Profit before tax": 150141,
        "Present corporate income tax expenses": "N/A",
        "Deferred income taxes expenses": "N/A",
        "The interests of minority shareholders": "N/A",
        "Total Cost of profits": 0,
        "Profit after tax corporate income": 150141,
        "Volume": 159000000,
        "Close of Quarter": 7.3,
        "EPS": 392.9,
        "Non-adjusted EPS": 3587,
        "PE": 2.0,
        "Book Price": 1.8
      }
    },
    {
      "quarter": "Q2 2006",
      "income status": {
        "Net sales": 1536649,
        "Cost of goods sold": 1096113,
        "Gross Profit": 440536,
        "Financial expenses": 4244,
        "Of which: Interest expense": 2669,
        "Cost of sales": 196448,
        "Enterprise cost management": 24668,
        "Total Operating Expenses": 225360,
        "Total revenue financing activities": 11111,
        "Net profit from business activities": 226287,
        "Profit": 1785,
        "Profit before tax": 228072,
        "Present corporate income tax expenses": "N/A",
        "Deferred income taxes expenses": 2884,
        "The interests of minority shareholders": "N/A",
        "Total Cost of profits": 2884,
        "Profit after tax corporate income": 225188,
        "Volume": 159000000,
        "Close of Quarter": 7.1,
        "EPS": 289.4,
        "Non-adjusted EPS": 2642,
        "PE": 2.7,
        "Book Price": 1.7
      }
    },
    {
      "quarter": "Q1 2006",
      "income status": {
        "Net sales": 1284717,
        "Cost of goods sold": 947787,
        "Gross Profit": 336930,
        "Financial expenses": 12566,
        "Of which: Interest expense": 576,
        "Cost of sales": 157971,
        "Enterprise cost management": 20827,
        "Total Operating Expenses": 191364,
        "Total revenue financing activities": 45427,
        "Net profit from business activities": 190992,
        "Profit": 3968,
        "Profit before tax": 194960,
        "Present corporate income tax expenses": "N/A",
        "Deferred income taxes expenses": "N/A",
        "The interests of minority shareholders": "N/A",
        "Total Cost of profits": 0,
        "Profit after tax corporate income": 194960,
        "Volume": 159000000,
        "Close of Quarter": 7.0,
        "EPS": 134.3,
        "Non-adjusted EPS": 1226,
        "PE": 5.7,
        "Book Price": 1.7
      }
    }
  ]
}