{
  "ticker": "UIC",
  "data": [
    {
      "quarter": "Q1 2017",
      "income status": {
        "Net sales": 497047,
        "Cost of goods sold": 481012,
        "Gross Profit": 16035,
        "Financial expenses": 85,
        "Of which: Interest expense": 85,
        "Cost of sales": 159,
        "Enterprise cost management": -15471,
        "Total Operating Expenses": -15227,
        "Total revenue financing activities": 308,
        "Net profit from business activities": 31570,
        "Profit": "N/A",
        "Profit before tax": 31570,
        "Present corporate income tax expenses": 6314,
        "Deferred income taxes expenses": "N/A",
        "The interests of minority shareholders": "N/A",
        "Total Cost of profits": 6314,
        "Profit after tax corporate income": 25256,
        "Volume": 8000000,
        "Close of Quarter": 29.9,
        "EPS": 7495,
        "Non-adjusted EPS": 7495,
        "PE": 4.0,
        "Book Price": 29.1
      }
    },
    {
      "quarter": "Q4 2016",
      "income status": {
        "Net sales": 583382,
        "Cost of goods sold": 564849,
        "Gross Profit": 18533,
        "Financial expenses": 47,
        "Of which: Interest expense": 47,
        "Cost of sales": 185,
        "Enterprise cost management": 2737,
        "Total Operating Expenses": 2969,
        "Total revenue financing activities": 387,
        "Net profit from business activities": 15951,
        "Profit": 261,
        "Profit before tax": 16211,
        "Present corporate income tax expenses": 3204,
        "Deferred income taxes expenses": "N/A",
        "The interests of minority shareholders": "N/A",
        "Total Cost of profits": 3204,
        "Profit after tax corporate income": 13008,
        "Volume": 8000000,
        "Close of Quarter": 27.2,
        "EPS": 5426,
        "Non-adjusted EPS": 5426,
        "PE": 5.0,
        "Book Price": 27.5
      }
    },
    {
      "quarter": "Q3 2016",
      "income status": {
        "Net sales": 570062,
        "Cost of goods sold": 555140,
        "Gross Profit": 14922,
        "Financial expenses": 70,
        "Of which: Interest expense": 70,
        "Cost of sales": 135,
        "Enterprise cost management": 1967,
        "Total Operating Expenses": 2172,
        "Total revenue financing activities": 3803,
        "Net profit from business activities": 16553,
        "Profit": 8,
        "Profit before tax": 16561,
        "Present corporate income tax expenses": 2643,
        "Deferred income taxes expenses": "N/A",
        "The interests of minority shareholders": "N/A",
        "Total Cost of profits": 2643,
        "Profit after tax corporate income": 13918,
        "Volume": 8000000,
        "Close of Quarter": 25.1,
        "EPS": 4217,
        "Non-adjusted EPS": 4217,
        "PE": 6.0,
        "Book Price": 25.8
      }
    },
    {
      "quarter": "Q2 2016",
      "income status": {
        "Net sales": 610562,
        "Cost of goods sold": 598309,
        "Gross Profit": 12253,
        "Financial expenses": 371,
        "Of which: Interest expense": 229,
        "Cost of sales": 120,
        "Enterprise cost management": 2850,
        "Total Operating Expenses": 3341,
        "Total revenue financing activities": 519,
        "Net profit from business activities": 9431,
        "Profit": 4,
        "Profit before tax": 9435,
        "Present corporate income tax expenses": 1661,
        "Deferred income taxes expenses": "N/A",
        "The interests of minority shareholders": "N/A",
        "Total Cost of profits": 1661,
        "Profit after tax corporate income": 7774,
        "Volume": 8000000,
        "Close of Quarter": 23.3,
        "EPS": 3577,
        "Non-adjusted EPS": 3577,
        "PE": 6.5,
        "Book Price": 24.1
      }
    },
    {
      "quarter": "Q1 2016",
      "income status": {
        "Net sales": 469435,
        "Cost of goods sold": 454801,
        "Gross Profit": 14634,
        "Financial expenses": 186,
        "Of which: Interest expense": 186,
        "Cost of sales": 119,
        "Enterprise cost management": 3596,
        "Total Operating Expenses": 3901,
        "Total revenue financing activities": 259,
        "Net profit from business activities": 10993,
        "Profit": 118,
        "Profit before tax": 11110,
        "Present corporate income tax expenses": 2405,
        "Deferred income taxes expenses": "N/A",
        "The interests of minority shareholders": "N/A",
        "Total Cost of profits": 2405,
        "Profit after tax corporate income": 8705,
        "Volume": 8000000,
        "Close of Quarter": 18.0,
        "EPS": 3500,
        "Non-adjusted EPS": 3500,
        "PE": 5.1,
        "Book Price": 25.3
      }
    },
    {
      "quarter": "Q4 2015",
      "income status": {
        "Net sales": 526481,
        "Cost of goods sold": 512867,
        "Gross Profit": 13614,
        "Financial expenses": 309,
        "Of which: Interest expense": 167,
        "Cost of sales": 122,
        "Enterprise cost management": 11057,
        "Total Operating Expenses": 11488,
        "Total revenue financing activities": 225,
        "Net profit from business activities": 2350,
        "Profit": 1625,
        "Profit before tax": 3975,
        "Present corporate income tax expenses": 636,
        "Deferred income taxes expenses": "N/A",
        "The interests of minority shareholders": "N/A",
        "Total Cost of profits": 636,
        "Profit after tax corporate income": 3340,
        "Volume": 8000000,
        "Close of Quarter": 18.1,
        "EPS": 3584,
        "Non-adjusted EPS": 3584,
        "PE": 5.1,
        "Book Price": 24.2
      }
    },
    {
      "quarter": "Q3 2015",
      "income status": {
        "Net sales": 500280,
        "Cost of goods sold": 486927,
        "Gross Profit": 13352,
        "Financial expenses": 194,
        "Of which: Interest expense": 194,
        "Cost of sales": 117,
        "Enterprise cost management": 3111,
        "Total Operating Expenses": 3422,
        "Total revenue financing activities": 710,
        "Net profit from business activities": 10639,
        "Profit": 610,
        "Profit before tax": 11249,
        "Present corporate income tax expenses": 2455,
        "Deferred income taxes expenses": "N/A",
        "The interests of minority shareholders": "N/A",
        "Total Cost of profits": 2455,
        "Profit after tax corporate income": 8794,
        "Volume": 8000000,
        "Close of Quarter": 15.8,
        "EPS": 3985,
        "Non-adjusted EPS": 3985,
        "PE": 4.0,
        "Book Price": 23.7
      }
    },
    {
      "quarter": "Q2 2015",
      "income status": {
        "Net sales": 507562,
        "Cost of goods sold": 491017,
        "Gross Profit": 16545,
        "Financial expenses": 346,
        "Of which: Interest expense": 156,
        "Cost of sales": 121,
        "Enterprise cost management": 12309,
        "Total Operating Expenses": 12776,
        "Total revenue financing activities": 4101,
        "Net profit from business activities": 7869,
        "Profit": 314,
        "Profit before tax": 8183,
        "Present corporate income tax expenses": 1020,
        "Deferred income taxes expenses": "N/A",
        "The interests of minority shareholders": "N/A",
        "Total Cost of profits": 1020,
        "Profit after tax corporate income": 7163,
        "Volume": 8000000,
        "Close of Quarter": 15.8,
        "EPS": 3622,
        "Non-adjusted EPS": 3622,
        "PE": 4.4,
        "Book Price": 22.6
      }
    },
    {
      "quarter": "Q1 2015",
      "income status": {
        "Net sales": 410855,
        "Cost of goods sold": 398002,
        "Gross Profit": 12853,
        "Financial expenses": 328,
        "Of which: Interest expense": 328,
        "Cost of sales": 121,
        "Enterprise cost management": 3121,
        "Total Operating Expenses": 3570,
        "Total revenue financing activities": 113,
        "Net profit from business activities": 9397,
        "Profit": 2711,
        "Profit before tax": 12108,
        "Present corporate income tax expenses": 2735,
        "Deferred income taxes expenses": "N/A",
        "The interests of minority shareholders": "N/A",
        "Total Cost of profits": 2735,
        "Profit after tax corporate income": 9373,
        "Volume": 8000000,
        "Close of Quarter": 14.9,
        "EPS": 3716,
        "Non-adjusted EPS": 3716,
        "PE": 4,
        "Book Price": 23.9
      }
    },
    {
      "quarter": "Q4 2014",
      "income status": {
        "Net sales": 452627,
        "Cost of goods sold": 450665,
        "Gross Profit": 1962,
        "Financial expenses": -2831,
        "Of which: Interest expense": 1915,
        "Cost of sales": 131,
        "Enterprise cost management": 1640,
        "Total Operating Expenses": -1060,
        "Total revenue financing activities": 63,
        "Net profit from business activities": 3085,
        "Profit": 5186,
        "Profit before tax": 8271,
        "Present corporate income tax expenses": 1719,
        "Deferred income taxes expenses": "N/A",
        "The interests of minority shareholders": "N/A",
        "Total Cost of profits": 1719,
        "Profit after tax corporate income": 6553,
        "Volume": 8000000,
        "Close of Quarter": 13.7,
        "EPS": 3232,
        "Non-adjusted EPS": 3232,
        "PE": 4.3,
        "Book Price": 22.6
      }
    },
    {
      "quarter": "Q3 2014",
      "income status": {
        "Net sales": 458260,
        "Cost of goods sold": 447163,
        "Gross Profit": 11097,
        "Financial expenses": 1011,
        "Of which: Interest expense": 1011,
        "Cost of sales": 115,
        "Enterprise cost management": 2761,
        "Total Operating Expenses": 3887,
        "Total revenue financing activities": 380,
        "Net profit from business activities": 7589,
        "Profit": -208,
        "Profit before tax": 7381,
        "Present corporate income tax expenses": 1494,
        "Deferred income taxes expenses": "N/A",
        "The interests of minority shareholders": "N/A",
        "Total Cost of profits": 1494,
        "Profit after tax corporate income": 5887,
        "Volume": 8000000,
        "Close of Quarter": 13.7,
        "EPS": 3608,
        "Non-adjusted EPS": 3608,
        "PE": 3.8,
        "Book Price": 21.8
      }
    },
    {
      "quarter": "Q2 2014",
      "income status": {
        "Net sales": 429074,
        "Cost of goods sold": 416085,
        "Gross Profit": 12989,
        "Financial expenses": 1044,
        "Of which: Interest expense": 639,
        "Cost of sales": 127,
        "Enterprise cost management": 3180,
        "Total Operating Expenses": 4351,
        "Total revenue financing activities": 855,
        "Net profit from business activities": 9493,
        "Profit": -3,
        "Profit before tax": 9490,
        "Present corporate income tax expenses": 1575,
        "Deferred income taxes expenses": "N/A",
        "The interests of minority shareholders": "N/A",
        "Total Cost of profits": 1575,
        "Profit after tax corporate income": 7915,
        "Volume": 8000000,
        "Close of Quarter": 11.5,
        "EPS": 3685,
        "Non-adjusted EPS": 3685,
        "PE": 3.1,
        "Book Price": 21
      }
    },
    {
      "quarter": "Q1 2014",
      "income status": {
        "Net sales": 362707,
        "Cost of goods sold": 353883,
        "Gross Profit": 8825,
        "Financial expenses": 1112,
        "Of which: Interest expense": 1112,
        "Cost of sales": 114,
        "Enterprise cost management": 3001,
        "Total Operating Expenses": 4227,
        "Total revenue financing activities": 1383,
        "Net profit from business activities": 5981,
        "Profit": 916,
        "Profit before tax": 6897,
        "Present corporate income tax expenses": 1399,
        "Deferred income taxes expenses": "N/A",
        "The interests of minority shareholders": "N/A",
        "Total Cost of profits": 1399,
        "Profit after tax corporate income": 5498,
        "Volume": 8000000,
        "Close of Quarter": 12.2,
        "EPS": 3362,
        "Non-adjusted EPS": 3362,
        "PE": 3.6,
        "Book Price": 22.2
      }
    },
    {
      "quarter": "Q4 2013",
      "income status": {
        "Net sales": 442064,
        "Cost of goods sold": 445073,
        "Gross Profit": -3009,
        "Financial expenses": -3732,
        "Of which: Interest expense": 1424,
        "Cost of sales": 126,
        "Enterprise cost management": 2985,
        "Total Operating Expenses": -621,
        "Total revenue financing activities": 15001,
        "Net profit from business activities": 12613,
        "Profit": -132,
        "Profit before tax": 12481,
        "Present corporate income tax expenses": 2915,
        "Deferred income taxes expenses": "N/A",
        "The interests of minority shareholders": "N/A",
        "Total Cost of profits": 2915,
        "Profit after tax corporate income": 9565,
        "Volume": 8000000,
        "Close of Quarter": 9.3,
        "EPS": 3171,
        "Non-adjusted EPS": 3171,
        "PE": 2.9,
        "Book Price": 21.4
      }
    },
    {
      "quarter": "Q3 2013",
      "income status": {
        "Net sales": 416625,
        "Cost of goods sold": 403344,
        "Gross Profit": 13281,
        "Financial expenses": 1928,
        "Of which: Interest expense": 1928,
        "Cost of sales": 348,
        "Enterprise cost management": 2964,
        "Total Operating Expenses": 5240,
        "Total revenue financing activities": 84,
        "Net profit from business activities": 8125,
        "Profit": 138,
        "Profit before tax": 8263,
        "Present corporate income tax expenses": 1760,
        "Deferred income taxes expenses": "N/A",
        "The interests of minority shareholders": "N/A",
        "Total Cost of profits": 1760,
        "Profit after tax corporate income": 6503,
        "Volume": 8000000,
        "Close of Quarter": 7.3,
        "EPS": 2328,
        "Non-adjusted EPS": 2328,
        "PE": 3.2,
        "Book Price": 19.4
      }
    },
    {
      "quarter": "Q2 2013",
      "income status": {
        "Net sales": 392641,
        "Cost of goods sold": 379373,
        "Gross Profit": 13268,
        "Financial expenses": 3059,
        "Of which: Interest expense": 2216,
        "Cost of sales": 110,
        "Enterprise cost management": 3391,
        "Total Operating Expenses": 6560,
        "Total revenue financing activities": 174,
        "Net profit from business activities": 6882,
        "Profit": -11,
        "Profit before tax": 6872,
        "Present corporate income tax expenses": 1539,
        "Deferred income taxes expenses": "N/A",
        "The interests of minority shareholders": "N/A",
        "Total Cost of profits": 1539,
        "Profit after tax corporate income": 5333,
        "Volume": 8000000,
        "Close of Quarter": 7.6,
        "EPS": 2403,
        "Non-adjusted EPS": 2403,
        "PE": 3.2,
        "Book Price": 18.6
      }
    },
    {
      "quarter": "Q1 2013",
      "income status": {
        "Net sales": 344360,
        "Cost of goods sold": 334462,
        "Gross Profit": 9898,
        "Financial expenses": 2758,
        "Of which: Interest expense": 2758,
        "Cost of sales": "N/A",
        "Enterprise cost management": 2605,
        "Total Operating Expenses": 5363,
        "Total revenue financing activities": 167,
        "Net profit from business activities": 4702,
        "Profit": 336,
        "Profit before tax": 5038,
        "Present corporate income tax expenses": 1070,
        "Deferred income taxes expenses": "N/A",
        "The interests of minority shareholders": "N/A",
        "Total Cost of profits": 1070,
        "Profit after tax corporate income": 3968,
        "Volume": 8000000,
        "Close of Quarter": 7.1,
        "EPS": 2478,
        "Non-adjusted EPS": 2478,
        "PE": 2.9,
        "Book Price": 19.9
      }
    },
    {
      "quarter": "Q4 2012",
      "income status": {
        "Net sales": 425005,
        "Cost of goods sold": 415658,
        "Gross Profit": 9347,
        "Financial expenses": 2893,
        "Of which: Interest expense": 2893,
        "Cost of sales": 171,
        "Enterprise cost management": 6595,
        "Total Operating Expenses": 9659,
        "Total revenue financing activities": 2088,
        "Net profit from business activities": 1777,
        "Profit": 396,
        "Profit before tax": 2173,
        "Present corporate income tax expenses": -646,
        "Deferred income taxes expenses": "N/A",
        "The interests of minority shareholders": "N/A",
        "Total Cost of profits": -646,
        "Profit after tax corporate income": 2819,
        "Volume": 8000000,
        "Close of Quarter": 6.0,
        "EPS": 2678,
        "Non-adjusted EPS": 2678,
        "PE": 2.2,
        "Book Price": 19.5
      }
    },
    {
      "quarter": "Q3 2012",
      "income status": {
        "Net sales": 387027,
        "Cost of goods sold": 374814,
        "Gross Profit": 12213,
        "Financial expenses": 4334,
        "Of which: Interest expense": 4334,
        "Cost of sales": "N/A",
        "Enterprise cost management": 2594,
        "Total Operating Expenses": 6928,
        "Total revenue financing activities": 1823,
        "Net profit from business activities": 7108,
        "Profit": 704,
        "Profit before tax": 7812,
        "Present corporate income tax expenses": 708,
        "Deferred income taxes expenses": "N/A",
        "The interests of minority shareholders": "N/A",
        "Total Cost of profits": 708,
        "Profit after tax corporate income": 7104,
        "Volume": 8000000,
        "Close of Quarter": 5.7,
        "EPS": 3064,
        "Non-adjusted EPS": 3064,
        "PE": 1.9,
        "Book Price": 19.1
      }
    },
    {
      "quarter": "Q2 2012",
      "income status": {
        "Net sales": 380128,
        "Cost of goods sold": 365777,
        "Gross Profit": 14351,
        "Financial expenses": 5348,
        "Of which: Interest expense": 6333,
        "Cost of sales": "N/A",
        "Enterprise cost management": 2757,
        "Total Operating Expenses": 8105,
        "Total revenue financing activities": 95,
        "Net profit from business activities": 6342,
        "Profit": 391,
        "Profit before tax": 6732,
        "Present corporate income tax expenses": 804,
        "Deferred income taxes expenses": "N/A",
        "The interests of minority shareholders": "N/A",
        "Total Cost of profits": 804,
        "Profit after tax corporate income": 5929,
        "Volume": 8000000,
        "Close of Quarter": 6.3,
        "EPS": 3015,
        "Non-adjusted EPS": 3015,
        "PE": 2.1,
        "Book Price": 18.2
      }
    },
    {
      "quarter": "Q1 2012",
      "income status": {
        "Net sales": 311643,
        "Cost of goods sold": 296785,
        "Gross Profit": 14858,
        "Financial expenses": 6399,
        "Of which: Interest expense": 6399,
        "Cost of sales": "N/A",
        "Enterprise cost management": 2343,
        "Total Operating Expenses": 8742,
        "Total revenue financing activities": 133,
        "Net profit from business activities": 6248,
        "Profit": -16,
        "Profit before tax": 6232,
        "Present corporate income tax expenses": 659,
        "Deferred income taxes expenses": "N/A",
        "The interests of minority shareholders": "N/A",
        "Total Cost of profits": 659,
        "Profit after tax corporate income": 5573,
        "Volume": 8000000,
        "Close of Quarter": 5.9,
        "EPS": 2547,
        "Non-adjusted EPS": 2547,
        "PE": 2.3,
        "Book Price": 19.4
      }
    },
    {
      "quarter": "Q4 2011",
      "income status": {
        "Net sales": 352764,
        "Cost of goods sold": 339531,
        "Gross Profit": 13233,
        "Financial expenses": 4220,
        "Of which: Interest expense": "N/A",
        "Cost of sales": 802,
        "Enterprise cost management": 1931,
        "Total Operating Expenses": 6953,
        "Total revenue financing activities": 102,
        "Net profit from business activities": 6382,
        "Profit": 632,
        "Profit before tax": 7014,
        "Present corporate income tax expenses": 1111,
        "Deferred income taxes expenses": "N/A",
        "The interests of minority shareholders": "N/A",
        "Total Cost of profits": 1111,
        "Profit after tax corporate income": 5903,
        "Volume": 8000000,
        "Close of Quarter": 4.5,
        "EPS": 2369,
        "Non-adjusted EPS": 2369,
        "PE": 1.9,
        "Book Price": 18.8
      }
    },
    {
      "quarter": "Q3 2011",
      "income status": {
        "Net sales": 316631,
        "Cost of goods sold": 304912,
        "Gross Profit": 11719,
        "Financial expenses": 4074,
        "Of which: Interest expense": 4074,
        "Cost of sales": 267,
        "Enterprise cost management": 2045,
        "Total Operating Expenses": 6386,
        "Total revenue financing activities": 1950,
        "Net profit from business activities": 7283,
        "Profit": -28,
        "Profit before tax": 7255,
        "Present corporate income tax expenses": 543,
        "Deferred income taxes expenses": "N/A",
        "The interests of minority shareholders": "N/A",
        "Total Cost of profits": 543,
        "Profit after tax corporate income": 6712,
        "Volume": 8000000,
        "Close of Quarter": 5.2,
        "EPS": 2326,
        "Non-adjusted EPS": 2326,
        "PE": 2.3,
        "Book Price": 18.1
      }
    },
    {
      "quarter": "Q2 2011",
      "income status": {
        "Net sales": 315900,
        "Cost of goods sold": 302136,
        "Gross Profit": 13764,
        "Financial expenses": 11133,
        "Of which: Interest expense": 5133,
        "Cost of sales": 110,
        "Enterprise cost management": 2371,
        "Total Operating Expenses": 13614,
        "Total revenue financing activities": 281,
        "Net profit from business activities": 430,
        "Profit": 1981,
        "Profit before tax": 2412,
        "Present corporate income tax expenses": 221,
        "Deferred income taxes expenses": "N/A",
        "The interests of minority shareholders": "N/A",
        "Total Cost of profits": 221,
        "Profit after tax corporate income": 2190,
        "Volume": 8000000,
        "Close of Quarter": 5.4,
        "EPS": 2064,
        "Non-adjusted EPS": 2064,
        "PE": 2.6,
        "Book Price": 16.9
      }
    },
    {
      "quarter": "Q1 2011",
      "income status": {
        "Net sales": 243548,
        "Cost of goods sold": 233328,
        "Gross Profit": 10220,
        "Financial expenses": 4123,
        "Of which: Interest expense": 4123,
        "Cost of sales": "N/A",
        "Enterprise cost management": 1945,
        "Total Operating Expenses": 6068,
        "Total revenue financing activities": 139,
        "Net profit from business activities": 4291,
        "Profit": 418,
        "Profit before tax": 4709,
        "Present corporate income tax expenses": 560,
        "Deferred income taxes expenses": "N/A",
        "The interests of minority shareholders": "N/A",
        "Total Cost of profits": 560,
        "Profit after tax corporate income": 4149,
        "Volume": 8000000,
        "Close of Quarter": 6.9,
        "EPS": 2260,
        "Non-adjusted EPS": 2260,
        "PE": 3.1,
        "Book Price": 18.3
      }
    },
    {
      "quarter": "Q4 2010",
      "income status": {
        "Net sales": 263758,
        "Cost of goods sold": 255137,
        "Gross Profit": 8621,
        "Financial expenses": 4721,
        "Of which: Interest expense": 4721,
        "Cost of sales": 35,
        "Enterprise cost management": 2146,
        "Total Operating Expenses": 6902,
        "Total revenue financing activities": 3277,
        "Net profit from business activities": 4995,
        "Profit": 1244,
        "Profit before tax": 6239,
        "Present corporate income tax expenses": 683,
        "Deferred income taxes expenses": "N/A",
        "The interests of minority shareholders": "N/A",
        "Total Cost of profits": 683,
        "Profit after tax corporate income": 5555,
        "Volume": 8000000,
        "Close of Quarter": 9.4,
        "EPS": 2217,
        "Non-adjusted EPS": 2217,
        "PE": 4.3,
        "Book Price": 17.8
      }
    },
    {
      "quarter": "Q3 2010",
      "income status": {
        "Net sales": 251301,
        "Cost of goods sold": 242267,
        "Gross Profit": 9034,
        "Financial expenses": 2275,
        "Of which: Interest expense": 2275,
        "Cost of sales": 210,
        "Enterprise cost management": 1907,
        "Total Operating Expenses": 4392,
        "Total revenue financing activities": 77,
        "Net profit from business activities": 4720,
        "Profit": 508,
        "Profit before tax": 5229,
        "Present corporate income tax expenses": 613,
        "Deferred income taxes expenses": "N/A",
        "The interests of minority shareholders": "N/A",
        "Total Cost of profits": 613,
        "Profit after tax corporate income": 4616,
        "Volume": 8000000,
        "Close of Quarter": 11.4,
        "EPS": 2029,
        "Non-adjusted EPS": 2029,
        "PE": 5.6,
        "Book Price": 17.1
      }
    },
    {
      "quarter": "Q2 2010",
      "income status": {
        "Net sales": 237217,
        "Cost of goods sold": 229000,
        "Gross Profit": 8217,
        "Financial expenses": 2076,
        "Of which: Interest expense": 2076,
        "Cost of sales": 186,
        "Enterprise cost management": 1905,
        "Total Operating Expenses": 4167,
        "Total revenue financing activities": 255,
        "Net profit from business activities": 4306,
        "Profit": 15,
        "Profit before tax": 4320,
        "Present corporate income tax expenses": 560,
        "Deferred income taxes expenses": "N/A",
        "The interests of minority shareholders": "N/A",
        "Total Cost of profits": 560,
        "Profit after tax corporate income": 3760,
        "Volume": 8000000,
        "Close of Quarter": 17.9,
        "EPS": 2011,
        "Non-adjusted EPS": 2011,
        "PE": 8.9,
        "Book Price": 16.5
      }
    },
    {
      "quarter": "Q1 2010",
      "income status": {
        "Net sales": 202284,
        "Cost of goods sold": 194049,
        "Gross Profit": 8235,
        "Financial expenses": 2609,
        "Of which: Interest expense": 2609,
        "Cost of sales": 23,
        "Enterprise cost management": 1585,
        "Total Operating Expenses": 4217,
        "Total revenue financing activities": 229,
        "Net profit from business activities": 4246,
        "Profit": -5,
        "Profit before tax": 4241,
        "Present corporate income tax expenses": 433,
        "Deferred income taxes expenses": "N/A",
        "The interests of minority shareholders": "N/A",
        "Total Cost of profits": 433,
        "Profit after tax corporate income": 3808,
        "Volume": 8000000,
        "Close of Quarter": 10.1,
        "EPS": 2074,
        "Non-adjusted EPS": 2074,
        "PE": 4.9,
        "Book Price": 16.6
      }
    },
    {
      "quarter": "Q4 2009",
      "income status": {
        "Net sales": 267528,
        "Cost of goods sold": 258668,
        "Gross Profit": 8859,
        "Financial expenses": 1128,
        "Of which: Interest expense": "N/A",
        "Cost of sales": 174,
        "Enterprise cost management": 1869,
        "Total Operating Expenses": 3171,
        "Total revenue financing activities": 96,
        "Net profit from business activities": 5784,
        "Profit": -1193,
        "Profit before tax": 4591,
        "Present corporate income tax expenses": 541,
        "Deferred income taxes expenses": "N/A",
        "The interests of minority shareholders": "N/A",
        "Total Cost of profits": 541,
        "Profit after tax corporate income": 4050,
        "Volume": 8000000,
        "Close of Quarter": 10.8,
        "EPS": 2123,
        "Non-adjusted EPS": 2123,
        "PE": 5.1,
        "Book Price": 16.2
      }
    },
    {
      "quarter": "Q3 2009",
      "income status": {
        "Net sales": 191040,
        "Cost of goods sold": 183383,
        "Gross Profit": 7657,
        "Financial expenses": 1380,
        "Of which: Interest expense": "N/A",
        "Cost of sales": 597,
        "Enterprise cost management": 1932,
        "Total Operating Expenses": 3909,
        "Total revenue financing activities": 254,
        "Net profit from business activities": 4003,
        "Profit": 1008,
        "Profit before tax": 5011,
        "Present corporate income tax expenses": 541,
        "Deferred income taxes expenses": "N/A",
        "The interests of minority shareholders": "N/A",
        "Total Cost of profits": 541,
        "Profit after tax corporate income": 4470,
        "Volume": 8000000,
        "Close of Quarter": 14.7,
        "EPS": 2418,
        "Non-adjusted EPS": 2418,
        "PE": 6.1,
        "Book Price": 16.4
      }
    },
    {
      "quarter": "Q2 2009",
      "income status": {
        "Net sales": 274257,
        "Cost of goods sold": 267085,
        "Gross Profit": 7172,
        "Financial expenses": 1475,
        "Of which: Interest expense": "N/A",
        "Cost of sales": "N/A",
        "Enterprise cost management": 1847,
        "Total Operating Expenses": 3322,
        "Total revenue financing activities": 187,
        "Net profit from business activities": 4037,
        "Profit": 963,
        "Profit before tax": 5000,
        "Present corporate income tax expenses": 740,
        "Deferred income taxes expenses": "N/A",
        "The interests of minority shareholders": "N/A",
        "Total Cost of profits": 740,
        "Profit after tax corporate income": 4260,
        "Volume": 8000000,
        "Close of Quarter": 10.6,
        "EPS": 2664,
        "Non-adjusted EPS": 2664,
        "PE": 4.0,
        "Book Price": 15.8
      }
    },
    {
      "quarter": "Q1 2009",
      "income status": {
        "Net sales": 163967,
        "Cost of goods sold": 157538,
        "Gross Profit": 6429,
        "Financial expenses": 2185,
        "Of which: Interest expense": "N/A",
        "Cost of sales": "N/A",
        "Enterprise cost management": 1420,
        "Total Operating Expenses": 3605,
        "Total revenue financing activities": 60,
        "Net profit from business activities": 2884,
        "Profit": 1818,
        "Profit before tax": 4702,
        "Present corporate income tax expenses": 496,
        "Deferred income taxes expenses": "N/A",
        "The interests of minority shareholders": "N/A",
        "Total Cost of profits": 496,
        "Profit after tax corporate income": 4207,
        "Volume": 8000000,
        "Close of Quarter": 4.2,
        "EPS": 2329,
        "Non-adjusted EPS": 2329,
        "PE": 1.8,
        "Book Price": 15.7
      }
    },
    {
      "quarter": "Q4 2008",
      "income status": {
        "Net sales": 188274,
        "Cost of goods sold": 182469,
        "Gross Profit": 5805,
        "Financial expenses": "N/A",
        "Of which: Interest expense": "N/A",
        "Cost of sales": 552,
        "Enterprise cost management": 1212,
        "Total Operating Expenses": 1764,
        "Total revenue financing activities": 2476,
        "Net profit from business activities": 6517,
        "Profit": 599,
        "Profit before tax": 7117,
        "Present corporate income tax expenses": 713,
        "Deferred income taxes expenses": "N/A",
        "The interests of minority shareholders": "N/A",
        "Total Cost of profits": 713,
        "Profit after tax corporate income": 6403,
        "Volume": 8000000,
        "Close of Quarter": 4.4,
        "EPS": 2108,
        "Non-adjusted EPS": 2108,
        "PE": 2.1,
        "Book Price": 15.2
      }
    },
    {
      "quarter": "Q3 2008",
      "income status": {
        "Net sales": 200424,
        "Cost of goods sold": 191054,
        "Gross Profit": 9369,
        "Financial expenses": 2544,
        "Of which: Interest expense": 2544,
        "Cost of sales": "N/A",
        "Enterprise cost management": 1237,
        "Total Operating Expenses": 3781,
        "Total revenue financing activities": 1731,
        "Net profit from business activities": 7320,
        "Profit": 173,
        "Profit before tax": 7493,
        "Present corporate income tax expenses": 1050,
        "Deferred income taxes expenses": "N/A",
        "The interests of minority shareholders": "N/A",
        "Total Cost of profits": 1050,
        "Profit after tax corporate income": 6442,
        "Volume": 8000000,
        "Close of Quarter": 5.7,
        "EPS": 1576,
        "Non-adjusted EPS": 1576,
        "PE": 3.6,
        "Book Price": 15.4
      }
    },
    {
      "quarter": "Q2 2008",
      "income status": {
        "Net sales": 166517,
        "Cost of goods sold": 163154,
        "Gross Profit": 3363,
        "Financial expenses": 1002,
        "Of which: Interest expense": "N/A",
        "Cost of sales": "N/A",
        "Enterprise cost management": 1375,
        "Total Operating Expenses": 2377,
        "Total revenue financing activities": 428,
        "Net profit from business activities": 1414,
        "Profit": 162,
        "Profit before tax": 1577,
        "Present corporate income tax expenses": "N/A",
        "Deferred income taxes expenses": "N/A",
        "The interests of minority shareholders": "N/A",
        "Total Cost of profits": 0,
        "Profit after tax corporate income": 1577,
        "Volume": 8000000,
        "Close of Quarter": 5.1,
        "EPS": 1540,
        "Non-adjusted EPS": 1540,
        "PE": 3.3,
        "Book Price": 14.6
      }
    },
    {
      "quarter": "Q1 2008",
      "income status": {
        "Net sales": 124271,
        "Cost of goods sold": 120395,
        "Gross Profit": 3877,
        "Financial expenses": 486,
        "Of which: Interest expense": "N/A",
        "Cost of sales": "N/A",
        "Enterprise cost management": 1223,
        "Total Operating Expenses": 1709,
        "Total revenue financing activities": 158,
        "Net profit from business activities": 2326,
        "Profit": 276,
        "Profit before tax": 2602,
        "Present corporate income tax expenses": 163,
        "Deferred income taxes expenses": "N/A",
        "The interests of minority shareholders": "N/A",
        "Total Cost of profits": 163,
        "Profit after tax corporate income": 2439,
        "Volume": 8000000,
        "Close of Quarter": 7.5,
        "EPS": 1960,
        "Non-adjusted EPS": 1960,
        "PE": 3.9,
        "Book Price": 15.9
      }
    },
    {
      "quarter": "Q4 2007",
      "income status": {
        "Net sales": 140204,
        "Cost of goods sold": 138673,
        "Gross Profit": 1531,
        "Financial expenses": 76,
        "Of which: Interest expense": 76,
        "Cost of sales": "N/A",
        "Enterprise cost management": 633,
        "Total Operating Expenses": 709,
        "Total revenue financing activities": 238,
        "Net profit from business activities": 1060,
        "Profit": 1283,
        "Profit before tax": 2343,
        "Present corporate income tax expenses": 190,
        "Deferred income taxes expenses": "N/A",
        "The interests of minority shareholders": "N/A",
        "Total Cost of profits": 190,
        "Profit after tax corporate income": 2153,
        "Volume": 8000000,
        "Close of Quarter": 25.3,
        "EPS": 2267,
        "Non-adjusted EPS": 2267,
        "PE": 11.2,
        "Book Price": 15.6
      }
    },
    {
      "quarter": "Q3 2007",
      "income status": {
        "Net sales": 114737,
        "Cost of goods sold": 106807,
        "Gross Profit": 7930,
        "Financial expenses": 593,
        "Of which: Interest expense": "N/A",
        "Cost of sales": "N/A",
        "Enterprise cost management": 1127,
        "Total Operating Expenses": 1720,
        "Total revenue financing activities": 178,
        "Net profit from business activities": 6388,
        "Profit": 367,
        "Profit before tax": 6754,
        "Present corporate income tax expenses": 604,
        "Deferred income taxes expenses": "N/A",
        "The interests of minority shareholders": "N/A",
        "Total Cost of profits": 604,
        "Profit after tax corporate income": 6151,
        "Volume": 8000000,
        "Close of Quarter": "N/A",
        "EPS": 2289,
        "Non-adjusted EPS": 2289,
        "PE": "N/A",
        "Book Price": 15.3
      }
    },
    {
      "quarter": "Q2 2007",
      "income status": {
        "Net sales": 141400,
        "Cost of goods sold": 133930,
        "Gross Profit": 7470,
        "Financial expenses": 1181,
        "Of which: Interest expense": 1181,
        "Cost of sales": "N/A",
        "Enterprise cost management": 1125,
        "Total Operating Expenses": 2306,
        "Total revenue financing activities": 108,
        "Net profit from business activities": 5272,
        "Profit": 128,
        "Profit before tax": 5400,
        "Present corporate income tax expenses": 465,
        "Deferred income taxes expenses": "N/A",
        "The interests of minority shareholders": "N/A",
        "Total Cost of profits": 465,
        "Profit after tax corporate income": 4935,
        "Volume": 8000000,
        "Close of Quarter": "N/A",
        "EPS": 1802,
        "Non-adjusted EPS": 1802,
        "PE": "N/A",
        "Book Price": 14.6
      }
    },
    {
      "quarter": "Q1 2007",
      "income status": {
        "Net sales": 114440,
        "Cost of goods sold": 106265,
        "Gross Profit": 8175,
        "Financial expenses": 1876,
        "Of which: Interest expense": 1876,
        "Cost of sales": "N/A",
        "Enterprise cost management": 1129,
        "Total Operating Expenses": 3005,
        "Total revenue financing activities": 102,
        "Net profit from business activities": 5272,
        "Profit": 101,
        "Profit before tax": 5373,
        "Present corporate income tax expenses": 478,
        "Deferred income taxes expenses": "N/A",
        "The interests of minority shareholders": "N/A",
        "Total Cost of profits": 478,
        "Profit after tax corporate income": 4895,
        "Volume": 8000000,
        "Close of Quarter": "N/A",
        "EPS": 1485,
        "Non-adjusted EPS": 1485,
        "PE": "N/A",
        "Book Price": 4.4
      }
    },
    {
      "quarter": "Q4 2006",
      "income status": {
        "Net sales": 103462,
        "Cost of goods sold": 96489,
        "Gross Profit": 6973,
        "Financial expenses": 3237,
        "Of which: Interest expense": 1698,
        "Cost of sales": "N/A",
        "Enterprise cost management": 1250,
        "Total Operating Expenses": 4487,
        "Total revenue financing activities": 26,
        "Net profit from business activities": 2511,
        "Profit": "N/A",
        "Profit before tax": 2330,
        "Present corporate income tax expenses": "N/A",
        "Deferred income taxes expenses": "N/A",
        "The interests of minority shareholders": "N/A",
        "Total Cost of profits": 0,
        "Profit after tax corporate income": 2330,
        "Volume": 8000000,
        "Close of Quarter": "N/A",
        "EPS": 1378,
        "Non-adjusted EPS": 1378,
        "PE": "N/A",
        "Book Price": "N/A"
      }
    },
    {
      "quarter": "Q3 2006",
      "income status": {
        "Net sales": 98145,
        "Cost of goods sold": 93177,
        "Gross Profit": 4968,
        "Financial expenses": 1884,
        "Of which: Interest expense": 1884,
        "Cost of sales": "N/A",
        "Enterprise cost management": 1351,
        "Total Operating Expenses": 3235,
        "Total revenue financing activities": 44,
        "Net profit from business activities": 1775,
        "Profit": "N/A",
        "Profit before tax": 2254,
        "Present corporate income tax expenses": "N/A",
        "Deferred income taxes expenses": "N/A",
        "The interests of minority shareholders": "N/A",
        "Total Cost of profits": 0,
        "Profit after tax corporate income": 2254,
        "Volume": 8000000,
        "Close of Quarter": "N/A",
        "EPS": 1087,
        "Non-adjusted EPS": 1087,
        "PE": "N/A",
        "Book Price": "N/A"
      }
    },
    {
      "quarter": "Q2 2006",
      "income status": {
        "Net sales": 102660,
        "Cost of goods sold": 96399,
        "Gross Profit": 6261,
        "Financial expenses": 2629,
        "Of which: Interest expense": 2629,
        "Cost of sales": "N/A",
        "Enterprise cost management": 1408,
        "Total Operating Expenses": 4037,
        "Total revenue financing activities": 94,
        "Net profit from business activities": 2318,
        "Profit": 83,
        "Profit before tax": 2401,
        "Present corporate income tax expenses": "N/A",
        "Deferred income taxes expenses": "N/A",
        "The interests of minority shareholders": "N/A",
        "Total Cost of profits": 0,
        "Profit after tax corporate income": 2401,
        "Volume": 8000000,
        "Close of Quarter": "N/A",
        "EPS": 805,
        "Non-adjusted EPS": 805,
        "PE": "N/A",
        "Book Price": "N/A"
      }
    },
    {
      "quarter": "Q1 2006",
      "income status": {
        "Net sales": 73398,
        "Cost of goods sold": 67935,
        "Gross Profit": 5463,
        "Financial expenses": 401,
        "Of which: Interest expense": 401,
        "Cost of sales": "N/A",
        "Enterprise cost management": 1121,
        "Total Operating Expenses": 1522,
        "Total revenue financing activities": 41,
        "Net profit from business activities": 3981,
        "Profit": "N/A",
        "Profit before tax": 4037,
        "Present corporate income tax expenses": "N/A",
        "Deferred income taxes expenses": "N/A",
        "The interests of minority shareholders": "N/A",
        "Total Cost of profits": 0,
        "Profit after tax corporate income": 4037,
        "Volume": 8000000,
        "Close of Quarter": "N/A",
        "EPS": 505,
        "Non-adjusted EPS": 505,
        "PE": "N/A",
        "Book Price": "N/A"
      }
    }
  ]
}