{
  "ticker": "SZL",
  "data": [
    {
      "quarter": "Q1 2017",
      "income status": {
        "Net sales": 69192,
        "Cost of goods sold": 44613,
        "Gross Profit": 24579,
        "Financial expenses": 93,
        "Of which: Interest expense": 75,
        "Cost of sales": 469,
        "Enterprise cost management": 8440,
        "Total Operating Expenses": 9002,
        "Total revenue financing activities": 8082,
        "Net profit from business activities": 23658,
        "Profit": 10,
        "Profit before tax": 23668,
        "Present corporate income tax expenses": 4008,
        "Deferred income taxes expenses": 33,
        "The interests of minority shareholders": "N/A",
        "Total Cost of profits": 4041,
        "Profit after tax corporate income": 19626,
        "Volume": 18190900,
        "Close of Quarter": 35.4,
        "EPS": 6032,
        "Non-adjusted EPS": 6032,
        "PE": 5.9,
        "Book Price": 29.7
      }
    },
    {
      "quarter": "Q4 2016",
      "income status": {
        "Net sales": 74165,
        "Cost of goods sold": 50770,
        "Gross Profit": 23394,
        "Financial expenses": 124,
        "Of which: Interest expense": 86,
        "Cost of sales": 473,
        "Enterprise cost management": 8976,
        "Total Operating Expenses": 9573,
        "Total revenue financing activities": 13411,
        "Net profit from business activities": 27232,
        "Profit": -34,
        "Profit before tax": 27199,
        "Present corporate income tax expenses": 5887,
        "Deferred income taxes expenses": -1908,
        "The interests of minority shareholders": "N/A",
        "Total Cost of profits": 3979,
        "Profit after tax corporate income": 23220,
        "Volume": 18190900,
        "Close of Quarter": 33.8,
        "EPS": 5657,
        "Non-adjusted EPS": 5657,
        "PE": 6.0,
        "Book Price": 28.6
      }
    },
    {
      "quarter": "Q3 2016",
      "income status": {
        "Net sales": 63483,
        "Cost of goods sold": 38903,
        "Gross Profit": 24580,
        "Financial expenses": 106,
        "Of which: Interest expense": 97,
        "Cost of sales": 355,
        "Enterprise cost management": 6540,
        "Total Operating Expenses": 7001,
        "Total revenue financing activities": 15440,
        "Net profit from business activities": 33020,
        "Profit": 588,
        "Profit before tax": 33608,
        "Present corporate income tax expenses": 3741,
        "Deferred income taxes expenses": "N/A",
        "The interests of minority shareholders": "N/A",
        "Total Cost of profits": 3741,
        "Profit after tax corporate income": 29867,
        "Volume": 18190900,
        "Close of Quarter": 25.9,
        "EPS": 4806,
        "Non-adjusted EPS": 4806,
        "PE": 5.4,
        "Book Price": 27.7
      }
    },
    {
      "quarter": "Q2 2016",
      "income status": {
        "Net sales": 93083,
        "Cost of goods sold": 44690,
        "Gross Profit": 48393,
        "Financial expenses": 108,
        "Of which: Interest expense": 108,
        "Cost of sales": 231,
        "Enterprise cost management": 8840,
        "Total Operating Expenses": 9179,
        "Total revenue financing activities": 6029,
        "Net profit from business activities": 45243,
        "Profit": 74,
        "Profit before tax": 45317,
        "Present corporate income tax expenses": 8307,
        "Deferred income taxes expenses": "N/A",
        "The interests of minority shareholders": "N/A",
        "Total Cost of profits": 8307,
        "Profit after tax corporate income": 37009,
        "Volume": 18190900,
        "Close of Quarter": 22.7,
        "EPS": 3919,
        "Non-adjusted EPS": 3919,
        "PE": 5.8,
        "Book Price": 26.1
      }
    },
    {
      "quarter": "Q1 2016",
      "income status": {
        "Net sales": 50924,
        "Cost of goods sold": 35737,
        "Gross Profit": 15187,
        "Financial expenses": 118,
        "Of which: Interest expense": 118,
        "Cost of sales": 700,
        "Enterprise cost management": 4294,
        "Total Operating Expenses": 5112,
        "Total revenue financing activities": 5112,
        "Net profit from business activities": 15187,
        "Profit": 1,
        "Profit before tax": 15188,
        "Present corporate income tax expenses": 2384,
        "Deferred income taxes expenses": "N/A",
        "The interests of minority shareholders": "N/A",
        "Total Cost of profits": 2384,
        "Profit after tax corporate income": 12804,
        "Volume": 18190900,
        "Close of Quarter": 18.7,
        "EPS": 2637,
        "Non-adjusted EPS": 2637,
        "PE": 7.1,
        "Book Price": 24.3
      }
    },
    {
      "quarter": "Q4 2015",
      "income status": {
        "Net sales": 50847,
        "Cost of goods sold": 38959,
        "Gross Profit": 11888,
        "Financial expenses": 165,
        "Of which: Interest expense": 128,
        "Cost of sales": 379,
        "Enterprise cost management": 7564,
        "Total Operating Expenses": 8108,
        "Total revenue financing activities": 5565,
        "Net profit from business activities": 9346,
        "Profit": 62,
        "Profit before tax": 9408,
        "Present corporate income tax expenses": 1655,
        "Deferred income taxes expenses": "N/A",
        "The interests of minority shareholders": "N/A",
        "Total Cost of profits": 1655,
        "Profit after tax corporate income": 7752,
        "Volume": 18190900,
        "Close of Quarter": 19.3,
        "EPS": 2519,
        "Non-adjusted EPS": 2519,
        "PE": 7.7,
        "Book Price": 23.6
      }
    },
    {
      "quarter": "Q3 2015",
      "income status": {
        "Net sales": 47285,
        "Cost of goods sold": 35735,
        "Gross Profit": 11550,
        "Financial expenses": 137,
        "Of which: Interest expense": 137,
        "Cost of sales": 328,
        "Enterprise cost management": 5310,
        "Total Operating Expenses": 5775,
        "Total revenue financing activities": 9589,
        "Net profit from business activities": 15365,
        "Profit": 102,
        "Profit before tax": 15467,
        "Present corporate income tax expenses": 1735,
        "Deferred income taxes expenses": "N/A",
        "The interests of minority shareholders": "N/A",
        "Total Cost of profits": 1735,
        "Profit after tax corporate income": 13732,
        "Volume": 18190900,
        "Close of Quarter": 17.4,
        "EPS": 2867,
        "Non-adjusted EPS": 2867,
        "PE": 6.1,
        "Book Price": 25.2
      }
    },
    {
      "quarter": "Q2 2015",
      "income status": {
        "Net sales": 50545,
        "Cost of goods sold": 38713,
        "Gross Profit": 11833,
        "Financial expenses": 157,
        "Of which: Interest expense": 147,
        "Cost of sales": 876,
        "Enterprise cost management": 6117,
        "Total Operating Expenses": 7150,
        "Total revenue financing activities": 10577,
        "Net profit from business activities": 15259,
        "Profit": 91,
        "Profit before tax": 15349,
        "Present corporate income tax expenses": 1675,
        "Deferred income taxes expenses": "N/A",
        "The interests of minority shareholders": "N/A",
        "Total Cost of profits": 1675,
        "Profit after tax corporate income": 13674,
        "Volume": 18190900,
        "Close of Quarter": 17.8,
        "EPS": 2496,
        "Non-adjusted EPS": 2496,
        "PE": 7.1,
        "Book Price": 24.4
      }
    },
    {
      "quarter": "Q1 2015",
      "income status": {
        "Net sales": 41133,
        "Cost of goods sold": 29903,
        "Gross Profit": 11230,
        "Financial expenses": 156,
        "Of which: Interest expense": 156,
        "Cost of sales": 291,
        "Enterprise cost management": 3578,
        "Total Operating Expenses": 4025,
        "Total revenue financing activities": 5125,
        "Net profit from business activities": 12330,
        "Profit": 238,
        "Profit before tax": 12569,
        "Present corporate income tax expenses": 1905,
        "Deferred income taxes expenses": "N/A",
        "The interests of minority shareholders": "N/A",
        "Total Cost of profits": 1905,
        "Profit after tax corporate income": 10663,
        "Volume": 18190900,
        "Close of Quarter": 15.7,
        "EPS": 2443,
        "Non-adjusted EPS": 2443,
        "PE": 6.4,
        "Book Price": 25.6
      }
    },
    {
      "quarter": "Q4 2014",
      "income status": {
        "Net sales": 53940,
        "Cost of goods sold": 39970,
        "Gross Profit": 13971,
        "Financial expenses": 168,
        "Of which: Interest expense": 166,
        "Cost of sales": 438,
        "Enterprise cost management": 7016,
        "Total Operating Expenses": 7622,
        "Total revenue financing activities": 9467,
        "Net profit from business activities": 15816,
        "Profit": 274,
        "Profit before tax": 16090,
        "Present corporate income tax expenses": 1999,
        "Deferred income taxes expenses": "N/A",
        "The interests of minority shareholders": "N/A",
        "Total Cost of profits": 1999,
        "Profit after tax corporate income": 14091,
        "Volume": 18190900,
        "Close of Quarter": 15.6,
        "EPS": 2386,
        "Non-adjusted EPS": 2386,
        "PE": 6.5,
        "Book Price": 25.3
      }
    },
    {
      "quarter": "Q3 2014",
      "income status": {
        "Net sales": 43400,
        "Cost of goods sold": 33975,
        "Gross Profit": 9425,
        "Financial expenses": 175,
        "Of which: Interest expense": 175,
        "Cost of sales": 244,
        "Enterprise cost management": 6346,
        "Total Operating Expenses": 6765,
        "Total revenue financing activities": 5650,
        "Net profit from business activities": 8310,
        "Profit": 96,
        "Profit before tax": 8406,
        "Present corporate income tax expenses": 1432,
        "Deferred income taxes expenses": "N/A",
        "The interests of minority shareholders": "N/A",
        "Total Cost of profits": 1432,
        "Profit after tax corporate income": 6974,
        "Volume": 18190900,
        "Close of Quarter": 17.2,
        "EPS": 1730,
        "Non-adjusted EPS": 1730,
        "PE": 10.0,
        "Book Price": 25.6
      }
    },
    {
      "quarter": "Q2 2014",
      "income status": {
        "Net sales": 38475,
        "Cost of goods sold": 31274,
        "Gross Profit": 7201,
        "Financial expenses": 185,
        "Of which: Interest expense": 207,
        "Cost of sales": 355,
        "Enterprise cost management": 3132,
        "Total Operating Expenses": 3672,
        "Total revenue financing activities": 10695,
        "Net profit from business activities": 14224,
        "Profit": -27,
        "Profit before tax": 14197,
        "Present corporate income tax expenses": 1490,
        "Deferred income taxes expenses": "N/A",
        "The interests of minority shareholders": "N/A",
        "Total Cost of profits": 1490,
        "Profit after tax corporate income": 12707,
        "Volume": 18190900,
        "Close of Quarter": 14.8,
        "EPS": 2296,
        "Non-adjusted EPS": 2296,
        "PE": 6.5,
        "Book Price": 25.2
      }
    },
    {
      "quarter": "Q1 2014",
      "income status": {
        "Net sales": 43485,
        "Cost of goods sold": 32712,
        "Gross Profit": 10773,
        "Financial expenses": 576,
        "Of which: Interest expense": 174,
        "Cost of sales": 243,
        "Enterprise cost management": 3380,
        "Total Operating Expenses": 4199,
        "Total revenue financing activities": 4771,
        "Net profit from business activities": 11344,
        "Profit": 374,
        "Profit before tax": 11718,
        "Present corporate income tax expenses": 2088,
        "Deferred income taxes expenses": "N/A",
        "The interests of minority shareholders": "N/A",
        "Total Cost of profits": 2088,
        "Profit after tax corporate income": 9631,
        "Volume": 18190900,
        "Close of Quarter": 18.4,
        "EPS": 2145,
        "Non-adjusted EPS": 2145,
        "PE": 8.6,
        "Book Price": 26.4
      }
    },
    {
      "quarter": "Q4 2013",
      "income status": {
        "Net sales": 37092,
        "Cost of goods sold": 31204,
        "Gross Profit": 5888,
        "Financial expenses": -10,
        "Of which: Interest expense": "N/A",
        "Cost of sales": 552,
        "Enterprise cost management": 6071,
        "Total Operating Expenses": 6613,
        "Total revenue financing activities": 6256,
        "Net profit from business activities": 5531,
        "Profit": -1385,
        "Profit before tax": 4147,
        "Present corporate income tax expenses": 1995,
        "Deferred income taxes expenses": "N/A",
        "The interests of minority shareholders": "N/A",
        "Total Cost of profits": 1995,
        "Profit after tax corporate income": 2152,
        "Volume": 18190900,
        "Close of Quarter": 14.1,
        "EPS": 2124,
        "Non-adjusted EPS": 2124,
        "PE": 6.7,
        "Book Price": 28.2
      }
    },
    {
      "quarter": "Q3 2013",
      "income status": {
        "Net sales": 43314,
        "Cost of goods sold": 31929,
        "Gross Profit": 11385,
        "Financial expenses": 411,
        "Of which: Interest expense": "N/A",
        "Cost of sales": 247,
        "Enterprise cost management": 2962,
        "Total Operating Expenses": 3620,
        "Total revenue financing activities": 11801,
        "Net profit from business activities": 19566,
        "Profit": 255,
        "Profit before tax": 19821,
        "Present corporate income tax expenses": 2537,
        "Deferred income taxes expenses": "N/A",
        "The interests of minority shareholders": "N/A",
        "Total Cost of profits": 2537,
        "Profit after tax corporate income": 17285,
        "Volume": 18190900,
        "Close of Quarter": 10.0,
        "EPS": 3202,
        "Non-adjusted EPS": 3202,
        "PE": 3.1,
        "Book Price": 28.1
      }
    },
    {
      "quarter": "Q2 2013",
      "income status": {
        "Net sales": 40135,
        "Cost of goods sold": 29281,
        "Gross Profit": 10854,
        "Financial expenses": 200,
        "Of which: Interest expense": "N/A",
        "Cost of sales": 737,
        "Enterprise cost management": 5529,
        "Total Operating Expenses": 6466,
        "Total revenue financing activities": 7791,
        "Net profit from business activities": 12178,
        "Profit": 38,
        "Profit before tax": 12216,
        "Present corporate income tax expenses": 2271,
        "Deferred income taxes expenses": "N/A",
        "The interests of minority shareholders": "N/A",
        "Total Cost of profits": 2271,
        "Profit after tax corporate income": 9945,
        "Volume": 18190900,
        "Close of Quarter": 9.7,
        "EPS": 2649,
        "Non-adjusted EPS": 2649,
        "PE": 3.7,
        "Book Price": 27.2
      }
    },
    {
      "quarter": "Q1 2013",
      "income status": {
        "Net sales": 32703,
        "Cost of goods sold": 26053,
        "Gross Profit": 6650,
        "Financial expenses": "N/A",
        "Of which: Interest expense": "N/A",
        "Cost of sales": 179,
        "Enterprise cost management": 4652,
        "Total Operating Expenses": 4831,
        "Total revenue financing activities": 8594,
        "Net profit from business activities": 10413,
        "Profit": 1313,
        "Profit before tax": 11726,
        "Present corporate income tax expenses": 2473,
        "Deferred income taxes expenses": "N/A",
        "The interests of minority shareholders": "N/A",
        "Total Cost of profits": 2473,
        "Profit after tax corporate income": 9253,
        "Volume": 18190900,
        "Close of Quarter": 8.5,
        "EPS": 2585,
        "Non-adjusted EPS": 2585,
        "PE": 3.3,
        "Book Price": 28.7
      }
    },
    {
      "quarter": "Q4 2012",
      "income status": {
        "Net sales": 34437,
        "Cost of goods sold": 15240,
        "Gross Profit": 19198,
        "Financial expenses": 1059,
        "Of which: Interest expense": "N/A",
        "Cost of sales": 530,
        "Enterprise cost management": 4835,
        "Total Operating Expenses": 6424,
        "Total revenue financing activities": 10172,
        "Net profit from business activities": 22946,
        "Profit": 222,
        "Profit before tax": 23168,
        "Present corporate income tax expenses": 1399,
        "Deferred income taxes expenses": "N/A",
        "The interests of minority shareholders": "N/A",
        "Total Cost of profits": 1399,
        "Profit after tax corporate income": 21769,
        "Volume": 18190900,
        "Close of Quarter": 8.3,
        "EPS": 2511,
        "Non-adjusted EPS": 2511,
        "PE": 3.3,
        "Book Price": 28.2
      }
    },
    {
      "quarter": "Q3 2012",
      "income status": {
        "Net sales": 34692,
        "Cost of goods sold": 28975,
        "Gross Profit": 5717,
        "Financial expenses": "N/A",
        "Of which: Interest expense": "N/A",
        "Cost of sales": 1090,
        "Enterprise cost management": 4760,
        "Total Operating Expenses": 5850,
        "Total revenue financing activities": 10145,
        "Net profit from business activities": 10012,
        "Profit": 340,
        "Profit before tax": 10353,
        "Present corporate income tax expenses": 3136,
        "Deferred income taxes expenses": "N/A",
        "The interests of minority shareholders": "N/A",
        "Total Cost of profits": 3136,
        "Profit after tax corporate income": 7217,
        "Volume": 18190900,
        "Close of Quarter": 7.9,
        "EPS": 2687,
        "Non-adjusted EPS": 2687,
        "PE": 3.0,
        "Book Price": 26.1
      }
    },
    {
      "quarter": "Q2 2012",
      "income status": {
        "Net sales": 31155,
        "Cost of goods sold": 28060,
        "Gross Profit": 3094,
        "Financial expenses": "N/A",
        "Of which: Interest expense": "N/A",
        "Cost of sales": 651,
        "Enterprise cost management": 4688,
        "Total Operating Expenses": 5339,
        "Total revenue financing activities": 13931,
        "Net profit from business activities": 11686,
        "Profit": 69,
        "Profit before tax": 11755,
        "Present corporate income tax expenses": 2969,
        "Deferred income taxes expenses": "N/A",
        "The interests of minority shareholders": "N/A",
        "Total Cost of profits": 2969,
        "Profit after tax corporate income": 8785,
        "Volume": 18190900,
        "Close of Quarter": 9.6,
        "EPS": 2867,
        "Non-adjusted EPS": 2867,
        "PE": 3.3,
        "Book Price": 25.8
      }
    },
    {
      "quarter": "Q1 2012",
      "income status": {
        "Net sales": 28762,
        "Cost of goods sold": 24612,
        "Gross Profit": 4151,
        "Financial expenses": "N/A",
        "Of which: Interest expense": "N/A",
        "Cost of sales": 131,
        "Enterprise cost management": 3075,
        "Total Operating Expenses": 3206,
        "Total revenue financing activities": 10806,
        "Net profit from business activities": 11750,
        "Profit": -579,
        "Profit before tax": 11171,
        "Present corporate income tax expenses": 3260,
        "Deferred income taxes expenses": "N/A",
        "The interests of minority shareholders": "N/A",
        "Total Cost of profits": 3260,
        "Profit after tax corporate income": 7912,
        "Volume": 18190900,
        "Close of Quarter": 8.7,
        "EPS": 3388,
        "Non-adjusted EPS": 3388,
        "PE": 2.6,
        "Book Price": 26.3
      }
    },
    {
      "quarter": "Q4 2011",
      "income status": {
        "Net sales": 57759,
        "Cost of goods sold": 33374,
        "Gross Profit": 24385,
        "Financial expenses": 146,
        "Of which: Interest expense": "N/A",
        "Cost of sales": 468,
        "Enterprise cost management": 5614,
        "Total Operating Expenses": 6228,
        "Total revenue financing activities": 13160,
        "Net profit from business activities": 31317,
        "Profit": 272,
        "Profit before tax": 31590,
        "Present corporate income tax expenses": 6624,
        "Deferred income taxes expenses": "N/A",
        "The interests of minority shareholders": "N/A",
        "Total Cost of profits": 6624,
        "Profit after tax corporate income": 24965,
        "Volume": 18190900,
        "Close of Quarter": 7.6,
        "EPS": 3346,
        "Non-adjusted EPS": 3346,
        "PE": 2.3,
        "Book Price": 26.8
      }
    },
    {
      "quarter": "Q3 2011",
      "income status": {
        "Net sales": 27859,
        "Cost of goods sold": 20228,
        "Gross Profit": 7631,
        "Financial expenses": 1,
        "Of which: Interest expense": "N/A",
        "Cost of sales": 23,
        "Enterprise cost management": 5889,
        "Total Operating Expenses": 5913,
        "Total revenue financing activities": 11053,
        "Net profit from business activities": 12771,
        "Profit": 660,
        "Profit before tax": 13431,
        "Present corporate income tax expenses": 2934,
        "Deferred income taxes expenses": "N/A",
        "The interests of minority shareholders": "N/A",
        "Total Cost of profits": 2934,
        "Profit after tax corporate income": 10496,
        "Volume": 20000000,
        "Close of Quarter": 7.4,
        "EPS": 2935.5,
        "Non-adjusted EPS": 2670,
        "PE": 2.8,
        "Book Price": 26.7
      }
    },
    {
      "quarter": "Q2 2011",
      "income status": {
        "Net sales": 24129,
        "Cost of goods sold": 18881,
        "Gross Profit": 5248,
        "Financial expenses": 1,
        "Of which: Interest expense": "N/A",
        "Cost of sales": 180,
        "Enterprise cost management": 3037,
        "Total Operating Expenses": 3218,
        "Total revenue financing activities": 19966,
        "Net profit from business activities": 21997,
        "Profit": 85,
        "Profit before tax": 22081,
        "Present corporate income tax expenses": 3818,
        "Deferred income taxes expenses": "N/A",
        "The interests of minority shareholders": "N/A",
        "Total Cost of profits": 3818,
        "Profit after tax corporate income": 18263,
        "Volume": 20000000,
        "Close of Quarter": 7.5,
        "EPS": 3407.2,
        "Non-adjusted EPS": 3099,
        "PE": 2.4,
        "Book Price": 27.1
      }
    },
    {
      "quarter": "Q1 2011",
      "income status": {
        "Net sales": 20474,
        "Cost of goods sold": 15379,
        "Gross Profit": 5095,
        "Financial expenses": "N/A",
        "Of which: Interest expense": "N/A",
        "Cost of sales": 153,
        "Enterprise cost management": 2751,
        "Total Operating Expenses": 2904,
        "Total revenue financing activities": 6718,
        "Net profit from business activities": 8910,
        "Profit": 10,
        "Profit before tax": 8920,
        "Present corporate income tax expenses": 1775,
        "Deferred income taxes expenses": "N/A",
        "The interests of minority shareholders": "N/A",
        "Total Cost of profits": 1775,
        "Profit after tax corporate income": 7145,
        "Volume": 20000000,
        "Close of Quarter": 8.6,
        "EPS": 2888.3,
        "Non-adjusted EPS": 2627,
        "PE": 3.3,
        "Book Price": 27.3
      }
    },
    {
      "quarter": "Q4 2010",
      "income status": {
        "Net sales": 47786,
        "Cost of goods sold": 27349,
        "Gross Profit": 20438,
        "Financial expenses": 100,
        "Of which: Interest expense": "N/A",
        "Cost of sales": 1091,
        "Enterprise cost management": 3721,
        "Total Operating Expenses": 4912,
        "Total revenue financing activities": 7462,
        "Net profit from business activities": 22988,
        "Profit": 18,
        "Profit before tax": 23006,
        "Present corporate income tax expenses": 5505,
        "Deferred income taxes expenses": "N/A",
        "The interests of minority shareholders": "N/A",
        "Total Cost of profits": 5505,
        "Profit after tax corporate income": 17502,
        "Volume": 20000000,
        "Close of Quarter": 11.5,
        "EPS": 3098.3,
        "Non-adjusted EPS": 2818,
        "PE": 4.1,
        "Book Price": 26.9
      }
    },
    {
      "quarter": "Q3 2010",
      "income status": {
        "Net sales": 42935,
        "Cost of goods sold": 22520,
        "Gross Profit": 20415,
        "Financial expenses": "N/A",
        "Of which: Interest expense": "N/A",
        "Cost of sales": 212,
        "Enterprise cost management": 4469,
        "Total Operating Expenses": 4681,
        "Total revenue financing activities": 8086,
        "Net profit from business activities": 23820,
        "Profit": 278,
        "Profit before tax": 24098,
        "Present corporate income tax expenses": 5027,
        "Deferred income taxes expenses": "N/A",
        "The interests of minority shareholders": "N/A",
        "Total Cost of profits": 5027,
        "Profit after tax corporate income": 19071,
        "Volume": 20000000,
        "Close of Quarter": 13.8,
        "EPS": 3097.2,
        "Non-adjusted EPS": 2817,
        "PE": 4.9,
        "Book Price": 27.1
      }
    },
    {
      "quarter": "Q2 2010",
      "income status": {
        "Net sales": 20159,
        "Cost of goods sold": 17063,
        "Gross Profit": 3096,
        "Financial expenses": "N/A",
        "Of which: Interest expense": "N/A",
        "Cost of sales": 143,
        "Enterprise cost management": 2686,
        "Total Operating Expenses": 2829,
        "Total revenue financing activities": 10150,
        "Net profit from business activities": 10417,
        "Profit": -4,
        "Profit before tax": 10413,
        "Present corporate income tax expenses": 1593,
        "Deferred income taxes expenses": "N/A",
        "The interests of minority shareholders": "N/A",
        "Total Cost of profits": 1593,
        "Profit after tax corporate income": 8820,
        "Volume": 20000000,
        "Close of Quarter": 18.5,
        "EPS": 2203.3,
        "Non-adjusted EPS": 2004,
        "PE": 9.2,
        "Book Price": 26.0
      }
    },
    {
      "quarter": "Q1 2010",
      "income status": {
        "Net sales": 18889,
        "Cost of goods sold": 13113,
        "Gross Profit": 5775,
        "Financial expenses": 86,
        "Of which: Interest expense": "N/A",
        "Cost of sales": 149,
        "Enterprise cost management": 2763,
        "Total Operating Expenses": 2998,
        "Total revenue financing activities": 11152,
        "Net profit from business activities": 13929,
        "Profit": 262,
        "Profit before tax": 14190,
        "Present corporate income tax expenses": 3227,
        "Deferred income taxes expenses": "N/A",
        "The interests of minority shareholders": "N/A",
        "Total Cost of profits": 3227,
        "Profit after tax corporate income": 10963,
        "Volume": 10000000,
        "Close of Quarter": 19.9,
        "EPS": 2380.3,
        "Non-adjusted EPS": 4330,
        "PE": 4.6,
        "Book Price": 25.7
      }
    },
    {
      "quarter": "Q4 2009",
      "income status": {
        "Net sales": 17462,
        "Cost of goods sold": 10579,
        "Gross Profit": 6883,
        "Financial expenses": 55,
        "Of which: Interest expense": "N/A",
        "Cost of sales": 104,
        "Enterprise cost management": 4394,
        "Total Operating Expenses": 4553,
        "Total revenue financing activities": 16762,
        "Net profit from business activities": 19092,
        "Profit": 1471,
        "Profit before tax": 20563,
        "Present corporate income tax expenses": 3061,
        "Deferred income taxes expenses": 7,
        "The interests of minority shareholders": "N/A",
        "Total Cost of profits": 3068,
        "Profit after tax corporate income": 17494,
        "Volume": 10000000,
        "Close of Quarter": 19.6,
        "EPS": 2524.9,
        "Non-adjusted EPS": 4593,
        "PE": 4.3,
        "Book Price": 26.5
      }
    },
    {
      "quarter": "Q3 2009",
      "income status": {
        "Net sales": 11244,
        "Cost of goods sold": 9368,
        "Gross Profit": 1876,
        "Financial expenses": "N/A",
        "Of which: Interest expense": "N/A",
        "Cost of sales": 1,
        "Enterprise cost management": 2139,
        "Total Operating Expenses": 2140,
        "Total revenue financing activities": 3641,
        "Net profit from business activities": 3376,
        "Profit": -15,
        "Profit before tax": 3361,
        "Present corporate income tax expenses": 566,
        "Deferred income taxes expenses": "N/A",
        "The interests of minority shareholders": "N/A",
        "Total Cost of profits": 566,
        "Profit after tax corporate income": 2795,
        "Volume": 10000000,
        "Close of Quarter": 13.3,
        "EPS": 1576.6,
        "Non-adjusted EPS": 2868,
        "PE": 4.6,
        "Book Price": 12.3
      }
    },
    {
      "quarter": "Q2 2009",
      "income status": {
        "Net sales": 22919,
        "Cost of goods sold": 15245,
        "Gross Profit": 7674,
        "Financial expenses": "N/A",
        "Of which: Interest expense": "N/A",
        "Cost of sales": 106,
        "Enterprise cost management": 2358,
        "Total Operating Expenses": 2464,
        "Total revenue financing activities": 8357,
        "Net profit from business activities": 13567,
        "Profit": 163,
        "Profit before tax": 13731,
        "Present corporate income tax expenses": 1679,
        "Deferred income taxes expenses": "N/A",
        "The interests of minority shareholders": "N/A",
        "Total Cost of profits": 1679,
        "Profit after tax corporate income": 12052,
        "Volume": 10000000,
        "Close of Quarter": 11.0,
        "EPS": 3621.0,
        "Non-adjusted EPS": 6587,
        "PE": 1.7,
        "Book Price": 12.8
      }
    },
    {
      "quarter": "Q1 2009",
      "income status": {
        "Net sales": 25750,
        "Cost of goods sold": 15159,
        "Gross Profit": 10591,
        "Financial expenses": "N/A",
        "Of which: Interest expense": "N/A",
        "Cost of sales": 248,
        "Enterprise cost management": 2379,
        "Total Operating Expenses": 2627,
        "Total revenue financing activities": 6790,
        "Net profit from business activities": 14753,
        "Profit": 47,
        "Profit before tax": 14800,
        "Present corporate income tax expenses": 1211,
        "Deferred income taxes expenses": "N/A",
        "The interests of minority shareholders": "N/A",
        "Total Cost of profits": 1211,
        "Profit after tax corporate income": 13590,
        "Volume": 10000000,
        "Close of Quarter": 8.1,
        "EPS": 4088.9,
        "Non-adjusted EPS": 7438,
        "PE": 1.1,
        "Book Price": 11.8
      }
    },
    {
      "quarter": "Q4 2008",
      "income status": {
        "Net sales": 18961,
        "Cost of goods sold": 10153,
        "Gross Profit": 8808,
        "Financial expenses": "N/A",
        "Of which: Interest expense": "N/A",
        "Cost of sales": 984,
        "Enterprise cost management": 6635,
        "Total Operating Expenses": 7619,
        "Total revenue financing activities": 14826,
        "Net profit from business activities": 16015,
        "Profit": 85,
        "Profit before tax": 16099,
        "Present corporate income tax expenses": 15860,
        "Deferred income taxes expenses": "N/A",
        "The interests of minority shareholders": "N/A",
        "Total Cost of profits": 15860,
        "Profit after tax corporate income": 239,
        "Volume": 10000000,
        "Close of Quarter": 13.2,
        "EPS": 4975.0,
        "Non-adjusted EPS": 9050,
        "PE": 1.5,
        "Book Price": 11.6
      }
    },
    {
      "quarter": "Q3 2008",
      "income status": {
        "Net sales": 81217,
        "Cost of goods sold": 42696,
        "Gross Profit": 38521,
        "Financial expenses": "N/A",
        "Of which: Interest expense": "N/A",
        "Cost of sales": "N/A",
        "Enterprise cost management": 1135,
        "Total Operating Expenses": 1135,
        "Total revenue financing activities": 12754,
        "Net profit from business activities": 50141,
        "Profit": 100,
        "Profit before tax": 50241,
        "Present corporate income tax expenses": 10255,
        "Deferred income taxes expenses": "N/A",
        "The interests of minority shareholders": "N/A",
        "Total Cost of profits": 10255,
        "Profit after tax corporate income": 39986,
        "Volume": 10000000,
        "Close of Quarter": 13.1,
        "EPS": 4961.8,
        "Non-adjusted EPS": 9026,
        "PE": 1.5,
        "Book Price": 13.5
      }
    },
    {
      "quarter": "Q2 2008",
      "income status": {
        "Net sales": 58991,
        "Cost of goods sold": 38152,
        "Gross Profit": 20839,
        "Financial expenses": "N/A",
        "Of which: Interest expense": "N/A",
        "Cost of sales": "N/A",
        "Enterprise cost management": 1411,
        "Total Operating Expenses": 1411,
        "Total revenue financing activities": 6329,
        "Net profit from business activities": 25757,
        "Profit": 86,
        "Profit before tax": 25843,
        "Present corporate income tax expenses": 5275,
        "Deferred income taxes expenses": "N/A",
        "The interests of minority shareholders": "N/A",
        "Total Cost of profits": 5275,
        "Profit after tax corporate income": 20568,
        "Volume": 10000000,
        "Close of Quarter": "N/A",
        "EPS": 2763.5,
        "Non-adjusted EPS": 5027,
        "PE": "N/A",
        "Book Price": 11.4
      }
    },
    {
      "quarter": "Q2 2007",
      "income status": {
        "Net sales": 89922,
        "Cost of goods sold": 61707,
        "Gross Profit": 28215,
        "Financial expenses": "N/A",
        "Of which: Interest expense": "N/A",
        "Cost of sales": "N/A",
        "Enterprise cost management": 217,
        "Total Operating Expenses": 217,
        "Total revenue financing activities": 1486,
        "Net profit from business activities": 29485,
        "Profit": "N/A",
        "Profit before tax": 29702,
        "Present corporate income tax expenses": "N/A",
        "Deferred income taxes expenses": "N/A",
        "The interests of minority shareholders": "N/A",
        "Total Cost of profits": 0,
        "Profit after tax corporate income": 29702,
        "Volume": 10000000,
        "Close of Quarter": "N/A",
        "EPS": 1632.7,
        "Non-adjusted EPS": 2970,
        "PE": "N/A",
        "Book Price": "N/A"
      }
    }
  ]
}