{
  "ticker": "SDN",
  "data": [
    {
      "quarter": "Q1 2017",
      "income status": {
        "Net sales": 34330,
        "Cost of goods sold": 24650,
        "Gross Profit": 9680,
        "Financial expenses": 1311,
        "Of which: Interest expense": 137,
        "Cost of sales": 1934,
        "Enterprise cost management": 3448,
        "Total Operating Expenses": 6693,
        "Total revenue financing activities": 11,
        "Net profit from business activities": 2998,
        "Profit": 14,
        "Profit before tax": 3012,
        "Present corporate income tax expenses": 602,
        "Deferred income taxes expenses": "N/A",
        "The interests of minority shareholders": "N/A",
        "Total Cost of profits": 602,
        "Profit after tax corporate income": 2410,
        "Volume": 1518218,
        "Close of Quarter": 33.3,
        "EPS": 5337,
        "Non-adjusted EPS": 5337,
        "PE": 6.2,
        "Book Price": 22
      }
    },
    {
      "quarter": "Q4 2016",
      "income status": {
        "Net sales": 41066,
        "Cost of goods sold": 28473,
        "Gross Profit": 12594,
        "Financial expenses": 1115,
        "Of which: Interest expense": 41,
        "Cost of sales": 4925,
        "Enterprise cost management": 4916,
        "Total Operating Expenses": 10956,
        "Total revenue financing activities": 214,
        "Net profit from business activities": 1852,
        "Profit": 20,
        "Profit before tax": 1872,
        "Present corporate income tax expenses": 595,
        "Deferred income taxes expenses": -176,
        "The interests of minority shareholders": "N/A",
        "Total Cost of profits": 419,
        "Profit after tax corporate income": 1453,
        "Volume": 1518218,
        "Close of Quarter": 27.2,
        "EPS": 4988,
        "Non-adjusted EPS": 4988,
        "PE": 5.5,
        "Book Price": 20.4
      }
    },
    {
      "quarter": "Q3 2016",
      "income status": {
        "Net sales": 37931,
        "Cost of goods sold": 27796,
        "Gross Profit": 10135,
        "Financial expenses": 1132,
        "Of which: Interest expense": "N/A",
        "Cost of sales": 2649,
        "Enterprise cost management": 4015,
        "Total Operating Expenses": 7796,
        "Total revenue financing activities": 84,
        "Net profit from business activities": 2422,
        "Profit": -15,
        "Profit before tax": 2407,
        "Present corporate income tax expenses": 534,
        "Deferred income taxes expenses": "N/A",
        "The interests of minority shareholders": "N/A",
        "Total Cost of profits": 534,
        "Profit after tax corporate income": 1873,
        "Volume": 1518218,
        "Close of Quarter": 34.7,
        "EPS": 4862,
        "Non-adjusted EPS": 4862,
        "PE": 7.1,
        "Book Price": 21.2
      }
    },
    {
      "quarter": "Q2 2016",
      "income status": {
        "Net sales": 39408,
        "Cost of goods sold": 27477,
        "Gross Profit": 11931,
        "Financial expenses": 1226,
        "Of which: Interest expense": 214,
        "Cost of sales": 3601,
        "Enterprise cost management": 4277,
        "Total Operating Expenses": 9104,
        "Total revenue financing activities": 175,
        "Net profit from business activities": 3001,
        "Profit": -18,
        "Profit before tax": 2983,
        "Present corporate income tax expenses": 616,
        "Deferred income taxes expenses": "N/A",
        "The interests of minority shareholders": "N/A",
        "Total Cost of profits": 616,
        "Profit after tax corporate income": 2367,
        "Volume": 1518218,
        "Close of Quarter": 30.5,
        "EPS": 4700,
        "Non-adjusted EPS": 4700,
        "PE": 6.5,
        "Book Price": 20
      }
    },
    {
      "quarter": "Q1 2016",
      "income status": {
        "Net sales": 32591,
        "Cost of goods sold": 23118,
        "Gross Profit": 9473,
        "Financial expenses": 1119,
        "Of which: Interest expense": 205,
        "Cost of sales": 2631,
        "Enterprise cost management": 3301,
        "Total Operating Expenses": 7051,
        "Total revenue financing activities": 21,
        "Net profit from business activities": 2442,
        "Profit": -30,
        "Profit before tax": 2412,
        "Present corporate income tax expenses": 533,
        "Deferred income taxes expenses": "N/A",
        "The interests of minority shareholders": "N/A",
        "Total Cost of profits": 533,
        "Profit after tax corporate income": 1880,
        "Volume": 1518218,
        "Close of Quarter": 25.9,
        "EPS": 4637,
        "Non-adjusted EPS": 4637,
        "PE": 5.6,
        "Book Price": 20.4
      }
    },
    {
      "quarter": "Q4 2015",
      "income status": {
        "Net sales": 40350,
        "Cost of goods sold": 28612,
        "Gross Profit": 11737,
        "Financial expenses": 1300,
        "Of which: Interest expense": 150,
        "Cost of sales": 5179,
        "Enterprise cost management": 4011,
        "Total Operating Expenses": 10490,
        "Total revenue financing activities": 393,
        "Net profit from business activities": 1641,
        "Profit": 53,
        "Profit before tax": 1694,
        "Present corporate income tax expenses": 433,
        "Deferred income taxes expenses": "N/A",
        "The interests of minority shareholders": "N/A",
        "Total Cost of profits": 433,
        "Profit after tax corporate income": 1261,
        "Volume": 1518218,
        "Close of Quarter": 19.9,
        "EPS": 4483,
        "Non-adjusted EPS": 4483,
        "PE": 4.4,
        "Book Price": 20.1
      }
    },
    {
      "quarter": "Q3 2015",
      "income status": {
        "Net sales": 37300,
        "Cost of goods sold": 26819,
        "Gross Profit": 10481,
        "Financial expenses": 1173,
        "Of which: Interest expense": 207,
        "Cost of sales": 3704,
        "Enterprise cost management": 3512,
        "Total Operating Expenses": 8389,
        "Total revenue financing activities": 38,
        "Net profit from business activities": 2130,
        "Profit": -28,
        "Profit before tax": 2102,
        "Present corporate income tax expenses": 475,
        "Deferred income taxes expenses": "N/A",
        "The interests of minority shareholders": "N/A",
        "Total Cost of profits": 475,
        "Profit after tax corporate income": 1628,
        "Volume": 1518218,
        "Close of Quarter": 18.3,
        "EPS": 3945,
        "Non-adjusted EPS": 3945,
        "PE": 4.6,
        "Book Price": 20.1
      }
    },
    {
      "quarter": "Q2 2015",
      "income status": {
        "Net sales": 36242,
        "Cost of goods sold": 25289,
        "Gross Profit": 10952,
        "Financial expenses": 1165,
        "Of which: Interest expense": 251,
        "Cost of sales": 3533,
        "Enterprise cost management": 3369,
        "Total Operating Expenses": 8067,
        "Total revenue financing activities": 173,
        "Net profit from business activities": 3059,
        "Profit": -45,
        "Profit before tax": 3014,
        "Present corporate income tax expenses": 744,
        "Deferred income taxes expenses": "N/A",
        "The interests of minority shareholders": "N/A",
        "Total Cost of profits": 744,
        "Profit after tax corporate income": 2271,
        "Volume": 1518218,
        "Close of Quarter": 20.5,
        "EPS": 3874,
        "Non-adjusted EPS": 3874,
        "PE": 5.3,
        "Book Price": 19
      }
    },
    {
      "quarter": "Q1 2015",
      "income status": {
        "Net sales": 28652,
        "Cost of goods sold": 21402,
        "Gross Profit": 7249,
        "Financial expenses": 1053,
        "Of which: Interest expense": 216,
        "Cost of sales": 1525,
        "Enterprise cost management": 2803,
        "Total Operating Expenses": 5381,
        "Total revenue financing activities": 217,
        "Net profit from business activities": 2085,
        "Profit": 30,
        "Profit before tax": 2115,
        "Present corporate income tax expenses": 469,
        "Deferred income taxes expenses": "N/A",
        "The interests of minority shareholders": "N/A",
        "Total Cost of profits": 469,
        "Profit after tax corporate income": 1646,
        "Volume": 1518218,
        "Close of Quarter": 23.7,
        "EPS": 4169,
        "Non-adjusted EPS": 4169,
        "PE": 5.7,
        "Book Price": 19.7
      }
    },
    {
      "quarter": "Q4 2014",
      "income status": {
        "Net sales": 35160,
        "Cost of goods sold": 25696,
        "Gross Profit": 9465,
        "Financial expenses": 1039,
        "Of which: Interest expense": 124,
        "Cost of sales": 3724,
        "Enterprise cost management": 3261,
        "Total Operating Expenses": 8024,
        "Total revenue financing activities": 99,
        "Net profit from business activities": 1539,
        "Profit": 16,
        "Profit before tax": 1555,
        "Present corporate income tax expenses": 1111,
        "Deferred income taxes expenses": "N/A",
        "The interests of minority shareholders": "N/A",
        "Total Cost of profits": 1111,
        "Profit after tax corporate income": 444,
        "Volume": 1518218,
        "Close of Quarter": 21.4,
        "EPS": 4117,
        "Non-adjusted EPS": 4117,
        "PE": 5.2,
        "Book Price": 18.6
      }
    },
    {
      "quarter": "Q3 2014",
      "income status": {
        "Net sales": 30743,
        "Cost of goods sold": 22337,
        "Gross Profit": 8405,
        "Financial expenses": 992,
        "Of which: Interest expense": 164,
        "Cost of sales": 2458,
        "Enterprise cost management": 3047,
        "Total Operating Expenses": 6497,
        "Total revenue financing activities": 89,
        "Net profit from business activities": 1998,
        "Profit": -43,
        "Profit before tax": 1955,
        "Present corporate income tax expenses": 434,
        "Deferred income taxes expenses": "N/A",
        "The interests of minority shareholders": "N/A",
        "Total Cost of profits": 434,
        "Profit after tax corporate income": 1521,
        "Volume": 1518218,
        "Close of Quarter": 22.9,
        "EPS": 4850,
        "Non-adjusted EPS": 4850,
        "PE": 4.7,
        "Book Price": 19.7
      }
    },
    {
      "quarter": "Q2 2014",
      "income status": {
        "Net sales": 36814,
        "Cost of goods sold": 27190,
        "Gross Profit": 9624,
        "Financial expenses": 836,
        "Of which: Interest expense": 186,
        "Cost of sales": 2277,
        "Enterprise cost management": 3234,
        "Total Operating Expenses": 6347,
        "Total revenue financing activities": 95,
        "Net profit from business activities": 3372,
        "Profit": 117,
        "Profit before tax": 3489,
        "Present corporate income tax expenses": 771,
        "Deferred income taxes expenses": "N/A",
        "The interests of minority shareholders": "N/A",
        "Total Cost of profits": 771,
        "Profit after tax corporate income": 2718,
        "Volume": 1518218,
        "Close of Quarter": 18.6,
        "EPS": 4949,
        "Non-adjusted EPS": 4949,
        "PE": 3.8,
        "Book Price": 18.8
      }
    },
    {
      "quarter": "Q1 2014",
      "income status": {
        "Net sales": 22971,
        "Cost of goods sold": 16617,
        "Gross Profit": 6354,
        "Financial expenses": 822,
        "Of which: Interest expense": 199,
        "Cost of sales": 1279,
        "Enterprise cost management": 2508,
        "Total Operating Expenses": 4609,
        "Total revenue financing activities": 267,
        "Net profit from business activities": 2013,
        "Profit": 6,
        "Profit before tax": 2019,
        "Present corporate income tax expenses": 451,
        "Deferred income taxes expenses": "N/A",
        "The interests of minority shareholders": "N/A",
        "Total Cost of profits": 451,
        "Profit after tax corporate income": 1568,
        "Volume": 1518218,
        "Close of Quarter": 18.2,
        "EPS": 4372,
        "Non-adjusted EPS": 4372,
        "PE": 4.2,
        "Book Price": 18.8
      }
    },
    {
      "quarter": "Q4 2013",
      "income status": {
        "Net sales": 28980,
        "Cost of goods sold": 21461,
        "Gross Profit": 7519,
        "Financial expenses": 945,
        "Of which: Interest expense": 210,
        "Cost of sales": 1682,
        "Enterprise cost management": 2874,
        "Total Operating Expenses": 5501,
        "Total revenue financing activities": 6,
        "Net profit from business activities": 2024,
        "Profit": 66,
        "Profit before tax": 2091,
        "Present corporate income tax expenses": 534,
        "Deferred income taxes expenses": "N/A",
        "The interests of minority shareholders": "N/A",
        "Total Cost of profits": 534,
        "Profit after tax corporate income": 1557,
        "Volume": 1518218,
        "Close of Quarter": 17.6,
        "EPS": 4397,
        "Non-adjusted EPS": 4397,
        "PE": 4,
        "Book Price": 17.7
      }
    },
    {
      "quarter": "Q3 2013",
      "income status": {
        "Net sales": 26595,
        "Cost of goods sold": 19681,
        "Gross Profit": 6914,
        "Financial expenses": 838,
        "Of which: Interest expense": 216,
        "Cost of sales": 1244,
        "Enterprise cost management": 2668,
        "Total Operating Expenses": 4750,
        "Total revenue financing activities": 90,
        "Net profit from business activities": 2254,
        "Profit": -2,
        "Profit before tax": 2252,
        "Present corporate income tax expenses": 581,
        "Deferred income taxes expenses": "N/A",
        "The interests of minority shareholders": "N/A",
        "Total Cost of profits": 581,
        "Profit after tax corporate income": 1671,
        "Volume": 1518218,
        "Close of Quarter": 12.2,
        "EPS": 4831,
        "Non-adjusted EPS": 4831,
        "PE": 2.5,
        "Book Price": 17.4
      }
    },
    {
      "quarter": "Q2 2013",
      "income status": {
        "Net sales": 29415,
        "Cost of goods sold": 22058,
        "Gross Profit": 7358,
        "Financial expenses": 880,
        "Of which: Interest expense": 274,
        "Cost of sales": 1679,
        "Enterprise cost management": 2546,
        "Total Operating Expenses": 5105,
        "Total revenue financing activities": 138,
        "Net profit from business activities": 2391,
        "Profit": 61,
        "Profit before tax": 2452,
        "Present corporate income tax expenses": 611,
        "Deferred income taxes expenses": "N/A",
        "The interests of minority shareholders": "N/A",
        "Total Cost of profits": 611,
        "Profit after tax corporate income": 1841,
        "Volume": 1518218,
        "Close of Quarter": 16.6,
        "EPS": 5205,
        "Non-adjusted EPS": 5205,
        "PE": 3.2,
        "Book Price": 17.3
      }
    },
    {
      "quarter": "Q1 2013",
      "income status": {
        "Net sales": 23809,
        "Cost of goods sold": 17571,
        "Gross Profit": 6238,
        "Financial expenses": 512,
        "Of which: Interest expense": "N/A",
        "Cost of sales": 1469,
        "Enterprise cost management": 2156,
        "Total Operating Expenses": 4137,
        "Total revenue financing activities": 49,
        "Net profit from business activities": 2150,
        "Profit": -4,
        "Profit before tax": 2146,
        "Present corporate income tax expenses": 539,
        "Deferred income taxes expenses": "N/A",
        "The interests of minority shareholders": "N/A",
        "Total Cost of profits": 539,
        "Profit after tax corporate income": 1607,
        "Volume": 1518218,
        "Close of Quarter": 10.5,
        "EPS": 5393,
        "Non-adjusted EPS": 5393,
        "PE": 2.0,
        "Book Price": 17.5
      }
    },
    {
      "quarter": "Q4 2012",
      "income status": {
        "Net sales": 25129,
        "Cost of goods sold": 18410,
        "Gross Profit": 6719,
        "Financial expenses": 118,
        "Of which: Interest expense": 118,
        "Cost of sales": 1507,
        "Enterprise cost management": 2419,
        "Total Operating Expenses": 4044,
        "Total revenue financing activities": 157,
        "Net profit from business activities": 2832,
        "Profit": -152,
        "Profit before tax": 2680,
        "Present corporate income tax expenses": 464,
        "Deferred income taxes expenses": "N/A",
        "The interests of minority shareholders": "N/A",
        "Total Cost of profits": 464,
        "Profit after tax corporate income": 2216,
        "Volume": 1518218,
        "Close of Quarter": 10.4,
        "EPS": 4881,
        "Non-adjusted EPS": 4881,
        "PE": 2.1,
        "Book Price": 17.5
      }
    },
    {
      "quarter": "Q3 2012",
      "income status": {
        "Net sales": 23608,
        "Cost of goods sold": 16947,
        "Gross Profit": 6661,
        "Financial expenses": 176,
        "Of which: Interest expense": 175,
        "Cost of sales": 1524,
        "Enterprise cost management": 2509,
        "Total Operating Expenses": 4209,
        "Total revenue financing activities": 10,
        "Net profit from business activities": 2462,
        "Profit": 248,
        "Profit before tax": 2710,
        "Present corporate income tax expenses": 470,
        "Deferred income taxes expenses": "N/A",
        "The interests of minority shareholders": "N/A",
        "Total Cost of profits": 470,
        "Profit after tax corporate income": 2239,
        "Volume": 1518218,
        "Close of Quarter": 5.2,
        "EPS": 3821,
        "Non-adjusted EPS": 3821,
        "PE": 1.4,
        "Book Price": 16.1
      }
    },
    {
      "quarter": "Q2 2012",
      "income status": {
        "Net sales": 25058,
        "Cost of goods sold": 19080,
        "Gross Profit": 5978,
        "Financial expenses": 247,
        "Of which: Interest expense": 246,
        "Cost of sales": 1169,
        "Enterprise cost management": 2179,
        "Total Operating Expenses": 3595,
        "Total revenue financing activities": 9,
        "Net profit from business activities": 2392,
        "Profit": 90,
        "Profit before tax": 2483,
        "Present corporate income tax expenses": 357,
        "Deferred income taxes expenses": "N/A",
        "The interests of minority shareholders": "N/A",
        "Total Cost of profits": 357,
        "Profit after tax corporate income": 2125,
        "Volume": 1518218,
        "Close of Quarter": 7.1,
        "EPS": 3032,
        "Non-adjusted EPS": 3032,
        "PE": 2.4,
        "Book Price": 15.6
      }
    },
    {
      "quarter": "Q1 2012",
      "income status": {
        "Net sales": 18665,
        "Cost of goods sold": 14765,
        "Gross Profit": 3901,
        "Financial expenses": 332,
        "Of which: Interest expense": 330,
        "Cost of sales": 901,
        "Enterprise cost management": 1612,
        "Total Operating Expenses": 2845,
        "Total revenue financing activities": 23,
        "Net profit from business activities": 1079,
        "Profit": -5,
        "Profit before tax": 1075,
        "Present corporate income tax expenses": 244,
        "Deferred income taxes expenses": "N/A",
        "The interests of minority shareholders": "N/A",
        "Total Cost of profits": 244,
        "Profit after tax corporate income": 831,
        "Volume": 1518218,
        "Close of Quarter": 8.1,
        "EPS": 2949,
        "Non-adjusted EPS": 2949,
        "PE": 2.8,
        "Book Price": 15.6
      }
    },
    {
      "quarter": "Q4 2011",
      "income status": {
        "Net sales": 23267,
        "Cost of goods sold": 18438,
        "Gross Profit": 4829,
        "Financial expenses": 352,
        "Of which: Interest expense": 315,
        "Cost of sales": 2281,
        "Enterprise cost management": 1666,
        "Total Operating Expenses": 4299,
        "Total revenue financing activities": 20,
        "Net profit from business activities": 550,
        "Profit": 134,
        "Profit before tax": 683,
        "Present corporate income tax expenses": 77,
        "Deferred income taxes expenses": "N/A",
        "The interests of minority shareholders": "N/A",
        "Total Cost of profits": 77,
        "Profit after tax corporate income": 606,
        "Volume": 1518218,
        "Close of Quarter": 3.6,
        "EPS": 3270,
        "Non-adjusted EPS": 3270,
        "PE": 1.1,
        "Book Price": 15.5
      }
    },
    {
      "quarter": "Q3 2011",
      "income status": {
        "Net sales": 20293,
        "Cost of goods sold": 16120,
        "Gross Profit": 4173,
        "Financial expenses": 360,
        "Of which: Interest expense": 348,
        "Cost of sales": 849,
        "Enterprise cost management": 1836,
        "Total Operating Expenses": 3045,
        "Total revenue financing activities": 46,
        "Net profit from business activities": 1174,
        "Profit": -23,
        "Profit before tax": 1151,
        "Present corporate income tax expenses": 109,
        "Deferred income taxes expenses": "N/A",
        "The interests of minority shareholders": "N/A",
        "Total Cost of profits": 109,
        "Profit after tax corporate income": 1041,
        "Volume": 1518218,
        "Close of Quarter": 6.4,
        "EPS": 4092,
        "Non-adjusted EPS": 4092,
        "PE": 1.6,
        "Book Price": 15.8
      }
    },
    {
      "quarter": "Q2 2011",
      "income status": {
        "Net sales": 23199,
        "Cost of goods sold": 17530,
        "Gross Profit": 5669,
        "Financial expenses": 347,
        "Of which: Interest expense": 324,
        "Cost of sales": 1154,
        "Enterprise cost management": 2054,
        "Total Operating Expenses": 3555,
        "Total revenue financing activities": 181,
        "Net profit from business activities": 2294,
        "Profit": 13,
        "Profit before tax": 2307,
        "Present corporate income tax expenses": 308,
        "Deferred income taxes expenses": "N/A",
        "The interests of minority shareholders": "N/A",
        "Total Cost of profits": 308,
        "Profit after tax corporate income": 1999,
        "Volume": 1518218,
        "Close of Quarter": 8.1,
        "EPS": 4215,
        "Non-adjusted EPS": 4215,
        "PE": 1.9,
        "Book Price": 15.2
      }
    },
    {
      "quarter": "Q1 2011",
      "income status": {
        "Net sales": 17863,
        "Cost of goods sold": 13602,
        "Gross Profit": 4262,
        "Financial expenses": 584,
        "Of which: Interest expense": "N/A",
        "Cost of sales": 617,
        "Enterprise cost management": 1611,
        "Total Operating Expenses": 2812,
        "Total revenue financing activities": 101,
        "Net profit from business activities": 1550,
        "Profit": 2,
        "Profit before tax": 1552,
        "Present corporate income tax expenses": 234,
        "Deferred income taxes expenses": "N/A",
        "The interests of minority shareholders": "N/A",
        "Total Cost of profits": 234,
        "Profit after tax corporate income": 1318,
        "Volume": 1518218,
        "Close of Quarter": 8.2,
        "EPS": 3552,
        "Non-adjusted EPS": 3552,
        "PE": 2.3,
        "Book Price": 14.4
      }
    },
    {
      "quarter": "Q4 2010",
      "income status": {
        "Net sales": 19533,
        "Cost of goods sold": 14913,
        "Gross Profit": 4620,
        "Financial expenses": 188,
        "Of which: Interest expense": 186,
        "Cost of sales": 949,
        "Enterprise cost management": 1617,
        "Total Operating Expenses": 2754,
        "Total revenue financing activities": 103,
        "Net profit from business activities": 1969,
        "Profit": 52,
        "Profit before tax": 2021,
        "Present corporate income tax expenses": 167,
        "Deferred income taxes expenses": "N/A",
        "The interests of minority shareholders": "N/A",
        "Total Cost of profits": 167,
        "Profit after tax corporate income": 1854,
        "Volume": 1518218,
        "Close of Quarter": 8.4,
        "EPS": 3515,
        "Non-adjusted EPS": 3515,
        "PE": 2.4,
        "Book Price": 14.9
      }
    },
    {
      "quarter": "Q3 2010",
      "income status": {
        "Net sales": 19675,
        "Cost of goods sold": 15433,
        "Gross Profit": 4243,
        "Financial expenses": 228,
        "Of which: Interest expense": 162,
        "Cost of sales": 1426,
        "Enterprise cost management": 1414,
        "Total Operating Expenses": 3068,
        "Total revenue financing activities": 84,
        "Net profit from business activities": 1259,
        "Profit": 86,
        "Profit before tax": 1345,
        "Present corporate income tax expenses": 116,
        "Deferred income taxes expenses": "N/A",
        "The interests of minority shareholders": "N/A",
        "Total Cost of profits": 116,
        "Profit after tax corporate income": 1229,
        "Volume": 1349641,
        "Close of Quarter": 7.8,
        "EPS": 2813.6,
        "Non-adjusted EPS": 3165,
        "PE": 2.5,
        "Book Price": 14.3
      }
    },
    {
      "quarter": "Q2 2010",
      "income status": {
        "Net sales": 16410,
        "Cost of goods sold": 12355,
        "Gross Profit": 4056,
        "Financial expenses": 311,
        "Of which: Interest expense": 262,
        "Cost of sales": 1066,
        "Enterprise cost management": 1983,
        "Total Operating Expenses": 3360,
        "Total revenue financing activities": 296,
        "Net profit from business activities": 992,
        "Profit": 81,
        "Profit before tax": 1073,
        "Present corporate income tax expenses": 81,
        "Deferred income taxes expenses": "N/A",
        "The interests of minority shareholders": "N/A",
        "Total Cost of profits": 81,
        "Profit after tax corporate income": 991,
        "Volume": 1349641,
        "Close of Quarter": 8.9,
        "EPS": 3365.6,
        "Non-adjusted EPS": 3786,
        "PE": 2.3,
        "Book Price": 14.1
      }
    },
    {
      "quarter": "Q1 2010",
      "income status": {
        "Net sales": 16577,
        "Cost of goods sold": 13054,
        "Gross Profit": 3523,
        "Financial expenses": 316,
        "Of which: Interest expense": 222,
        "Cost of sales": 686,
        "Enterprise cost management": 1238,
        "Total Operating Expenses": 2240,
        "Total revenue financing activities": 49,
        "Net profit from business activities": 1332,
        "Profit": 28,
        "Profit before tax": 1360,
        "Present corporate income tax expenses": 97,
        "Deferred income taxes expenses": "N/A",
        "The interests of minority shareholders": "N/A",
        "Total Cost of profits": 97,
        "Profit after tax corporate income": 1263,
        "Volume": 1349641,
        "Close of Quarter": 8.9,
        "EPS": 3498.1,
        "Non-adjusted EPS": 3935,
        "PE": 2.3,
        "Book Price": 13.4
      }
    },
    {
      "quarter": "Q4 2009",
      "income status": {
        "Net sales": 16732,
        "Cost of goods sold": 12385,
        "Gross Profit": 4348,
        "Financial expenses": 504,
        "Of which: Interest expense": "N/A",
        "Cost of sales": 1435,
        "Enterprise cost management": 1719,
        "Total Operating Expenses": 3658,
        "Total revenue financing activities": 84,
        "Net profit from business activities": 774,
        "Profit": 66,
        "Profit before tax": 840,
        "Present corporate income tax expenses": 51,
        "Deferred income taxes expenses": "N/A",
        "The interests of minority shareholders": "N/A",
        "Total Cost of profits": 51,
        "Profit after tax corporate income": 789,
        "Volume": 1349641,
        "Close of Quarter": 9.6,
        "EPS": 3385.2,
        "Non-adjusted EPS": 3808,
        "PE": 2.5,
        "Book Price": 13.8
      }
    },
    {
      "quarter": "Q3 2009",
      "income status": {
        "Net sales": 17614,
        "Cost of goods sold": 13335,
        "Gross Profit": 4279,
        "Financial expenses": 93,
        "Of which: Interest expense": "N/A",
        "Cost of sales": 770,
        "Enterprise cost management": 1274,
        "Total Operating Expenses": 2137,
        "Total revenue financing activities": 27,
        "Net profit from business activities": 2169,
        "Profit": 12,
        "Profit before tax": 2181,
        "Present corporate income tax expenses": 115,
        "Deferred income taxes expenses": "N/A",
        "The interests of minority shareholders": "N/A",
        "Total Cost of profits": 115,
        "Profit after tax corporate income": 2067,
        "Volume": 1349641,
        "Close of Quarter": 11.6,
        "EPS": 3701.7,
        "Non-adjusted EPS": 4164,
        "PE": 2.8,
        "Book Price": 13.3
      }
    },
    {
      "quarter": "Q2 2009",
      "income status": {
        "Net sales": 14187,
        "Cost of goods sold": 11092,
        "Gross Profit": 3094,
        "Financial expenses": 155,
        "Of which: Interest expense": "N/A",
        "Cost of sales": 723,
        "Enterprise cost management": 1239,
        "Total Operating Expenses": 2117,
        "Total revenue financing activities": 244,
        "Net profit from business activities": 1221,
        "Profit": 28,
        "Profit before tax": 1249,
        "Present corporate income tax expenses": 57,
        "Deferred income taxes expenses": "N/A",
        "The interests of minority shareholders": "N/A",
        "Total Cost of profits": 57,
        "Profit after tax corporate income": 1192,
        "Volume": 1349641,
        "Close of Quarter": 7.1,
        "EPS": 3413.6,
        "Non-adjusted EPS": 3840,
        "PE": 1.9,
        "Book Price": 12.5
      }
    },
    {
      "quarter": "Q1 2009",
      "income status": {
        "Net sales": 15742,
        "Cost of goods sold": 12958,
        "Gross Profit": 2784,
        "Financial expenses": 360,
        "Of which: Interest expense": 281,
        "Cost of sales": 509,
        "Enterprise cost management": 876,
        "Total Operating Expenses": 1745,
        "Total revenue financing activities": 30,
        "Net profit from business activities": 1069,
        "Profit": 82,
        "Profit before tax": 1151,
        "Present corporate income tax expenses": 60,
        "Deferred income taxes expenses": "N/A",
        "The interests of minority shareholders": "N/A",
        "Total Cost of profits": 60,
        "Profit after tax corporate income": 1091,
        "Volume": 1349641,
        "Close of Quarter": 5.9,
        "EPS": 3220.7,
        "Non-adjusted EPS": 3623,
        "PE": 1.6,
        "Book Price": 11.8
      }
    },
    {
      "quarter": "Q4 2008",
      "income status": {
        "Net sales": 14905,
        "Cost of goods sold": 10781,
        "Gross Profit": 4125,
        "Financial expenses": 697,
        "Of which: Interest expense": 435,
        "Cost of sales": 843,
        "Enterprise cost management": 1329,
        "Total Operating Expenses": 2869,
        "Total revenue financing activities": 72,
        "Net profit from business activities": 1328,
        "Profit": 48,
        "Profit before tax": 1376,
        "Present corporate income tax expenses": 106,
        "Deferred income taxes expenses": "N/A",
        "The interests of minority shareholders": "N/A",
        "Total Cost of profits": 106,
        "Profit after tax corporate income": 1270,
        "Volume": 1349641,
        "Close of Quarter": 6.4,
        "EPS": 2923.8,
        "Non-adjusted EPS": 3289,
        "PE": 2.0,
        "Book Price": 11.9
      }
    },
    {
      "quarter": "Q3 2008",
      "income status": {
        "Net sales": 16069,
        "Cost of goods sold": 12004,
        "Gross Profit": 4065,
        "Financial expenses": 661,
        "Of which: Interest expense": 627,
        "Cost of sales": 619,
        "Enterprise cost management": 1120,
        "Total Operating Expenses": 2400,
        "Total revenue financing activities": 97,
        "Net profit from business activities": 1761,
        "Profit": 1,
        "Profit before tax": 1762,
        "Present corporate income tax expenses": 132,
        "Deferred income taxes expenses": "N/A",
        "The interests of minority shareholders": "N/A",
        "Total Cost of profits": 132,
        "Profit after tax corporate income": 1630,
        "Volume": 1349641,
        "Close of Quarter": 8.7,
        "EPS": 2867.8,
        "Non-adjusted EPS": 3226,
        "PE": 2.7,
        "Book Price": 11.8
      }
    },
    {
      "quarter": "Q2 2008",
      "income status": {
        "Net sales": 14698,
        "Cost of goods sold": 11317,
        "Gross Profit": 3381,
        "Financial expenses": 790,
        "Of which: Interest expense": 407,
        "Cost of sales": 733,
        "Enterprise cost management": 981,
        "Total Operating Expenses": 2504,
        "Total revenue financing activities": 77,
        "Net profit from business activities": 954,
        "Profit": 19,
        "Profit before tax": 972,
        "Present corporate income tax expenses": 73,
        "Deferred income taxes expenses": "N/A",
        "The interests of minority shareholders": "N/A",
        "Total Cost of profits": 73,
        "Profit after tax corporate income": 899,
        "Volume": 1140000,
        "Close of Quarter": 6.9,
        "EPS": 2402.1,
        "Non-adjusted EPS": 3199,
        "PE": 2.2,
        "Book Price": 11.3
      }
    },
    {
      "quarter": "Q1 2008",
      "income status": {
        "Net sales": 14028,
        "Cost of goods sold": 11578,
        "Gross Profit": 2451,
        "Financial expenses": 333,
        "Of which: Interest expense": 274,
        "Cost of sales": 534,
        "Enterprise cost management": 966,
        "Total Operating Expenses": 1833,
        "Total revenue financing activities": 36,
        "Net profit from business activities": 654,
        "Profit": 37,
        "Profit before tax": 692,
        "Present corporate income tax expenses": 52,
        "Deferred income taxes expenses": "N/A",
        "The interests of minority shareholders": "N/A",
        "Total Cost of profits": 52,
        "Profit after tax corporate income": 640,
        "Volume": 1140000,
        "Close of Quarter": 7.2,
        "EPS": 2347.3,
        "Non-adjusted EPS": 3126,
        "PE": 2.3,
        "Book Price": 10.8
      }
    },
    {
      "quarter": "Q4 2007",
      "income status": {
        "Net sales": 14856,
        "Cost of goods sold": 11679,
        "Gross Profit": 3177,
        "Financial expenses": 239,
        "Of which: Interest expense": 226,
        "Cost of sales": 481,
        "Enterprise cost management": 1271,
        "Total Operating Expenses": 1991,
        "Total revenue financing activities": 23,
        "Net profit from business activities": 1209,
        "Profit": 71,
        "Profit before tax": 1280,
        "Present corporate income tax expenses": 95,
        "Deferred income taxes expenses": "N/A",
        "The interests of minority shareholders": "N/A",
        "Total Cost of profits": 95,
        "Profit after tax corporate income": 1185,
        "Volume": 1140000,
        "Close of Quarter": 14.2,
        "EPS": 2307.5,
        "Non-adjusted EPS": 3073,
        "PE": 4.6,
        "Book Price": 10.8
      }
    },
    {
      "quarter": "Q3 2007",
      "income status": {
        "Net sales": 12626,
        "Cost of goods sold": 10061,
        "Gross Profit": 2565,
        "Financial expenses": 274,
        "Of which: Interest expense": 254,
        "Cost of sales": 615,
        "Enterprise cost management": 721,
        "Total Operating Expenses": 1610,
        "Total revenue financing activities": 44,
        "Net profit from business activities": 999,
        "Profit": -1,
        "Profit before tax": 998,
        "Present corporate income tax expenses": 75,
        "Deferred income taxes expenses": "N/A",
        "The interests of minority shareholders": "N/A",
        "Total Cost of profits": 75,
        "Profit after tax corporate income": 923,
        "Volume": 1140000,
        "Close of Quarter": 12.3,
        "EPS": 2056.7,
        "Non-adjusted EPS": 2739,
        "PE": 4.5,
        "Book Price": 10.0
      }
    },
    {
      "quarter": "Q2 2007",
      "income status": {
        "Net sales": 11164,
        "Cost of goods sold": 8838,
        "Gross Profit": 2326,
        "Financial expenses": 277,
        "Of which: Interest expense": 261,
        "Cost of sales": 439,
        "Enterprise cost management": 750,
        "Total Operating Expenses": 1466,
        "Total revenue financing activities": 15,
        "Net profit from business activities": 875,
        "Profit": 7,
        "Profit before tax": 882,
        "Present corporate income tax expenses": 66,
        "Deferred income taxes expenses": "N/A",
        "The interests of minority shareholders": "N/A",
        "Total Cost of profits": 66,
        "Profit after tax corporate income": 816,
        "Volume": 1140000,
        "Close of Quarter": 12.5,
        "EPS": 1595.6,
        "Non-adjusted EPS": 2125,
        "PE": 5.9,
        "Book Price": 9.5
      }
    },
    {
      "quarter": "Q1 2007",
      "income status": {
        "Net sales": 10641,
        "Cost of goods sold": 8569,
        "Gross Profit": 2073,
        "Financial expenses": 274,
        "Of which: Interest expense": 266,
        "Cost of sales": 537,
        "Enterprise cost management": 700,
        "Total Operating Expenses": 1511,
        "Total revenue financing activities": 44,
        "Net profit from business activities": 606,
        "Profit": 20,
        "Profit before tax": 626,
        "Present corporate income tax expenses": 47,
        "Deferred income taxes expenses": "N/A",
        "The interests of minority shareholders": "N/A",
        "Total Cost of profits": 47,
        "Profit after tax corporate income": 579,
        "Volume": 1140000,
        "Close of Quarter": 13.9,
        "EPS": 1597.1,
        "Non-adjusted EPS": 2127,
        "PE": 6.5,
        "Book Price": 8.9
      }
    },
    {
      "quarter": "Q4 2006",
      "income status": {
        "Net sales": 12128,
        "Cost of goods sold": 9607,
        "Gross Profit": 2521,
        "Financial expenses": 252,
        "Of which: Interest expense": 246,
        "Cost of sales": 504,
        "Enterprise cost management": 998,
        "Total Operating Expenses": 1754,
        "Total revenue financing activities": 15,
        "Net profit from business activities": 781,
        "Profit": 6,
        "Profit before tax": 787,
        "Present corporate income tax expenses": -18,
        "Deferred income taxes expenses": "N/A",
        "The interests of minority shareholders": "N/A",
        "Total Cost of profits": -18,
        "Profit after tax corporate income": 805,
        "Volume": 1140000,
        "Close of Quarter": 18.2,
        "EPS": 1615.1,
        "Non-adjusted EPS": 2151,
        "PE": 8.4,
        "Book Price": 8.8
      }
    },
    {
      "quarter": "Q3 2006",
      "income status": {
        "Net sales": 10626,
        "Cost of goods sold": 8672,
        "Gross Profit": 1953,
        "Financial expenses": 264,
        "Of which: Interest expense": 255,
        "Cost of sales": 554,
        "Enterprise cost management": 912,
        "Total Operating Expenses": 1730,
        "Total revenue financing activities": 8,
        "Net profit from business activities": 231,
        "Profit": 10,
        "Profit before tax": 241,
        "Present corporate income tax expenses": 18,
        "Deferred income taxes expenses": "N/A",
        "The interests of minority shareholders": "N/A",
        "Total Cost of profits": 18,
        "Profit after tax corporate income": 223,
        "Volume": 1140000,
        "Close of Quarter": "N/A",
        "EPS": 1085.0,
        "Non-adjusted EPS": 1445,
        "PE": "N/A",
        "Book Price": "N/A"
      }
    },
    {
      "quarter": "Q2 2006",
      "income status": {
        "Net sales": 12401,
        "Cost of goods sold": 9754,
        "Gross Profit": 2647,
        "Financial expenses": 242,
        "Of which: Interest expense": 235,
        "Cost of sales": 568,
        "Enterprise cost management": 995,
        "Total Operating Expenses": 1805,
        "Total revenue financing activities": 9,
        "Net profit from business activities": 852,
        "Profit": 33,
        "Profit before tax": 885,
        "Present corporate income tax expenses": 66,
        "Deferred income taxes expenses": "N/A",
        "The interests of minority shareholders": "N/A",
        "Total Cost of profits": 66,
        "Profit after tax corporate income": 818,
        "Volume": 1140000,
        "Close of Quarter": "N/A",
        "EPS": 937.9,
        "Non-adjusted EPS": 1249,
        "PE": "N/A",
        "Book Price": "N/A"
      }
    },
    {
      "quarter": "Q1 2006",
      "income status": {
        "Net sales": 9985,
        "Cost of goods sold": 7952,
        "Gross Profit": 2034,
        "Financial expenses": 255,
        "Of which: Interest expense": 245,
        "Cost of sales": 382,
        "Enterprise cost management": 746,
        "Total Operating Expenses": 1383,
        "Total revenue financing activities": 5,
        "Net profit from business activities": 655,
        "Profit": -1,
        "Profit before tax": 655,
        "Present corporate income tax expenses": 49,
        "Deferred income taxes expenses": "N/A",
        "The interests of minority shareholders": "N/A",
        "Total Cost of profits": 49,
        "Profit after tax corporate income": 606,
        "Volume": 1140000,
        "Close of Quarter": "N/A",
        "EPS": 399.5,
        "Non-adjusted EPS": 532,
        "PE": "N/A",
        "Book Price": "N/A"
      }
    }
  ]
}