{
  "ticker": "VHG",
  "data": [
    {
      "quarter": "Q1 2017",
      "income status": {
        "Net sales": 16079,
        "Cost of goods sold": 16058,
        "Gross Profit": 21,
        "Financial expenses": 22910,
        "Of which: Interest expense": "N/A",
        "Cost of sales": 8,
        "Enterprise cost management": 536,
        "Total Operating Expenses": 23454,
        "Total revenue financing activities": 2,
        "Net profit from business activities": -23432,
        "Profit": -38185,
        "Profit before tax": -61617,
        "Present corporate income tax expenses": "N/A",
        "Deferred income taxes expenses": 5463,
        "The interests of minority shareholders": -1327,
        "Total Cost of profits": 4136,
        "Profit after tax corporate income": -65753,
        "Volume": 150000000,
        "Close of Quarter": 2.7,
        "EPS": -614,
        "Non-adjusted EPS": -614,
        "PE": -4.4,
        "Book Price": 10.9
      }
    },
    {
      "quarter": "Q4 2016",
      "income status": {
        "Net sales": 139618,
        "Cost of goods sold": 133939,
        "Gross Profit": 5679,
        "Financial expenses": -315,
        "Of which: Interest expense": 1375,
        "Cost of sales": 31,
        "Enterprise cost management": 39860,
        "Total Operating Expenses": 39576,
        "Total revenue financing activities": 26953,
        "Net profit from business activities": -6943,
        "Profit": -3646,
        "Profit before tax": -10589,
        "Present corporate income tax expenses": 2147,
        "Deferred income taxes expenses": -416,
        "The interests of minority shareholders": 910,
        "Total Cost of profits": 2641,
        "Profit after tax corporate income": -13230,
        "Volume": 150000000,
        "Close of Quarter": 2.2,
        "EPS": -159,
        "Non-adjusted EPS": -159,
        "PE": -13.6,
        "Book Price": 11.1
      }
    },
    {
      "quarter": "Q3 2016",
      "income status": {
        "Net sales": 50148,
        "Cost of goods sold": 40456,
        "Gross Profit": 9692,
        "Financial expenses": 28076,
        "Of which: Interest expense": 1933,
        "Cost of sales": 676,
        "Enterprise cost management": 425,
        "Total Operating Expenses": 29177,
        "Total revenue financing activities": 3705,
        "Net profit from business activities": -15779,
        "Profit": -876,
        "Profit before tax": -16656,
        "Present corporate income tax expenses": -116,
        "Deferred income taxes expenses": 476,
        "The interests of minority shareholders": 597,
        "Total Cost of profits": 957,
        "Profit after tax corporate income": -17613,
        "Volume": 150000000,
        "Close of Quarter": 2.4,
        "EPS": -37,
        "Non-adjusted EPS": -37,
        "PE": -64.9,
        "Book Price": 11.7
      }
    },
    {
      "quarter": "Q2 2016",
      "income status": {
        "Net sales": 375255,
        "Cost of goods sold": 375208,
        "Gross Profit": 47,
        "Financial expenses": 2094,
        "Of which: Interest expense": 3691,
        "Cost of sales": -36,
        "Enterprise cost management": 4614,
        "Total Operating Expenses": 6672,
        "Total revenue financing activities": 9769,
        "Net profit from business activities": 4501,
        "Profit": -27,
        "Profit before tax": 4475,
        "Present corporate income tax expenses": 36,
        "Deferred income taxes expenses": -93,
        "The interests of minority shareholders": 110,
        "Total Cost of profits": 53,
        "Profit after tax corporate income": 4422,
        "Volume": 150000000,
        "Close of Quarter": 4.3,
        "EPS": 241,
        "Non-adjusted EPS": 241,
        "PE": 17.8,
        "Book Price": 11.5
      }
    },
    {
      "quarter": "Q1 2016",
      "income status": {
        "Net sales": 589993,
        "Cost of goods sold": 590343,
        "Gross Profit": -350,
        "Financial expenses": 12378,
        "Of which: Interest expense": 9608,
        "Cost of sales": 103,
        "Enterprise cost management": 1317,
        "Total Operating Expenses": 13798,
        "Total revenue financing activities": 15134,
        "Net profit from business activities": 4419,
        "Profit": -22,
        "Profit before tax": 4398,
        "Present corporate income tax expenses": 1895,
        "Deferred income taxes expenses": "N/A",
        "The interests of minority shareholders": -12,
        "Total Cost of profits": 1883,
        "Profit after tax corporate income": 2515,
        "Volume": 150000000,
        "Close of Quarter": 5.6,
        "EPS": 408,
        "Non-adjusted EPS": 408,
        "PE": 13.7,
        "Book Price": 11.4
      }
    },
    {
      "quarter": "Q4 2015",
      "income status": {
        "Net sales": 215856,
        "Cost of goods sold": 216068,
        "Gross Profit": -213,
        "Financial expenses": 1647,
        "Of which: Interest expense": 1782,
        "Cost of sales": "N/A",
        "Enterprise cost management": 1480,
        "Total Operating Expenses": 3127,
        "Total revenue financing activities": 10297,
        "Net profit from business activities": 8027,
        "Profit": -1168,
        "Profit before tax": 6859,
        "Present corporate income tax expenses": 4942,
        "Deferred income taxes expenses": -3638,
        "The interests of minority shareholders": 398,
        "Total Cost of profits": 1702,
        "Profit after tax corporate income": 5157,
        "Volume": 150000000,
        "Close of Quarter": 6.7,
        "EPS": 472,
        "Non-adjusted EPS": 472,
        "PE": 14.2,
        "Book Price": 11.4
      }
    },
    {
      "quarter": "Q3 2015",
      "income status": {
        "Net sales": 209681,
        "Cost of goods sold": 185930,
        "Gross Profit": 23751,
        "Financial expenses": 8776,
        "Of which: Interest expense": 1984,
        "Cost of sales": 50,
        "Enterprise cost management": 3115,
        "Total Operating Expenses": 11941,
        "Total revenue financing activities": 7781,
        "Net profit from business activities": 23205,
        "Profit": -295,
        "Profit before tax": 22910,
        "Present corporate income tax expenses": 177,
        "Deferred income taxes expenses": -1540,
        "The interests of minority shareholders": 288,
        "Total Cost of profits": -1075,
        "Profit after tax corporate income": 23985,
        "Volume": 150000000,
        "Close of Quarter": 8,
        "EPS": 517,
        "Non-adjusted EPS": 517,
        "PE": 15.5,
        "Book Price": 11.6
      }
    },
    {
      "quarter": "Q2 2015",
      "income status": {
        "Net sales": 142297,
        "Cost of goods sold": 135998,
        "Gross Profit": 6299,
        "Financial expenses": -4065,
        "Of which: Interest expense": 1016,
        "Cost of sales": 101,
        "Enterprise cost management": 4752,
        "Total Operating Expenses": 788,
        "Total revenue financing activities": 25326,
        "Net profit from business activities": 34845,
        "Profit": 818,
        "Profit before tax": 35663,
        "Present corporate income tax expenses": 932,
        "Deferred income taxes expenses": 5178,
        "The interests of minority shareholders": -38,
        "Total Cost of profits": 6072,
        "Profit after tax corporate income": 29591,
        "Volume": 75000000,
        "Close of Quarter": 10.5,
        "EPS": 708.5,
        "Non-adjusted EPS": 1417,
        "PE": 7.4,
        "Book Price": 6.6
      }
    },
    {
      "quarter": "Q1 2015",
      "income status": {
        "Net sales": 91838,
        "Cost of goods sold": 90366,
        "Gross Profit": 1471,
        "Financial expenses": 6654,
        "Of which: Interest expense": 1489,
        "Cost of sales": 243,
        "Enterprise cost management": 772,
        "Total Operating Expenses": 7669,
        "Total revenue financing activities": 20771,
        "Net profit from business activities": 15260,
        "Profit": -3,
        "Profit before tax": 15257,
        "Present corporate income tax expenses": 3395,
        "Deferred income taxes expenses": "N/A",
        "The interests of minority shareholders": -177,
        "Total Cost of profits": 3218,
        "Profit after tax corporate income": 12039,
        "Volume": 75000000,
        "Close of Quarter": 11.4,
        "EPS": 674.5,
        "Non-adjusted EPS": 1349,
        "PE": 8.5,
        "Book Price": 6.5
      }
    },
    {
      "quarter": "Q4 2014",
      "income status": {
        "Net sales": 123060,
        "Cost of goods sold": 121334,
        "Gross Profit": 1726,
        "Financial expenses": 1088,
        "Of which: Interest expense": 864,
        "Cost of sales": 11,
        "Enterprise cost management": 3059,
        "Total Operating Expenses": 4158,
        "Total revenue financing activities": 17460,
        "Net profit from business activities": 15028,
        "Profit": 464,
        "Profit before tax": 15492,
        "Present corporate income tax expenses": 3594,
        "Deferred income taxes expenses": "N/A",
        "The interests of minority shareholders": 36,
        "Total Cost of profits": 3630,
        "Profit after tax corporate income": 11863,
        "Volume": 75000000,
        "Close of Quarter": 11.8,
        "EPS": 623.5,
        "Non-adjusted EPS": 1247,
        "PE": 9.5,
        "Book Price": 6.3
      }
    },
    {
      "quarter": "Q3 2014",
      "income status": {
        "Net sales": 165915,
        "Cost of goods sold": 111629,
        "Gross Profit": 54286,
        "Financial expenses": 1379,
        "Of which: Interest expense": 1379,
        "Cost of sales": 53,
        "Enterprise cost management": 1728,
        "Total Operating Expenses": 3160,
        "Total revenue financing activities": 3014,
        "Net profit from business activities": 54140,
        "Profit": -681,
        "Profit before tax": 53459,
        "Present corporate income tax expenses": 733,
        "Deferred income taxes expenses": "N/A",
        "The interests of minority shareholders": -93,
        "Total Cost of profits": 640,
        "Profit after tax corporate income": 52819,
        "Volume": 75000000,
        "Close of Quarter": 12,
        "EPS": 596,
        "Non-adjusted EPS": 1192,
        "PE": 10.1,
        "Book Price": 6.2
      }
    },
    {
      "quarter": "Q2 2014",
      "income status": {
        "Net sales": 106663,
        "Cost of goods sold": 87046,
        "Gross Profit": 19617,
        "Financial expenses": 1912,
        "Of which: Interest expense": 1895,
        "Cost of sales": 118,
        "Enterprise cost management": 1891,
        "Total Operating Expenses": 3921,
        "Total revenue financing activities": 8598,
        "Net profit from business activities": 24294,
        "Profit": 2642,
        "Profit before tax": 26936,
        "Present corporate income tax expenses": 3009,
        "Deferred income taxes expenses": "N/A",
        "The interests of minority shareholders": -557,
        "Total Cost of profits": 2452,
        "Profit after tax corporate income": 24484,
        "Volume": 37500000,
        "Close of Quarter": 9.8,
        "EPS": 384.8,
        "Non-adjusted EPS": 1539,
        "PE": 6.4,
        "Book Price": 3.3
      }
    },
    {
      "quarter": "Q1 2014",
      "income status": {
        "Net sales": 36736,
        "Cost of goods sold": 29538,
        "Gross Profit": 7197,
        "Financial expenses": 1826,
        "Of which: Interest expense": 1813,
        "Cost of sales": 15,
        "Enterprise cost management": 2000,
        "Total Operating Expenses": 3841,
        "Total revenue financing activities": 624,
        "Net profit from business activities": 3981,
        "Profit": 786,
        "Profit before tax": 4767,
        "Present corporate income tax expenses": 438,
        "Deferred income taxes expenses": "N/A",
        "The interests of minority shareholders": -9,
        "Total Cost of profits": 429,
        "Profit after tax corporate income": 4339,
        "Volume": 37500000,
        "Close of Quarter": 11.3,
        "EPS": 656,
        "Non-adjusted EPS": 2624,
        "PE": 4.3,
        "Book Price": 3.1
      }
    },
    {
      "quarter": "Q4 2013",
      "income status": {
        "Net sales": 19323,
        "Cost of goods sold": 22516,
        "Gross Profit": -3193,
        "Financial expenses": 1333,
        "Of which: Interest expense": 1759,
        "Cost of sales": 33,
        "Enterprise cost management": 2185,
        "Total Operating Expenses": 3551,
        "Total revenue financing activities": 16639,
        "Net profit from business activities": 9895,
        "Profit": 570,
        "Profit before tax": 10465,
        "Present corporate income tax expenses": 2734,
        "Deferred income taxes expenses": "N/A",
        "The interests of minority shareholders": -33,
        "Total Cost of profits": 2701,
        "Profit after tax corporate income": 7764,
        "Volume": 37500000,
        "Close of Quarter": 7.1,
        "EPS": 562.5,
        "Non-adjusted EPS": 2250,
        "PE": 3.2,
        "Book Price": 3.0
      }
    },
    {
      "quarter": "Q3 2013",
      "income status": {
        "Net sales": 71631,
        "Cost of goods sold": 68470,
        "Gross Profit": 3162,
        "Financial expenses": 2375,
        "Of which: Interest expense": 2229,
        "Cost of sales": 217,
        "Enterprise cost management": 4853,
        "Total Operating Expenses": 7445,
        "Total revenue financing activities": 32103,
        "Net profit from business activities": 27821,
        "Profit": 711,
        "Profit before tax": 28083,
        "Present corporate income tax expenses": 6893,
        "Deferred income taxes expenses": 70,
        "The interests of minority shareholders": "N/A",
        "Total Cost of profits": 6963,
        "Profit after tax corporate income": 21120,
        "Volume": 25000000,
        "Close of Quarter": 7.4,
        "EPS": 416,
        "Non-adjusted EPS": 2496,
        "PE": 3.0,
        "Book Price": 2.9
      }
    },
    {
      "quarter": "Q2 2013",
      "income status": {
        "Net sales": 67431,
        "Cost of goods sold": 59949,
        "Gross Profit": 7482,
        "Financial expenses": 4381,
        "Of which: Interest expense": 3905,
        "Cost of sales": 3548,
        "Enterprise cost management": 9365,
        "Total Operating Expenses": 17294,
        "Total revenue financing activities": 32284,
        "Net profit from business activities": 22472,
        "Profit": 43728,
        "Profit before tax": 66200,
        "Present corporate income tax expenses": 1039,
        "Deferred income taxes expenses": "N/A",
        "The interests of minority shareholders": "N/A",
        "Total Cost of profits": 1039,
        "Profit after tax corporate income": 65161,
        "Volume": 25000000,
        "Close of Quarter": 3.1,
        "EPS": 237.3,
        "Non-adjusted EPS": 1424,
        "PE": 2.2,
        "Book Price": 2.8
      }
    },
    {
      "quarter": "Q1 2013",
      "income status": {
        "Net sales": 30469,
        "Cost of goods sold": 30121,
        "Gross Profit": 348,
        "Financial expenses": 3736,
        "Of which: Interest expense": 3722,
        "Cost of sales": 2620,
        "Enterprise cost management": 3456,
        "Total Operating Expenses": 9812,
        "Total revenue financing activities": 22,
        "Net profit from business activities": -9443,
        "Profit": -245,
        "Profit before tax": -9688,
        "Present corporate income tax expenses": "N/A",
        "Deferred income taxes expenses": "N/A",
        "The interests of minority shareholders": "N/A",
        "Total Cost of profits": 0,
        "Profit after tax corporate income": -9688,
        "Volume": 25000000,
        "Close of Quarter": 2.7,
        "EPS": -265.5,
        "Non-adjusted EPS": -1593,
        "PE": -1.7,
        "Book Price": 2.3
      }
    },
    {
      "quarter": "Q4 2012",
      "income status": {
        "Net sales": 34604,
        "Cost of goods sold": 36932,
        "Gross Profit": -2328,
        "Financial expenses": 3934,
        "Of which: Interest expense": 3999,
        "Cost of sales": 2618,
        "Enterprise cost management": 6149,
        "Total Operating Expenses": 12701,
        "Total revenue financing activities": 870,
        "Net profit from business activities": -14159,
        "Profit": -34,
        "Profit before tax": -14193,
        "Present corporate income tax expenses": "N/A",
        "Deferred income taxes expenses": "N/A",
        "The interests of minority shareholders": "N/A",
        "Total Cost of profits": 0,
        "Profit after tax corporate income": -14193,
        "Volume": 25000000,
        "Close of Quarter": 2.2,
        "EPS": -241,
        "Non-adjusted EPS": -1446,
        "PE": -1.5,
        "Book Price": 2.4
      }
    },
    {
      "quarter": "Q3 2012",
      "income status": {
        "Net sales": 40043,
        "Cost of goods sold": 35492,
        "Gross Profit": 4551,
        "Financial expenses": 4449,
        "Of which: Interest expense": 4118,
        "Cost of sales": 2505,
        "Enterprise cost management": 3184,
        "Total Operating Expenses": 10138,
        "Total revenue financing activities": 63,
        "Net profit from business activities": -5524,
        "Profit": -166,
        "Profit before tax": -5690,
        "Present corporate income tax expenses": "N/A",
        "Deferred income taxes expenses": "N/A",
        "The interests of minority shareholders": "N/A",
        "Total Cost of profits": 0,
        "Profit after tax corporate income": -5690,
        "Volume": 25000000,
        "Close of Quarter": 1.5,
        "EPS": -232.5,
        "Non-adjusted EPS": -1395,
        "PE": -1.1,
        "Book Price": 2.5
      }
    },
    {
      "quarter": "Q2 2012",
      "income status": {
        "Net sales": 38433,
        "Cost of goods sold": 35634,
        "Gross Profit": 2799,
        "Financial expenses": 4237,
        "Of which: Interest expense": 4184,
        "Cost of sales": 2808,
        "Enterprise cost management": 4711,
        "Total Operating Expenses": 11756,
        "Total revenue financing activities": 265,
        "Net profit from business activities": -8693,
        "Profit": -1484,
        "Profit before tax": -10177,
        "Present corporate income tax expenses": 75,
        "Deferred income taxes expenses": "N/A",
        "The interests of minority shareholders": "N/A",
        "Total Cost of profits": 75,
        "Profit after tax corporate income": -10252,
        "Volume": 25000000,
        "Close of Quarter": 2.6,
        "EPS": -247,
        "Non-adjusted EPS": -1482,
        "PE": -1.8,
        "Book Price": 2.5
      }
    },
    {
      "quarter": "Q1 2012",
      "income status": {
        "Net sales": 55207,
        "Cost of goods sold": 52067,
        "Gross Profit": 3140,
        "Financial expenses": 3427,
        "Of which: Interest expense": 4397,
        "Cost of sales": 3046,
        "Enterprise cost management": 2853,
        "Total Operating Expenses": 9326,
        "Total revenue financing activities": 351,
        "Net profit from business activities": -5834,
        "Profit": -188,
        "Profit before tax": -6022,
        "Present corporate income tax expenses": "N/A",
        "Deferred income taxes expenses": "N/A",
        "The interests of minority shareholders": "N/A",
        "Total Cost of profits": 0,
        "Profit after tax corporate income": -6022,
        "Volume": 25000000,
        "Close of Quarter": 3.3,
        "EPS": -262.2,
        "Non-adjusted EPS": -1573,
        "PE": -2.1,
        "Book Price": 2.6
      }
    },
    {
      "quarter": "Q4 2011",
      "income status": {
        "Net sales": 54437,
        "Cost of goods sold": 51950,
        "Gross Profit": 2487,
        "Financial expenses": 6209,
        "Of which: Interest expense": 5071,
        "Cost of sales": 5182,
        "Enterprise cost management": 3766,
        "Total Operating Expenses": 15157,
        "Total revenue financing activities": 517,
        "Net profit from business activities": -12153,
        "Profit": -761,
        "Profit before tax": -12914,
        "Present corporate income tax expenses": "N/A",
        "Deferred income taxes expenses": "N/A",
        "The interests of minority shareholders": "N/A",
        "Total Cost of profits": 0,
        "Profit after tax corporate income": -12914,
        "Volume": 25000000,
        "Close of Quarter": 2.6,
        "EPS": -210.5,
        "Non-adjusted EPS": -1263,
        "PE": -2.0,
        "Book Price": 2.7
      }
    },
    {
      "quarter": "Q3 2011",
      "income status": {
        "Net sales": 51805,
        "Cost of goods sold": 47550,
        "Gross Profit": 4255,
        "Financial expenses": 5003,
        "Of which: Interest expense": 4484,
        "Cost of sales": 3881,
        "Enterprise cost management": 3896,
        "Total Operating Expenses": 12780,
        "Total revenue financing activities": 206,
        "Net profit from business activities": -8319,
        "Profit": 449,
        "Profit before tax": -7870,
        "Present corporate income tax expenses": "N/A",
        "Deferred income taxes expenses": "N/A",
        "The interests of minority shareholders": "N/A",
        "Total Cost of profits": 0,
        "Profit after tax corporate income": -7870,
        "Volume": 25000000,
        "Close of Quarter": 4.7,
        "EPS": -124,
        "Non-adjusted EPS": -744,
        "PE": -6.3,
        "Book Price": 2.7
      }
    },
    {
      "quarter": "Q2 2011",
      "income status": {
        "Net sales": 64248,
        "Cost of goods sold": 57831,
        "Gross Profit": 6416,
        "Financial expenses": 7529,
        "Of which: Interest expense": 3467,
        "Cost of sales": 6109,
        "Enterprise cost management": 4485,
        "Total Operating Expenses": 18123,
        "Total revenue financing activities": 447,
        "Net profit from business activities": -11260,
        "Profit": -1527,
        "Profit before tax": -12787,
        "Present corporate income tax expenses": -259,
        "Deferred income taxes expenses": "N/A",
        "The interests of minority shareholders": "N/A",
        "Total Cost of profits": -259,
        "Profit after tax corporate income": -12528,
        "Volume": 25000000,
        "Close of Quarter": 5.0,
        "EPS": -69.2,
        "Non-adjusted EPS": -415,
        "PE": -12.0,
        "Book Price": 2.8
      }
    },
    {
      "quarter": "Q1 2011",
      "income status": {
        "Net sales": 77264,
        "Cost of goods sold": 64701,
        "Gross Profit": 12563,
        "Financial expenses": 2901,
        "Of which: Interest expense": -1745,
        "Cost of sales": 4149,
        "Enterprise cost management": 3689,
        "Total Operating Expenses": 10739,
        "Total revenue financing activities": 191,
        "Net profit from business activities": 2016,
        "Profit": -7,
        "Profit before tax": 2008,
        "Present corporate income tax expenses": 259,
        "Deferred income taxes expenses": "N/A",
        "The interests of minority shareholders": "N/A",
        "Total Cost of profits": 259,
        "Profit after tax corporate income": 1749,
        "Volume": 25000000,
        "Close of Quarter": 6.5,
        "EPS": 133.2,
        "Non-adjusted EPS": 799,
        "PE": 8.2,
        "Book Price": 3.0
      }
    },
    {
      "quarter": "Q4 2010",
      "income status": {
        "Net sales": 78302,
        "Cost of goods sold": 66113,
        "Gross Profit": 12189,
        "Financial expenses": 5832,
        "Of which: Interest expense": 1286,
        "Cost of sales": 6284,
        "Enterprise cost management": 3433,
        "Total Operating Expenses": 15549,
        "Total revenue financing activities": 3428,
        "Net profit from business activities": 67,
        "Profit": -34,
        "Profit before tax": 33,
        "Present corporate income tax expenses": -12,
        "Deferred income taxes expenses": "N/A",
        "The interests of minority shareholders": "N/A",
        "Total Cost of profits": -12,
        "Profit after tax corporate income": 45,
        "Volume": 25000000,
        "Close of Quarter": 9.4,
        "EPS": 156.5,
        "Non-adjusted EPS": 939,
        "PE": 10,
        "Book Price": 3.1
      }
    },
    {
      "quarter": "Q3 2010",
      "income status": {
        "Net sales": 77309,
        "Cost of goods sold": 65910,
        "Gross Profit": 11399,
        "Financial expenses": 2857,
        "Of which: Interest expense": 1205,
        "Cost of sales": 4345,
        "Enterprise cost management": 3818,
        "Total Operating Expenses": 11020,
        "Total revenue financing activities": 67,
        "Net profit from business activities": 447,
        "Profit": -65,
        "Profit before tax": 381,
        "Present corporate income tax expenses": 32,
        "Deferred income taxes expenses": "N/A",
        "The interests of minority shareholders": "N/A",
        "Total Cost of profits": 32,
        "Profit after tax corporate income": 349,
        "Volume": 25000000,
        "Close of Quarter": 12.4,
        "EPS": 159.8,
        "Non-adjusted EPS": 959,
        "PE": 12.9,
        "Book Price": 3.1
      }
    },
    {
      "quarter": "Q2 2010",
      "income status": {
        "Net sales": 81094,
        "Cost of goods sold": 50803,
        "Gross Profit": 30292,
        "Financial expenses": 2437,
        "Of which: Interest expense": 844,
        "Cost of sales": 5218,
        "Enterprise cost management": 3615,
        "Total Operating Expenses": 11270,
        "Total revenue financing activities": 949,
        "Net profit from business activities": 19971,
        "Profit": -73,
        "Profit before tax": 19898,
        "Present corporate income tax expenses": 2058,
        "Deferred income taxes expenses": "N/A",
        "The interests of minority shareholders": "N/A",
        "Total Cost of profits": 2058,
        "Profit after tax corporate income": 17840,
        "Volume": 25000000,
        "Close of Quarter": 18.3,
        "EPS": 161.3,
        "Non-adjusted EPS": 968,
        "PE": 18.9,
        "Book Price": 3.0
      }
    },
    {
      "quarter": "Q1 2010",
      "income status": {
        "Net sales": 64846,
        "Cost of goods sold": 55415,
        "Gross Profit": 9431,
        "Financial expenses": 1928,
        "Of which: Interest expense": 754,
        "Cost of sales": 3179,
        "Enterprise cost management": 3233,
        "Total Operating Expenses": 8340,
        "Total revenue financing activities": 963,
        "Net profit from business activities": 2055,
        "Profit": -14,
        "Profit before tax": 5232,
        "Present corporate income tax expenses": "N/A",
        "Deferred income taxes expenses": "N/A",
        "The interests of minority shareholders": "N/A",
        "Total Cost of profits": 0,
        "Profit after tax corporate income": 5232,
        "Volume": 25000000,
        "Close of Quarter": 7.5,
        "EPS": 46.2,
        "Non-adjusted EPS": 277,
        "PE": 27.0,
        "Book Price": 2.9
      }
    },
    {
      "quarter": "Q4 2009",
      "income status": {
        "Net sales": 69307,
        "Cost of goods sold": 56096,
        "Gross Profit": 13210,
        "Financial expenses": 2770,
        "Of which: Interest expense": "N/A",
        "Cost of sales": 6041,
        "Enterprise cost management": 252,
        "Total Operating Expenses": 9063,
        "Total revenue financing activities": 2580,
        "Net profit from business activities": 6728,
        "Profit": -6175,
        "Profit before tax": 553,
        "Present corporate income tax expenses": "N/A",
        "Deferred income taxes expenses": "N/A",
        "The interests of minority shareholders": "N/A",
        "Total Cost of profits": 0,
        "Profit after tax corporate income": 553,
        "Volume": 25000000,
        "Close of Quarter": 7.4,
        "EPS": 14,
        "Non-adjusted EPS": 84,
        "PE": 87.5,
        "Book Price": 2.9
      }
    },
    {
      "quarter": "Q3 2009",
      "income status": {
        "Net sales": 61723,
        "Cost of goods sold": 57366,
        "Gross Profit": 4357,
        "Financial expenses": 707,
        "Of which: Interest expense": 619,
        "Cost of sales": 2613,
        "Enterprise cost management": 4654,
        "Total Operating Expenses": 7974,
        "Total revenue financing activities": 977,
        "Net profit from business activities": -2640,
        "Profit": 3218,
        "Profit before tax": 578,
        "Present corporate income tax expenses": "N/A",
        "Deferred income taxes expenses": "N/A",
        "The interests of minority shareholders": "N/A",
        "Total Cost of profits": 0,
        "Profit after tax corporate income": 578,
        "Volume": 25000000,
        "Close of Quarter": 7.8,
        "EPS": -57.5,
        "Non-adjusted EPS": -345,
        "PE": -22.5,
        "Book Price": 2.9
      }
    },
    {
      "quarter": "Q2 2009",
      "income status": {
        "Net sales": 33106,
        "Cost of goods sold": 31500,
        "Gross Profit": 1606,
        "Financial expenses": 732,
        "Of which: Interest expense": 378,
        "Cost of sales": 1644,
        "Enterprise cost management": 4229,
        "Total Operating Expenses": 6605,
        "Total revenue financing activities": 1083,
        "Net profit from business activities": -3916,
        "Profit": 4479,
        "Profit before tax": 563,
        "Present corporate income tax expenses": "N/A",
        "Deferred income taxes expenses": "N/A",
        "The interests of minority shareholders": "N/A",
        "Total Cost of profits": 0,
        "Profit after tax corporate income": 563,
        "Volume": 25000000,
        "Close of Quarter": 7,
        "EPS": -160.8,
        "Non-adjusted EPS": -965,
        "PE": -7.3,
        "Book Price": 2.9
      }
    },
    {
      "quarter": "Q1 2009",
      "income status": {
        "Net sales": 24113,
        "Cost of goods sold": 19880,
        "Gross Profit": 4233,
        "Financial expenses": 26,
        "Of which: Interest expense": "N/A",
        "Cost of sales": 847,
        "Enterprise cost management": 3992,
        "Total Operating Expenses": 4865,
        "Total revenue financing activities": 933,
        "Net profit from business activities": 301,
        "Profit": 108,
        "Profit before tax": 409,
        "Present corporate income tax expenses": "N/A",
        "Deferred income taxes expenses": "N/A",
        "The interests of minority shareholders": "N/A",
        "Total Cost of profits": 0,
        "Profit after tax corporate income": 409,
        "Volume": 25000000,
        "Close of Quarter": 3.7,
        "EPS": -157.5,
        "Non-adjusted EPS": -945,
        "PE": -4.0,
        "Book Price": 2.9
      }
    },
    {
      "quarter": "Q4 2008",
      "income status": {
        "Net sales": 66082,
        "Cost of goods sold": 69778,
        "Gross Profit": -3696,
        "Financial expenses": 4145,
        "Of which: Interest expense": 328,
        "Cost of sales": 1989,
        "Enterprise cost management": 4288,
        "Total Operating Expenses": 10422,
        "Total revenue financing activities": 3853,
        "Net profit from business activities": -10265,
        "Profit": 95,
        "Profit before tax": -10170,
        "Present corporate income tax expenses": "N/A",
        "Deferred income taxes expenses": "N/A",
        "The interests of minority shareholders": "N/A",
        "Total Cost of profits": 0,
        "Profit after tax corporate income": -10170,
        "Volume": 25000000,
        "Close of Quarter": 3.8,
        "EPS": -113.5,
        "Non-adjusted EPS": -681,
        "PE": -5.6,
        "Book Price": 2.9
      }
    },
    {
      "quarter": "Q3 2008",
      "income status": {
        "Net sales": 57767,
        "Cost of goods sold": 65740,
        "Gross Profit": -7974,
        "Financial expenses": 3476,
        "Of which: Interest expense": 1576,
        "Cost of sales": 4266,
        "Enterprise cost management": 4261,
        "Total Operating Expenses": 12003,
        "Total revenue financing activities": 4670,
        "Net profit from business activities": -15307,
        "Profit": 384,
        "Profit before tax": -14923,
        "Present corporate income tax expenses": "N/A",
        "Deferred income taxes expenses": "N/A",
        "The interests of minority shareholders": "N/A",
        "Total Cost of profits": 0,
        "Profit after tax corporate income": -14923,
        "Volume": 25000000,
        "Close of Quarter": 7.9,
        "EPS": -0.7,
        "Non-adjusted EPS": -4,
        "PE": -1982.5,
        "Book Price": 3
      }
    },
    {
      "quarter": "Q2 2008",
      "income status": {
        "Net sales": 64060,
        "Cost of goods sold": 60984,
        "Gross Profit": 3076,
        "Financial expenses": 874,
        "Of which: Interest expense": 705,
        "Cost of sales": 977,
        "Enterprise cost management": 3789,
        "Total Operating Expenses": 5640,
        "Total revenue financing activities": 3476,
        "Net profit from business activities": 913,
        "Profit": 145,
        "Profit before tax": 1058,
        "Present corporate income tax expenses": "N/A",
        "Deferred income taxes expenses": "N/A",
        "The interests of minority shareholders": "N/A",
        "Total Cost of profits": 0,
        "Profit after tax corporate income": 1058,
        "Volume": 25000000,
        "Close of Quarter": 14.1,
        "EPS": 156.8,
        "Non-adjusted EPS": 941,
        "PE": 15.0,
        "Book Price": 3.1
      }
    },
    {
      "quarter": "Q1 2008",
      "income status": {
        "Net sales": 99469,
        "Cost of goods sold": 89954,
        "Gross Profit": 9515,
        "Financial expenses": 25,
        "Of which: Interest expense": "N/A",
        "Cost of sales": 1191,
        "Enterprise cost management": 3775,
        "Total Operating Expenses": 4991,
        "Total revenue financing activities": 2322,
        "Net profit from business activities": 6845,
        "Profit": 170,
        "Profit before tax": 7015,
        "Present corporate income tax expenses": "N/A",
        "Deferred income taxes expenses": "N/A",
        "The interests of minority shareholders": "N/A",
        "Total Cost of profits": 0,
        "Profit after tax corporate income": 7015,
        "Volume": 25000000,
        "Close of Quarter": 13.9,
        "EPS": 368.8,
        "Non-adjusted EPS": 2213,
        "PE": 6.3,
        "Book Price": 3.1
      }
    },
    {
      "quarter": "Q4 2007",
      "income status": {
        "Net sales": 89828,
        "Cost of goods sold": 85346,
        "Gross Profit": 4482,
        "Financial expenses": 28,
        "Of which: Interest expense": "N/A",
        "Cost of sales": 1728,
        "Enterprise cost management": 3450,
        "Total Operating Expenses": 5206,
        "Total revenue financing activities": 2679,
        "Net profit from business activities": 1955,
        "Profit": 4837,
        "Profit before tax": 6792,
        "Present corporate income tax expenses": 33,
        "Deferred income taxes expenses": "N/A",
        "The interests of minority shareholders": "N/A",
        "Total Cost of profits": 33,
        "Profit after tax corporate income": 6759,
        "Volume": 25000000,
        "Close of Quarter": "N/A",
        "EPS": 574.7,
        "Non-adjusted EPS": 3448,
        "PE": "N/A",
        "Book Price": 3.4
      }
    },
    {
      "quarter": "Q3 2007",
      "income status": {
        "Net sales": 197180,
        "Cost of goods sold": 183591,
        "Gross Profit": 13589,
        "Financial expenses": 632,
        "Of which: Interest expense": "N/A",
        "Cost of sales": 2584,
        "Enterprise cost management": 3657,
        "Total Operating Expenses": 6873,
        "Total revenue financing activities": 1320,
        "Net profit from business activities": 8035,
        "Profit": 662,
        "Profit before tax": 8697,
        "Present corporate income tax expenses": 5,
        "Deferred income taxes expenses": "N/A",
        "The interests of minority shareholders": "N/A",
        "Total Cost of profits": 5,
        "Profit after tax corporate income": 8691,
        "Volume": 25000000,
        "Close of Quarter": "N/A",
        "EPS": 529.7,
        "Non-adjusted EPS": 3178,
        "PE": "N/A",
        "Book Price": 3.2
      }
    },
    {
      "quarter": "Q2 2007",
      "income status": {
        "Net sales": 212282,
        "Cost of goods sold": 172548,
        "Gross Profit": 39733,
        "Financial expenses": 2069,
        "Of which: Interest expense": 2040,
        "Cost of sales": 1893,
        "Enterprise cost management": 4166,
        "Total Operating Expenses": 8128,
        "Total revenue financing activities": 925,
        "Net profit from business activities": 32530,
        "Profit": 332,
        "Profit before tax": 32862,
        "Present corporate income tax expenses": 5,
        "Deferred income taxes expenses": "N/A",
        "The interests of minority shareholders": "N/A",
        "Total Cost of profits": 5,
        "Profit after tax corporate income": 32856,
        "Volume": 25000000,
        "Close of Quarter": "N/A",
        "EPS": 471.7,
        "Non-adjusted EPS": 2830,
        "PE": "N/A",
        "Book Price": "N/A"
      }
    },
    {
      "quarter": "Q1 2007",
      "income status": {
        "Net sales": 201191,
        "Cost of goods sold": 156813,
        "Gross Profit": 44378,
        "Financial expenses": 2916,
        "Of which: Interest expense": 1977,
        "Cost of sales": 1496,
        "Enterprise cost management": 2660,
        "Total Operating Expenses": 7072,
        "Total revenue financing activities": 360,
        "Net profit from business activities": 37667,
        "Profit": 230,
        "Profit before tax": 37897,
        "Present corporate income tax expenses": "N/A",
        "Deferred income taxes expenses": "N/A",
        "The interests of minority shareholders": "N/A",
        "Total Cost of profits": 0,
        "Profit after tax corporate income": 37897,
        "Volume": 25000000,
        "Close of Quarter": "N/A",
        "EPS": 252.7,
        "Non-adjusted EPS": 1516,
        "PE": "N/A",
        "Book Price": "N/A"
      }
    }
  ]
}