{
  "ticker": "DVD",
  "data": [
    {
      "quarter": "Q4 2010",
      "income status": {
        "Net sales": 95465,
        "Cost of goods sold": 66310,
        "Gross Profit": 29155,
        "Financial expenses": 25378,
        "Of which: Interest expense": 25406,
        "Cost of sales": 1523,
        "Enterprise cost management": 18386,
        "Total Operating Expenses": 45287,
        "Total revenue financing activities": 41,
        "Net profit from business activities": -16092,
        "Profit": "N/A",
        "Profit before tax": -16092,
        "Present corporate income tax expenses": "N/A",
        "Deferred income taxes expenses": 305,
        "The interests of minority shareholders": "N/A",
        "Total Cost of profits": 305,
        "Profit after tax corporate income": -16397,
        "Volume": 11910000,
        "Close of Quarter": 40.7,
        "EPS": 9793,
        "Non-adjusted EPS": 9793,
        "PE": 4.2,
        "Book Price": 39.6
      }
    },
    {
      "quarter": "Q3 2010",
      "income status": {
        "Net sales": 344793,
        "Cost of goods sold": 239405,
        "Gross Profit": 105387,
        "Financial expenses": 19548,
        "Of which: Interest expense": 19634,
        "Cost of sales": 11018,
        "Enterprise cost management": 31031,
        "Total Operating Expenses": 61597,
        "Total revenue financing activities": 68,
        "Net profit from business activities": 43857,
        "Profit": 387,
        "Profit before tax": 44244,
        "Present corporate income tax expenses": 8173,
        "Deferred income taxes expenses": 336,
        "The interests of minority shareholders": "N/A",
        "Total Cost of profits": 8509,
        "Profit after tax corporate income": 35736,
        "Volume": 11910000,
        "Close of Quarter": 99,
        "EPS": 15248,
        "Non-adjusted EPS": 15248,
        "PE": 6.5,
        "Book Price": 47.3
      }
    },
    {
      "quarter": "Q2 2010",
      "income status": {
        "Net sales": 396231,
        "Cost of goods sold": 294961,
        "Gross Profit": 101269,
        "Financial expenses": 19257,
        "Of which: Interest expense": 18859,
        "Cost of sales": 10556,
        "Enterprise cost management": 8153,
        "Total Operating Expenses": 37966,
        "Total revenue financing activities": 113,
        "Net profit from business activities": 63416,
        "Profit": 17599,
        "Profit before tax": 81014,
        "Present corporate income tax expenses": 23727,
        "Deferred income taxes expenses": -921,
        "The interests of minority shareholders": 292,
        "Total Cost of profits": 23098,
        "Profit after tax corporate income": 57916,
        "Volume": 11910000,
        "Close of Quarter": 138,
        "EPS": 14309,
        "Non-adjusted EPS": 14309,
        "PE": 9.6,
        "Book Price": 43.8
      }
    },
    {
      "quarter": "Q1 2010",
      "income status": {
        "Net sales": 290097,
        "Cost of goods sold": 212354,
        "Gross Profit": 77743,
        "Financial expenses": 5702,
        "Of which: Interest expense": 5436,
        "Cost of sales": 4337,
        "Enterprise cost management": 15987,
        "Total Operating Expenses": 26026,
        "Total revenue financing activities": 748,
        "Net profit from business activities": 52465,
        "Profit": 35,
        "Profit before tax": 52500,
        "Present corporate income tax expenses": 13125,
        "Deferred income taxes expenses": "N/A",
        "The interests of minority shareholders": "N/A",
        "Total Cost of profits": 13125,
        "Profit after tax corporate income": 39375,
        "Volume": 11910000,
        "Close of Quarter": 140,
        "EPS": 11221,
        "Non-adjusted EPS": 11221,
        "PE": 12.5,
        "Book Price": 39.4
      }
    },
    {
      "quarter": "Q4 2009",
      "income status": {
        "Net sales": 269225,
        "Cost of goods sold": 191006,
        "Gross Profit": 78219,
        "Financial expenses": 3135,
        "Of which: Interest expense": 3234,
        "Cost of sales": 12012,
        "Enterprise cost management": 8382,
        "Total Operating Expenses": 23529,
        "Total revenue financing activities": 697,
        "Net profit from business activities": 55387,
        "Profit": -1709,
        "Profit before tax": 53678,
        "Present corporate income tax expenses": 5780,
        "Deferred income taxes expenses": -253,
        "The interests of minority shareholders": -426,
        "Total Cost of profits": 5101,
        "Profit after tax corporate income": 48577,
        "Volume": 11910000,
        "Close of Quarter": 78.8,
        "EPS": 9167,
        "Non-adjusted EPS": 9167,
        "PE": 8.6,
        "Book Price": 36.1
      }
    },
    {
      "quarter": "Q3 2009",
      "income status": {
        "Net sales": 228502,
        "Cost of goods sold": 161821,
        "Gross Profit": 66681,
        "Financial expenses": 3185,
        "Of which: Interest expense": 2920,
        "Cost of sales": 10273,
        "Enterprise cost management": 14501,
        "Total Operating Expenses": 27959,
        "Total revenue financing activities": 57,
        "Net profit from business activities": 38780,
        "Profit": 83,
        "Profit before tax": 38863,
        "Present corporate income tax expenses": 14155,
        "Deferred income taxes expenses": "N/A",
        "The interests of minority shareholders": 161,
        "Total Cost of profits": 14316,
        "Profit after tax corporate income": 24547,
        "Volume": 8910000,
        "Close of Quarter": "N/A",
        "EPS": 5087.9,
        "Non-adjusted EPS": 6801,
        "PE": "N/A",
        "Book Price": 15.1
      }
    },
    {
      "quarter": "Q2 2009",
      "income status": {
        "Net sales": 204677,
        "Cost of goods sold": 161945,
        "Gross Profit": 42732,
        "Financial expenses": 2786,
        "Of which: Interest expense": 2509,
        "Cost of sales": 8568,
        "Enterprise cost management": 3962,
        "Total Operating Expenses": 15316,
        "Total revenue financing activities": 75,
        "Net profit from business activities": 27491,
        "Profit": -461,
        "Profit before tax": 27030,
        "Present corporate income tax expenses": 6044,
        "Deferred income taxes expenses": "N/A",
        "The interests of minority shareholders": -161,
        "Total Cost of profits": 5883,
        "Profit after tax corporate income": 21147,
        "Volume": 8910000,
        "Close of Quarter": "N/A",
        "EPS": 3026.9,
        "Non-adjusted EPS": 4046,
        "PE": "N/A",
        "Book Price": 13.2
      }
    },
    {
      "quarter": "Q1 2009",
      "income status": {
        "Net sales": 214782,
        "Cost of goods sold": 186633,
        "Gross Profit": 28149,
        "Financial expenses": 2510,
        "Of which: Interest expense": 2175,
        "Cost of sales": 2669,
        "Enterprise cost management": 8133,
        "Total Operating Expenses": 13312,
        "Total revenue financing activities": 28,
        "Net profit from business activities": 14865,
        "Profit": 38,
        "Profit before tax": 14903,
        "Present corporate income tax expenses": "N/A",
        "Deferred income taxes expenses": "N/A",
        "The interests of minority shareholders": "N/A",
        "Total Cost of profits": 0,
        "Profit after tax corporate income": 14903,
        "Volume": 8910000,
        "Close of Quarter": "N/A",
        "EPS": 1251.6,
        "Non-adjusted EPS": 1673,
        "PE": "N/A",
        "Book Price": "N/A"
      }
    }
  ]
}