{
  "ticker": "SDJ",
  "data": [
    {
      "quarter": "Q2 2016",
      "income status": {
        "Net sales": 20482,
        "Cost of goods sold": 22229,
        "Gross Profit": -1746,
        "Financial expenses": 985,
        "Of which: Interest expense": 985,
        "Cost of sales": 200,
        "Enterprise cost management": 1103,
        "Total Operating Expenses": 2288,
        "Total revenue financing activities": 9,
        "Net profit from business activities": -4026,
        "Profit": 4688,
        "Profit before tax": 662,
        "Present corporate income tax expenses": "N/A",
        "Deferred income taxes expenses": "N/A",
        "The interests of minority shareholders": "N/A",
        "Total Cost of profits": 0,
        "Profit after tax corporate income": 662,
        "Volume": 4343700,
        "Close of Quarter": 1.5,
        "EPS": 324,
        "Non-adjusted EPS": 324,
        "PE": 4.6,
        "Book Price": 1.6
      }
    },
    {
      "quarter": "Q2 2015",
      "income status": {
        "Net sales": 38690,
        "Cost of goods sold": 36009,
        "Gross Profit": 2681,
        "Financial expenses": 763,
        "Of which: Interest expense": 763,
        "Cost of sales": 317,
        "Enterprise cost management": 1618,
        "Total Operating Expenses": 2698,
        "Total revenue financing activities": 8,
        "Net profit from business activities": -9,
        "Profit": 317,
        "Profit before tax": 307,
        "Present corporate income tax expenses": "N/A",
        "Deferred income taxes expenses": "N/A",
        "The interests of minority shareholders": "N/A",
        "Total Cost of profits": 0,
        "Profit after tax corporate income": 307,
        "Volume": 4343700,
        "Close of Quarter": 1.9,
        "EPS": 239,
        "Non-adjusted EPS": 239,
        "PE": 8.0,
        "Book Price": 1.2
      }
    },
    {
      "quarter": "Q1 2015",
      "income status": {
        "Net sales": 40057,
        "Cost of goods sold": 36691,
        "Gross Profit": 3367,
        "Financial expenses": 1018,
        "Of which: Interest expense": 1018,
        "Cost of sales": 163,
        "Enterprise cost management": 1571,
        "Total Operating Expenses": 2752,
        "Total revenue financing activities": 6,
        "Net profit from business activities": 622,
        "Profit": -460,
        "Profit before tax": 161,
        "Present corporate income tax expenses": "N/A",
        "Deferred income taxes expenses": "N/A",
        "The interests of minority shareholders": "N/A",
        "Total Cost of profits": 0,
        "Profit after tax corporate income": 161,
        "Volume": 4343700,
        "Close of Quarter": 1.9,
        "EPS": 217,
        "Non-adjusted EPS": 217,
        "PE": 8.8,
        "Book Price": 1.1
      }
    },
    {
      "quarter": "Q3 2014",
      "income status": {
        "Net sales": 17073,
        "Cost of goods sold": 13720,
        "Gross Profit": 3352,
        "Financial expenses": 1390,
        "Of which: Interest expense": 1390,
        "Cost of sales": 184,
        "Enterprise cost management": 1475,
        "Total Operating Expenses": 3049,
        "Total revenue financing activities": 8,
        "Net profit from business activities": 310,
        "Profit": -32,
        "Profit before tax": 278,
        "Present corporate income tax expenses": "N/A",
        "Deferred income taxes expenses": "N/A",
        "The interests of minority shareholders": "N/A",
        "Total Cost of profits": 0,
        "Profit after tax corporate income": 278,
        "Volume": 4343700,
        "Close of Quarter": 0.8,
        "EPS": 183,
        "Non-adjusted EPS": 183,
        "PE": 4.4,
        "Book Price": 1.1
      }
    },
    {
      "quarter": "Q2 2014",
      "income status": {
        "Net sales": 31030,
        "Cost of goods sold": 26838,
        "Gross Profit": 4192,
        "Financial expenses": 1655,
        "Of which: Interest expense": 1655,
        "Cost of sales": 216,
        "Enterprise cost management": 1809,
        "Total Operating Expenses": 3680,
        "Total revenue financing activities": 5,
        "Net profit from business activities": 517,
        "Profit": -223,
        "Profit before tax": 294,
        "Present corporate income tax expenses": "N/A",
        "Deferred income taxes expenses": "N/A",
        "The interests of minority shareholders": "N/A",
        "Total Cost of profits": 0,
        "Profit after tax corporate income": 294,
        "Volume": 4343700,
        "Close of Quarter": 0.8,
        "EPS": 165,
        "Non-adjusted EPS": 165,
        "PE": 4.9,
        "Book Price": 1
      }
    },
    {
      "quarter": "Q1 2014",
      "income status": {
        "Net sales": 25012,
        "Cost of goods sold": 22204,
        "Gross Profit": 2808,
        "Financial expenses": 1609,
        "Of which: Interest expense": 1609,
        "Cost of sales": 221,
        "Enterprise cost management": 763,
        "Total Operating Expenses": 2593,
        "Total revenue financing activities": 36,
        "Net profit from business activities": 250,
        "Profit": -41,
        "Profit before tax": 209,
        "Present corporate income tax expenses": "N/A",
        "Deferred income taxes expenses": "N/A",
        "The interests of minority shareholders": "N/A",
        "Total Cost of profits": 0,
        "Profit after tax corporate income": 209,
        "Volume": 4343700,
        "Close of Quarter": 0.8,
        "EPS": -7727,
        "Non-adjusted EPS": -7727,
        "PE": -0.1,
        "Book Price": "N/A"
      }
    },
    {
      "quarter": "Q3 2013",
      "income status": {
        "Net sales": 18182,
        "Cost of goods sold": 13141,
        "Gross Profit": 5041,
        "Financial expenses": 1973,
        "Of which: Interest expense": 1973,
        "Cost of sales": 128,
        "Enterprise cost management": 2625,
        "Total Operating Expenses": 4726,
        "Total revenue financing activities": 8,
        "Net profit from business activities": 323,
        "Profit": -308,
        "Profit before tax": 15,
        "Present corporate income tax expenses": "N/A",
        "Deferred income taxes expenses": "N/A",
        "The interests of minority shareholders": "N/A",
        "Total Cost of profits": 0,
        "Profit after tax corporate income": 15,
        "Volume": 4343700,
        "Close of Quarter": 0.8,
        "EPS": -7982,
        "Non-adjusted EPS": -7982,
        "PE": -0.1,
        "Book Price": "N/A"
      }
    },
    {
      "quarter": "Q2 2013",
      "income status": {
        "Net sales": 12316,
        "Cost of goods sold": 8796,
        "Gross Profit": 3520,
        "Financial expenses": 1776,
        "Of which: Interest expense": 1776,
        "Cost of sales": 252,
        "Enterprise cost management": 745,
        "Total Operating Expenses": 2773,
        "Total revenue financing activities": 17,
        "Net profit from business activities": 764,
        "Profit": -564,
        "Profit before tax": 200,
        "Present corporate income tax expenses": "N/A",
        "Deferred income taxes expenses": "N/A",
        "The interests of minority shareholders": "N/A",
        "Total Cost of profits": 0,
        "Profit after tax corporate income": 200,
        "Volume": 4343700,
        "Close of Quarter": 0.8,
        "EPS": -11652,
        "Non-adjusted EPS": -11652,
        "PE": -0.1,
        "Book Price": "N/A"
      }
    },
    {
      "quarter": "Q4 2012",
      "income status": {
        "Net sales": 38154,
        "Cost of goods sold": 41505,
        "Gross Profit": -3350,
        "Financial expenses": 2123,
        "Of which: Interest expense": 2123,
        "Cost of sales": 497,
        "Enterprise cost management": 11240,
        "Total Operating Expenses": 13860,
        "Total revenue financing activities": 74,
        "Net profit from business activities": -17135,
        "Profit": -16850,
        "Profit before tax": -33986,
        "Present corporate income tax expenses": "N/A",
        "Deferred income taxes expenses": "N/A",
        "The interests of minority shareholders": "N/A",
        "Total Cost of profits": 0,
        "Profit after tax corporate income": -33986,
        "Volume": 4343700,
        "Close of Quarter": 1.9,
        "EPS": -12086,
        "Non-adjusted EPS": -12086,
        "PE": -0.2,
        "Book Price": 0.6
      }
    },
    {
      "quarter": "Q3 2012",
      "income status": {
        "Net sales": 27461,
        "Cost of goods sold": 25644,
        "Gross Profit": 1817,
        "Financial expenses": 2216,
        "Of which: Interest expense": 2216,
        "Cost of sales": 207,
        "Enterprise cost management": 367,
        "Total Operating Expenses": 2790,
        "Total revenue financing activities": 31,
        "Net profit from business activities": -941,
        "Profit": 42,
        "Profit before tax": -899,
        "Present corporate income tax expenses": "N/A",
        "Deferred income taxes expenses": "N/A",
        "The interests of minority shareholders": "N/A",
        "Total Cost of profits": 0,
        "Profit after tax corporate income": -899,
        "Volume": 4343700,
        "Close of Quarter": 2.2,
        "EPS": -3786,
        "Non-adjusted EPS": -3786,
        "PE": -0.6,
        "Book Price": 8.4
      }
    },
    {
      "quarter": "Q2 2012",
      "income status": {
        "Net sales": 47974,
        "Cost of goods sold": 43639,
        "Gross Profit": 4335,
        "Financial expenses": 2670,
        "Of which: Interest expense": 2693,
        "Cost of sales": 235,
        "Enterprise cost management": 17633,
        "Total Operating Expenses": 20538,
        "Total revenue financing activities": 29,
        "Net profit from business activities": -16176,
        "Profit": 248,
        "Profit before tax": -15928,
        "Present corporate income tax expenses": "N/A",
        "Deferred income taxes expenses": "N/A",
        "The interests of minority shareholders": "N/A",
        "Total Cost of profits": 0,
        "Profit after tax corporate income": -15928,
        "Volume": 4343700,
        "Close of Quarter": 4.3,
        "EPS": -3582,
        "Non-adjusted EPS": -3582,
        "PE": -1.2,
        "Book Price": 8.6
      }
    },
    {
      "quarter": "Q1 2012",
      "income status": {
        "Net sales": 48512,
        "Cost of goods sold": 45784,
        "Gross Profit": 2728,
        "Financial expenses": 2649,
        "Of which: Interest expense": 2649,
        "Cost of sales": 198,
        "Enterprise cost management": 1863,
        "Total Operating Expenses": 4710,
        "Total revenue financing activities": 27,
        "Net profit from business activities": -1956,
        "Profit": 270,
        "Profit before tax": -1686,
        "Present corporate income tax expenses": "N/A",
        "Deferred income taxes expenses": "N/A",
        "The interests of minority shareholders": "N/A",
        "Total Cost of profits": 0,
        "Profit after tax corporate income": -1686,
        "Volume": 4343700,
        "Close of Quarter": 5.2,
        "EPS": 86,
        "Non-adjusted EPS": 86,
        "PE": 60.5,
        "Book Price": 14.1
      }
    },
    {
      "quarter": "Q4 2011",
      "income status": {
        "Net sales": 90133,
        "Cost of goods sold": 82201,
        "Gross Profit": 7932,
        "Financial expenses": 2982,
        "Of which: Interest expense": 2982,
        "Cost of sales": 206,
        "Enterprise cost management": 2413,
        "Total Operating Expenses": 5601,
        "Total revenue financing activities": 36,
        "Net profit from business activities": 2366,
        "Profit": 401,
        "Profit before tax": 2767,
        "Present corporate income tax expenses": 700,
        "Deferred income taxes expenses": "N/A",
        "The interests of minority shareholders": "N/A",
        "Total Cost of profits": 700,
        "Profit after tax corporate income": 2068,
        "Volume": 4343700,
        "Close of Quarter": 5.3,
        "EPS": 631,
        "Non-adjusted EPS": 631,
        "PE": 8.4,
        "Book Price": 15
      }
    },
    {
      "quarter": "Q3 2011",
      "income status": {
        "Net sales": 51573,
        "Cost of goods sold": 45650,
        "Gross Profit": 5924,
        "Financial expenses": 3521,
        "Of which: Interest expense": 3521,
        "Cost of sales": 154,
        "Enterprise cost management": 2111,
        "Total Operating Expenses": 5786,
        "Total revenue financing activities": 133,
        "Net profit from business activities": 270,
        "Profit": -240,
        "Profit before tax": 30,
        "Present corporate income tax expenses": 44,
        "Deferred income taxes expenses": "N/A",
        "The interests of minority shareholders": "N/A",
        "Total Cost of profits": 44,
        "Profit after tax corporate income": -14,
        "Volume": 4343700,
        "Close of Quarter": 5.8,
        "EPS": 743,
        "Non-adjusted EPS": 743,
        "PE": 7.8,
        "Book Price": 14.5
      }
    },
    {
      "quarter": "Q2 2011",
      "income status": {
        "Net sales": 61736,
        "Cost of goods sold": 56125,
        "Gross Profit": 5611,
        "Financial expenses": 3243,
        "Of which: Interest expense": 3165,
        "Cost of sales": 154,
        "Enterprise cost management": 2485,
        "Total Operating Expenses": 5882,
        "Total revenue financing activities": 285,
        "Net profit from business activities": 14,
        "Profit": -26,
        "Profit before tax": -12,
        "Present corporate income tax expenses": -19,
        "Deferred income taxes expenses": "N/A",
        "The interests of minority shareholders": "N/A",
        "Total Cost of profits": -19,
        "Profit after tax corporate income": 7,
        "Volume": 4343700,
        "Close of Quarter": 7.2,
        "EPS": 1169,
        "Non-adjusted EPS": 1169,
        "PE": 6.2,
        "Book Price": 14.5
      }
    },
    {
      "quarter": "Q1 2011",
      "income status": {
        "Net sales": 68068,
        "Cost of goods sold": 62361,
        "Gross Profit": 5707,
        "Financial expenses": 2566,
        "Of which: Interest expense": 2566,
        "Cost of sales": 180,
        "Enterprise cost management": 1923,
        "Total Operating Expenses": 4669,
        "Total revenue financing activities": 9,
        "Net profit from business activities": 1046,
        "Profit": -111,
        "Profit before tax": 936,
        "Present corporate income tax expenses": 254,
        "Deferred income taxes expenses": "N/A",
        "The interests of minority shareholders": "N/A",
        "Total Cost of profits": 254,
        "Profit after tax corporate income": 682,
        "Volume": 4343700,
        "Close of Quarter": 7.6,
        "EPS": 1521,
        "Non-adjusted EPS": 1521,
        "PE": 5,
        "Book Price": 15.3
      }
    },
    {
      "quarter": "Q4 2010",
      "income status": {
        "Net sales": 78767,
        "Cost of goods sold": 71221,
        "Gross Profit": 7546,
        "Financial expenses": 2474,
        "Of which: Interest expense": 2474,
        "Cost of sales": 322,
        "Enterprise cost management": 1652,
        "Total Operating Expenses": 4448,
        "Total revenue financing activities": 83,
        "Net profit from business activities": 3180,
        "Profit": -226,
        "Profit before tax": 2954,
        "Present corporate income tax expenses": 402,
        "Deferred income taxes expenses": "N/A",
        "The interests of minority shareholders": "N/A",
        "Total Cost of profits": 402,
        "Profit after tax corporate income": 2553,
        "Volume": 4343700,
        "Close of Quarter": 11.5,
        "EPS": 1087,
        "Non-adjusted EPS": 1087,
        "PE": 10.6,
        "Book Price": 15.3
      }
    },
    {
      "quarter": "Q3 2010",
      "income status": {
        "Net sales": 59505,
        "Cost of goods sold": 54706,
        "Gross Profit": 4799,
        "Financial expenses": 2346,
        "Of which: Interest expense": 2346,
        "Cost of sales": 157,
        "Enterprise cost management": 2280,
        "Total Operating Expenses": 4783,
        "Total revenue financing activities": 60,
        "Net profit from business activities": 76,
        "Profit": 2044,
        "Profit before tax": 2120,
        "Present corporate income tax expenses": 285,
        "Deferred income taxes expenses": "N/A",
        "The interests of minority shareholders": "N/A",
        "Total Cost of profits": 285,
        "Profit after tax corporate income": 1835,
        "Volume": 4343700,
        "Close of Quarter": 14.8,
        "EPS": 1310,
        "Non-adjusted EPS": 1310,
        "PE": 11.3,
        "Book Price": 14.6
      }
    },
    {
      "quarter": "Q2 2010",
      "income status": {
        "Net sales": 44882,
        "Cost of goods sold": 38973,
        "Gross Profit": 5909,
        "Financial expenses": 1977,
        "Of which: Interest expense": 1977,
        "Cost of sales": 164,
        "Enterprise cost management": 2219,
        "Total Operating Expenses": 4360,
        "Total revenue financing activities": 44,
        "Net profit from business activities": 1594,
        "Profit": 2,
        "Profit before tax": 1595,
        "Present corporate income tax expenses": 59,
        "Deferred income taxes expenses": "N/A",
        "The interests of minority shareholders": "N/A",
        "Total Cost of profits": 59,
        "Profit after tax corporate income": 1536,
        "Volume": 4343700,
        "Close of Quarter": 18.5,
        "EPS": 1148,
        "Non-adjusted EPS": 1148,
        "PE": 16.1,
        "Book Price": 14.2
      }
    },
    {
      "quarter": "Q1 2010",
      "income status": {
        "Net sales": 22541,
        "Cost of goods sold": 19314,
        "Gross Profit": 3227,
        "Financial expenses": 1390,
        "Of which: Interest expense": 1390,
        "Cost of sales": 159,
        "Enterprise cost management": 2954,
        "Total Operating Expenses": 4503,
        "Total revenue financing activities": 57,
        "Net profit from business activities": -1218,
        "Profit": 17,
        "Profit before tax": -1201,
        "Present corporate income tax expenses": "N/A",
        "Deferred income taxes expenses": "N/A",
        "The interests of minority shareholders": "N/A",
        "Total Cost of profits": 0,
        "Profit after tax corporate income": -1201,
        "Volume": 3676800,
        "Close of Quarter": 19.5,
        "EPS": 876.1,
        "Non-adjusted EPS": 1035,
        "PE": 18.8,
        "Book Price": 14.1
      }
    },
    {
      "quarter": "Q4 2009",
      "income status": {
        "Net sales": 68592,
        "Cost of goods sold": 64948,
        "Gross Profit": 3644,
        "Financial expenses": 1172,
        "Of which: Interest expense": "N/A",
        "Cost of sales": 156,
        "Enterprise cost management": 2101,
        "Total Operating Expenses": 3429,
        "Total revenue financing activities": 3627,
        "Net profit from business activities": 3841,
        "Profit": 185,
        "Profit before tax": 4026,
        "Present corporate income tax expenses": 503,
        "Deferred income taxes expenses": "N/A",
        "The interests of minority shareholders": "N/A",
        "Total Cost of profits": 503,
        "Profit after tax corporate income": 3522,
        "Volume": 3676800,
        "Close of Quarter": 23.9,
        "EPS": 1425.5,
        "Non-adjusted EPS": 1684,
        "PE": 14.2,
        "Book Price": 13.1
      }
    },
    {
      "quarter": "Q3 2009",
      "income status": {
        "Net sales": 51342,
        "Cost of goods sold": 45744,
        "Gross Profit": 5598,
        "Financial expenses": 1586,
        "Of which: Interest expense": "N/A",
        "Cost of sales": 88,
        "Enterprise cost management": 3562,
        "Total Operating Expenses": 5236,
        "Total revenue financing activities": 765,
        "Net profit from business activities": 1128,
        "Profit": 165,
        "Profit before tax": 1292,
        "Present corporate income tax expenses": 162,
        "Deferred income taxes expenses": "N/A",
        "The interests of minority shareholders": "N/A",
        "Total Cost of profits": 162,
        "Profit after tax corporate income": 1131,
        "Volume": 3676800,
        "Close of Quarter": 24.5,
        "EPS": 1131.7,
        "Non-adjusted EPS": 1337,
        "PE": 18.3,
        "Book Price": 12.4
      }
    },
    {
      "quarter": "Q2 2009",
      "income status": {
        "Net sales": 48197,
        "Cost of goods sold": 43007,
        "Gross Profit": 5190,
        "Financial expenses": 3221,
        "Of which: Interest expense": "N/A",
        "Cost of sales": 126,
        "Enterprise cost management": 2887,
        "Total Operating Expenses": 6234,
        "Total revenue financing activities": 1868,
        "Net profit from business activities": 823,
        "Profit": -434,
        "Profit before tax": 389,
        "Present corporate income tax expenses": 36,
        "Deferred income taxes expenses": "N/A",
        "The interests of minority shareholders": "N/A",
        "Total Cost of profits": 36,
        "Profit after tax corporate income": 353,
        "Volume": 1838400,
        "Close of Quarter": 15.6,
        "EPS": 1378.9,
        "Non-adjusted EPS": 3258,
        "PE": 4.8,
        "Book Price": 7.9
      }
    },
    {
      "quarter": "Q1 2009",
      "income status": {
        "Net sales": 47553,
        "Cost of goods sold": 41938,
        "Gross Profit": 5615,
        "Financial expenses": 1616,
        "Of which: Interest expense": "N/A",
        "Cost of sales": 109,
        "Enterprise cost management": 2690,
        "Total Operating Expenses": 4415,
        "Total revenue financing activities": 241,
        "Net profit from business activities": 1441,
        "Profit": -91,
        "Profit before tax": 1350,
        "Present corporate income tax expenses": 166,
        "Deferred income taxes expenses": "N/A",
        "The interests of minority shareholders": "N/A",
        "Total Cost of profits": 166,
        "Profit after tax corporate income": 1184,
        "Volume": 1838400,
        "Close of Quarter": 8.3,
        "EPS": 1510.5,
        "Non-adjusted EPS": 3569,
        "PE": 2.3,
        "Book Price": 8.5
      }
    },
    {
      "quarter": "Q4 2008",
      "income status": {
        "Net sales": 87433,
        "Cost of goods sold": 80560,
        "Gross Profit": 6873,
        "Financial expenses": 2465,
        "Of which: Interest expense": "N/A",
        "Cost of sales": 116,
        "Enterprise cost management": 1180,
        "Total Operating Expenses": 3761,
        "Total revenue financing activities": 64,
        "Net profit from business activities": 3177,
        "Profit": -53,
        "Profit before tax": 3123,
        "Present corporate income tax expenses": 875,
        "Deferred income taxes expenses": "N/A",
        "The interests of minority shareholders": "N/A",
        "Total Cost of profits": 875,
        "Profit after tax corporate income": 2249,
        "Volume": 1838400,
        "Close of Quarter": 7.0,
        "EPS": 1491.5,
        "Non-adjusted EPS": 3524,
        "PE": 2.0,
        "Book Price": 8.4
      }
    },
    {
      "quarter": "Q3 2008",
      "income status": {
        "Net sales": 33924,
        "Cost of goods sold": 26925,
        "Gross Profit": 6999,
        "Financial expenses": 2160,
        "Of which: Interest expense": "N/A",
        "Cost of sales": 93,
        "Enterprise cost management": 1770,
        "Total Operating Expenses": 4023,
        "Total revenue financing activities": 60,
        "Net profit from business activities": 3036,
        "Profit": 24,
        "Profit before tax": 3059,
        "Present corporate income tax expenses": 857,
        "Deferred income taxes expenses": "N/A",
        "The interests of minority shareholders": "N/A",
        "Total Cost of profits": 857,
        "Profit after tax corporate income": 2203,
        "Volume": 1838400,
        "Close of Quarter": 13.8,
        "EPS": 2365.5,
        "Non-adjusted EPS": 5589,
        "PE": 2.5,
        "Book Price": 7.8
      }
    },
    {
      "quarter": "Q2 2008",
      "income status": {
        "Net sales": 31841,
        "Cost of goods sold": 26987,
        "Gross Profit": 4854,
        "Financial expenses": 1858,
        "Of which: Interest expense": "N/A",
        "Cost of sales": 74,
        "Enterprise cost management": 1949,
        "Total Operating Expenses": 3881,
        "Total revenue financing activities": 216,
        "Net profit from business activities": 1190,
        "Profit": 56,
        "Profit before tax": 1246,
        "Present corporate income tax expenses": 320,
        "Deferred income taxes expenses": "N/A",
        "The interests of minority shareholders": "N/A",
        "Total Cost of profits": 320,
        "Profit after tax corporate income": 926,
        "Volume": 1838400,
        "Close of Quarter": 8.8,
        "EPS": 1858,
        "Non-adjusted EPS": 4390,
        "PE": 2,
        "Book Price": 7.2
      }
    },
    {
      "quarter": "Q1 2008",
      "income status": {
        "Net sales": 51958,
        "Cost of goods sold": 46953,
        "Gross Profit": 5005,
        "Financial expenses": 1608,
        "Of which: Interest expense": 1608,
        "Cost of sales": 95,
        "Enterprise cost management": 1847,
        "Total Operating Expenses": 3550,
        "Total revenue financing activities": 108,
        "Net profit from business activities": 1563,
        "Profit": -35,
        "Profit before tax": 1528,
        "Present corporate income tax expenses": 428,
        "Deferred income taxes expenses": "N/A",
        "The interests of minority shareholders": "N/A",
        "Total Cost of profits": 428,
        "Profit after tax corporate income": 1100,
        "Volume": 1838400,
        "Close of Quarter": 16.2,
        "EPS": 1645.1,
        "Non-adjusted EPS": 3887,
        "PE": 4.2,
        "Book Price": 7.6
      }
    },
    {
      "quarter": "Q4 2007",
      "income status": {
        "Net sales": 142468,
        "Cost of goods sold": 130108,
        "Gross Profit": 12360,
        "Financial expenses": 2429,
        "Of which: Interest expense": "N/A",
        "Cost of sales": 376,
        "Enterprise cost management": 951,
        "Total Operating Expenses": 3756,
        "Total revenue financing activities": 58,
        "Net profit from business activities": 8662,
        "Profit": -266,
        "Profit before tax": 8395,
        "Present corporate income tax expenses": 2351,
        "Deferred income taxes expenses": "N/A",
        "The interests of minority shareholders": "N/A",
        "Total Cost of profits": 2351,
        "Profit after tax corporate income": 6045,
        "Volume": 1838400,
        "Close of Quarter": 56.2,
        "EPS": 1391.6,
        "Non-adjusted EPS": 3288,
        "PE": 17.1,
        "Book Price": 7.6
      }
    }
  ]
}