{
  "ticker": "TIE",
  "data": [
    {
      "quarter": "Q1 2017",
      "income status": {
        "Net sales": 6829,
        "Cost of goods sold": 6968,
        "Gross Profit": -139,
        "Financial expenses": "N/A",
        "Of which: Interest expense": "N/A",
        "Cost of sales": 3132,
        "Enterprise cost management": 3277,
        "Total Operating Expenses": 6409,
        "Total revenue financing activities": 1050,
        "Net profit from business activities": -5499,
        "Profit": 422,
        "Profit before tax": -5078,
        "Present corporate income tax expenses": "N/A",
        "Deferred income taxes expenses": "N/A",
        "The interests of minority shareholders": -56,
        "Total Cost of profits": -56,
        "Profit after tax corporate income": -5022,
        "Volume": 9569900,
        "Close of Quarter": 11,
        "EPS": 335,
        "Non-adjusted EPS": 335,
        "PE": 32.8,
        "Book Price": 26.1
      }
    },
    {
      "quarter": "Q4 2016",
      "income status": {
        "Net sales": 25980,
        "Cost of goods sold": 40085,
        "Gross Profit": -14105,
        "Financial expenses": 98,
        "Of which: Interest expense": "N/A",
        "Cost of sales": 6914,
        "Enterprise cost management": 10062,
        "Total Operating Expenses": 17074,
        "Total revenue financing activities": 186,
        "Net profit from business activities": -30993,
        "Profit": 62442,
        "Profit before tax": 31450,
        "Present corporate income tax expenses": 1977,
        "Deferred income taxes expenses": "N/A",
        "The interests of minority shareholders": -1038,
        "Total Cost of profits": 939,
        "Profit after tax corporate income": 30510,
        "Volume": 9569900,
        "Close of Quarter": 10.2,
        "EPS": 882,
        "Non-adjusted EPS": 882,
        "PE": 11.6,
        "Book Price": 27.5
      }
    },
    {
      "quarter": "Q3 2016",
      "income status": {
        "Net sales": 17921,
        "Cost of goods sold": 20602,
        "Gross Profit": -2681,
        "Financial expenses": 242,
        "Of which: Interest expense": 217,
        "Cost of sales": 6931,
        "Enterprise cost management": 4338,
        "Total Operating Expenses": 11511,
        "Total revenue financing activities": 1110,
        "Net profit from business activities": -13081,
        "Profit": 1284,
        "Profit before tax": -11797,
        "Present corporate income tax expenses": "N/A",
        "Deferred income taxes expenses": "N/A",
        "The interests of minority shareholders": -154,
        "Total Cost of profits": -154,
        "Profit after tax corporate income": -11643,
        "Volume": 9569900,
        "Close of Quarter": 11.3,
        "EPS": -1674,
        "Non-adjusted EPS": -1674,
        "PE": -6.7,
        "Book Price": 24.4
      }
    },
    {
      "quarter": "Q2 2016",
      "income status": {
        "Net sales": 32182,
        "Cost of goods sold": 31732,
        "Gross Profit": 450,
        "Financial expenses": 1013,
        "Of which: Interest expense": 1108,
        "Cost of sales": 7232,
        "Enterprise cost management": 5835,
        "Total Operating Expenses": 14080,
        "Total revenue financing activities": 530,
        "Net profit from business activities": -13100,
        "Profit": 2511,
        "Profit before tax": -10590,
        "Present corporate income tax expenses": "N/A",
        "Deferred income taxes expenses": "N/A",
        "The interests of minority shareholders": 52,
        "Total Cost of profits": 52,
        "Profit after tax corporate income": -10642,
        "Volume": 9569900,
        "Close of Quarter": 12.6,
        "EPS": -295,
        "Non-adjusted EPS": -295,
        "PE": -42.6,
        "Book Price": 25.6
      }
    },
    {
      "quarter": "Q1 2016",
      "income status": {
        "Net sales": 44730,
        "Cost of goods sold": 42794,
        "Gross Profit": 1937,
        "Financial expenses": 1536,
        "Of which: Interest expense": 1553,
        "Cost of sales": 5050,
        "Enterprise cost management": 1491,
        "Total Operating Expenses": 8077,
        "Total revenue financing activities": 1469,
        "Net profit from business activities": -4672,
        "Profit": 4471,
        "Profit before tax": -201,
        "Present corporate income tax expenses": "N/A",
        "Deferred income taxes expenses": "N/A",
        "The interests of minority shareholders": -413,
        "Total Cost of profits": -413,
        "Profit after tax corporate income": 212,
        "Volume": 9569900,
        "Close of Quarter": 13.2,
        "EPS": 1261,
        "Non-adjusted EPS": 1261,
        "PE": 10.5,
        "Book Price": 27.6
      }
    },
    {
      "quarter": "Q4 2015",
      "income status": {
        "Net sales": 73576,
        "Cost of goods sold": 74919,
        "Gross Profit": -1343,
        "Financial expenses": 2241,
        "Of which: Interest expense": 1772,
        "Cost of sales": 8938,
        "Enterprise cost management": 4178,
        "Total Operating Expenses": 15357,
        "Total revenue financing activities": 1117,
        "Net profit from business activities": -16219,
        "Profit": 22218,
        "Profit before tax": 5999,
        "Present corporate income tax expenses": "N/A",
        "Deferred income taxes expenses": "N/A",
        "The interests of minority shareholders": -55,
        "Total Cost of profits": -55,
        "Profit after tax corporate income": 6054,
        "Volume": 9569900,
        "Close of Quarter": 10.0,
        "EPS": 1264,
        "Non-adjusted EPS": 1264,
        "PE": 7.9,
        "Book Price": 27.6
      }
    },
    {
      "quarter": "Q3 2015",
      "income status": {
        "Net sales": 95316,
        "Cost of goods sold": 93027,
        "Gross Profit": 2289,
        "Financial expenses": 2527,
        "Of which: Interest expense": 1707,
        "Cost of sales": 8989,
        "Enterprise cost management": 4824,
        "Total Operating Expenses": 16340,
        "Total revenue financing activities": 697,
        "Net profit from business activities": -13323,
        "Profit": 14843,
        "Profit before tax": 1520,
        "Present corporate income tax expenses": "N/A",
        "Deferred income taxes expenses": "N/A",
        "The interests of minority shareholders": -37,
        "Total Cost of profits": -37,
        "Profit after tax corporate income": 1557,
        "Volume": 9569900,
        "Close of Quarter": 10.6,
        "EPS": 1077,
        "Non-adjusted EPS": 1077,
        "PE": 9.9,
        "Book Price": 26.7
      }
    },
    {
      "quarter": "Q2 2015",
      "income status": {
        "Net sales": 91000,
        "Cost of goods sold": 87679,
        "Gross Profit": 3321,
        "Financial expenses": 1771,
        "Of which: Interest expense": 1423,
        "Cost of sales": 8091,
        "Enterprise cost management": 5082,
        "Total Operating Expenses": 14944,
        "Total revenue financing activities": 2758,
        "Net profit from business activities": -9879,
        "Profit": 13966,
        "Profit before tax": 4087,
        "Present corporate income tax expenses": "N/A",
        "Deferred income taxes expenses": "N/A",
        "The interests of minority shareholders": -160,
        "Total Cost of profits": -160,
        "Profit after tax corporate income": 4247,
        "Volume": 9569900,
        "Close of Quarter": 10.7,
        "EPS": 1060,
        "Non-adjusted EPS": 1060,
        "PE": 10.1,
        "Book Price": 26.6
      }
    },
    {
      "quarter": "Q1 2015",
      "income status": {
        "Net sales": 60796,
        "Cost of goods sold": 57924,
        "Gross Profit": 2872,
        "Financial expenses": 1195,
        "Of which: Interest expense": 1172,
        "Cost of sales": 5322,
        "Enterprise cost management": 3630,
        "Total Operating Expenses": 10147,
        "Total revenue financing activities": 1102,
        "Net profit from business activities": -6173,
        "Profit": 6411,
        "Profit before tax": 239,
        "Present corporate income tax expenses": "N/A",
        "Deferred income taxes expenses": "N/A",
        "The interests of minority shareholders": "N/A",
        "Total Cost of profits": 0,
        "Profit after tax corporate income": 239,
        "Volume": 9569900,
        "Close of Quarter": 12.6,
        "EPS": 835,
        "Non-adjusted EPS": 835,
        "PE": 15.1,
        "Book Price": 27.6
      }
    },
    {
      "quarter": "Q4 2014",
      "income status": {
        "Net sales": 80127,
        "Cost of goods sold": 75807,
        "Gross Profit": 4320,
        "Financial expenses": 2661,
        "Of which: Interest expense": 2636,
        "Cost of sales": 7849,
        "Enterprise cost management": 6484,
        "Total Operating Expenses": 16994,
        "Total revenue financing activities": 9264,
        "Net profit from business activities": -3410,
        "Profit": 9872,
        "Profit before tax": 6462,
        "Present corporate income tax expenses": 2324,
        "Deferred income taxes expenses": "N/A",
        "The interests of minority shareholders": -128,
        "Total Cost of profits": 2196,
        "Profit after tax corporate income": 4266,
        "Volume": 9569900,
        "Close of Quarter": 11.8,
        "EPS": 1334,
        "Non-adjusted EPS": 1334,
        "PE": 8.8,
        "Book Price": 27.9
      }
    },
    {
      "quarter": "Q3 2014",
      "income status": {
        "Net sales": 74504,
        "Cost of goods sold": 72311,
        "Gross Profit": 2192,
        "Financial expenses": 1877,
        "Of which: Interest expense": 1831,
        "Cost of sales": 7132,
        "Enterprise cost management": 4138,
        "Total Operating Expenses": 13147,
        "Total revenue financing activities": 8456,
        "Net profit from business activities": -2499,
        "Profit": 3924,
        "Profit before tax": 1425,
        "Present corporate income tax expenses": 12,
        "Deferred income taxes expenses": "N/A",
        "The interests of minority shareholders": 21,
        "Total Cost of profits": 33,
        "Profit after tax corporate income": 1391,
        "Volume": 9569900,
        "Close of Quarter": 13.7,
        "EPS": 1827,
        "Non-adjusted EPS": 1827,
        "PE": 7.5,
        "Book Price": 28.5
      }
    },
    {
      "quarter": "Q2 2014",
      "income status": {
        "Net sales": 126703,
        "Cost of goods sold": 120478,
        "Gross Profit": 6225,
        "Financial expenses": 3248,
        "Of which: Interest expense": 2236,
        "Cost of sales": 8807,
        "Enterprise cost management": 6844,
        "Total Operating Expenses": 18899,
        "Total revenue financing activities": 14526,
        "Net profit from business activities": 1852,
        "Profit": 241,
        "Profit before tax": 2093,
        "Present corporate income tax expenses": "N/A",
        "Deferred income taxes expenses": "N/A",
        "The interests of minority shareholders": "N/A",
        "Total Cost of profits": 0,
        "Profit after tax corporate income": 2093,
        "Volume": 9569900,
        "Close of Quarter": 11.7,
        "EPS": 5167,
        "Non-adjusted EPS": 5167,
        "PE": 2.3,
        "Book Price": 28.4
      }
    },
    {
      "quarter": "Q1 2014",
      "income status": {
        "Net sales": 52100,
        "Cost of goods sold": 49615,
        "Gross Profit": 2485,
        "Financial expenses": 1469,
        "Of which: Interest expense": 1376,
        "Cost of sales": 4713,
        "Enterprise cost management": 3465,
        "Total Operating Expenses": 9647,
        "Total revenue financing activities": 9990,
        "Net profit from business activities": 2828,
        "Profit": 2186,
        "Profit before tax": 5014,
        "Present corporate income tax expenses": "N/A",
        "Deferred income taxes expenses": "N/A",
        "The interests of minority shareholders": "N/A",
        "Total Cost of profits": 0,
        "Profit after tax corporate income": 5014,
        "Volume": 9569900,
        "Close of Quarter": 17.0,
        "EPS": 4979,
        "Non-adjusted EPS": 4979,
        "PE": 3.4,
        "Book Price": 28.2
      }
    },
    {
      "quarter": "Q4 2013",
      "income status": {
        "Net sales": 104563,
        "Cost of goods sold": 103359,
        "Gross Profit": 1204,
        "Financial expenses": 2804,
        "Of which: Interest expense": 820,
        "Cost of sales": 6925,
        "Enterprise cost management": 7189,
        "Total Operating Expenses": 16918,
        "Total revenue financing activities": 18071,
        "Net profit from business activities": 2356,
        "Profit": 4289,
        "Profit before tax": 6645,
        "Present corporate income tax expenses": -2345,
        "Deferred income taxes expenses": "N/A",
        "The interests of minority shareholders": "N/A",
        "Total Cost of profits": -2345,
        "Profit after tax corporate income": 8990,
        "Volume": 9569900,
        "Close of Quarter": 12.5,
        "EPS": 5221,
        "Non-adjusted EPS": 5221,
        "PE": 2.4,
        "Book Price": 29.5
      }
    },
    {
      "quarter": "Q3 2013",
      "income status": {
        "Net sales": 68000,
        "Cost of goods sold": 66529,
        "Gross Profit": 1472,
        "Financial expenses": 844,
        "Of which: Interest expense": 457,
        "Cost of sales": 5948,
        "Enterprise cost management": 3454,
        "Total Operating Expenses": 10246,
        "Total revenue financing activities": 49862,
        "Net profit from business activities": 41088,
        "Profit": 1043,
        "Profit before tax": 42130,
        "Present corporate income tax expenses": 8783,
        "Deferred income taxes expenses": "N/A",
        "The interests of minority shareholders": "N/A",
        "Total Cost of profits": 8783,
        "Profit after tax corporate income": 33348,
        "Volume": 9569900,
        "Close of Quarter": 8.5,
        "EPS": 5603,
        "Non-adjusted EPS": 5603,
        "PE": 1.5,
        "Book Price": 28.6
      }
    },
    {
      "quarter": "Q2 2013",
      "income status": {
        "Net sales": 65478,
        "Cost of goods sold": 63029,
        "Gross Profit": 2449,
        "Financial expenses": 1399,
        "Of which: Interest expense": 462,
        "Cost of sales": 4328,
        "Enterprise cost management": 3562,
        "Total Operating Expenses": 9289,
        "Total revenue financing activities": 5814,
        "Net profit from business activities": -1026,
        "Profit": 1321,
        "Profit before tax": 295,
        "Present corporate income tax expenses": "N/A",
        "Deferred income taxes expenses": "N/A",
        "The interests of minority shareholders": "N/A",
        "Total Cost of profits": 0,
        "Profit after tax corporate income": 295,
        "Volume": 9569900,
        "Close of Quarter": 8.5,
        "EPS": 3102,
        "Non-adjusted EPS": 3102,
        "PE": 2.7,
        "Book Price": 25.1
      }
    },
    {
      "quarter": "Q1 2013",
      "income status": {
        "Net sales": 53715,
        "Cost of goods sold": 51364,
        "Gross Profit": 2351,
        "Financial expenses": 519,
        "Of which: Interest expense": 509,
        "Cost of sales": 3353,
        "Enterprise cost management": 3516,
        "Total Operating Expenses": 7388,
        "Total revenue financing activities": 11905,
        "Net profit from business activities": 6868,
        "Profit": 467,
        "Profit before tax": 7335,
        "Present corporate income tax expenses": "N/A",
        "Deferred income taxes expenses": "N/A",
        "The interests of minority shareholders": "N/A",
        "Total Cost of profits": 0,
        "Profit after tax corporate income": 7335,
        "Volume": 9569900,
        "Close of Quarter": 9.1,
        "EPS": 3105,
        "Non-adjusted EPS": 3105,
        "PE": 2.9,
        "Book Price": 25.1
      }
    },
    {
      "quarter": "Q4 2012",
      "income status": {
        "Net sales": 93325,
        "Cost of goods sold": 92140,
        "Gross Profit": 1185,
        "Financial expenses": 1242,
        "Of which: Interest expense": 789,
        "Cost of sales": 8630,
        "Enterprise cost management": 3434,
        "Total Operating Expenses": 13306,
        "Total revenue financing activities": 23379,
        "Net profit from business activities": 11258,
        "Profit": 1381,
        "Profit before tax": 12639,
        "Present corporate income tax expenses": "N/A",
        "Deferred income taxes expenses": "N/A",
        "The interests of minority shareholders": "N/A",
        "Total Cost of profits": 0,
        "Profit after tax corporate income": 12639,
        "Volume": 9569900,
        "Close of Quarter": 7.3,
        "EPS": 3106,
        "Non-adjusted EPS": 3106,
        "PE": 2.3,
        "Book Price": 26.6
      }
    },
    {
      "quarter": "Q3 2012",
      "income status": {
        "Net sales": 70777,
        "Cost of goods sold": 68333,
        "Gross Profit": 2444,
        "Financial expenses": 1248,
        "Of which: Interest expense": 1053,
        "Cost of sales": 4430,
        "Enterprise cost management": 3186,
        "Total Operating Expenses": 8864,
        "Total revenue financing activities": 14665,
        "Net profit from business activities": 8245,
        "Profit": 1175,
        "Profit before tax": 9420,
        "Present corporate income tax expenses": "N/A",
        "Deferred income taxes expenses": "N/A",
        "The interests of minority shareholders": "N/A",
        "Total Cost of profits": 0,
        "Profit after tax corporate income": 9420,
        "Volume": 9569900,
        "Close of Quarter": 5.4,
        "EPS": 3364,
        "Non-adjusted EPS": 3364,
        "PE": 1.6,
        "Book Price": 25.3
      }
    },
    {
      "quarter": "Q2 2012",
      "income status": {
        "Net sales": 47343,
        "Cost of goods sold": 45201,
        "Gross Profit": 2142,
        "Financial expenses": 1300,
        "Of which: Interest expense": 1638,
        "Cost of sales": 4576,
        "Enterprise cost management": 3128,
        "Total Operating Expenses": 9004,
        "Total revenue financing activities": 5397,
        "Net profit from business activities": -1465,
        "Profit": 1788,
        "Profit before tax": 323,
        "Present corporate income tax expenses": "N/A",
        "Deferred income taxes expenses": "N/A",
        "The interests of minority shareholders": "N/A",
        "Total Cost of profits": 0,
        "Profit after tax corporate income": 323,
        "Volume": 9569900,
        "Close of Quarter": 7.6,
        "EPS": 3442,
        "Non-adjusted EPS": 3442,
        "PE": 2.2,
        "Book Price": 24.3
      }
    },
    {
      "quarter": "Q1 2012",
      "income status": {
        "Net sales": 75992,
        "Cost of goods sold": 72791,
        "Gross Profit": 3201,
        "Financial expenses": 2381,
        "Of which: Interest expense": 1630,
        "Cost of sales": 4595,
        "Enterprise cost management": 2978,
        "Total Operating Expenses": 9954,
        "Total revenue financing activities": 11715,
        "Net profit from business activities": 4961,
        "Profit": 2379,
        "Profit before tax": 7340,
        "Present corporate income tax expenses": "N/A",
        "Deferred income taxes expenses": "N/A",
        "The interests of minority shareholders": "N/A",
        "Total Cost of profits": 0,
        "Profit after tax corporate income": 7340,
        "Volume": 9569900,
        "Close of Quarter": 6.8,
        "EPS": 3490,
        "Non-adjusted EPS": 3490,
        "PE": 2.0,
        "Book Price": 25.6
      }
    },
    {
      "quarter": "Q4 2011",
      "income status": {
        "Net sales": 124177,
        "Cost of goods sold": 118868,
        "Gross Profit": 5309,
        "Financial expenses": 4073,
        "Of which: Interest expense": 776,
        "Cost of sales": 5696,
        "Enterprise cost management": 5887,
        "Total Operating Expenses": 15656,
        "Total revenue financing activities": 23009,
        "Net profit from business activities": 12662,
        "Profit": 2444,
        "Profit before tax": 15106,
        "Present corporate income tax expenses": "N/A",
        "Deferred income taxes expenses": "N/A",
        "The interests of minority shareholders": "N/A",
        "Total Cost of profits": 0,
        "Profit after tax corporate income": 15106,
        "Volume": 9569900,
        "Close of Quarter": 4.1,
        "EPS": 3495,
        "Non-adjusted EPS": 3495,
        "PE": 1.2,
        "Book Price": 25.6
      }
    },
    {
      "quarter": "Q3 2011",
      "income status": {
        "Net sales": 109124,
        "Cost of goods sold": 107433,
        "Gross Profit": 1691,
        "Financial expenses": 418,
        "Of which: Interest expense": 359,
        "Cost of sales": 3270,
        "Enterprise cost management": 2741,
        "Total Operating Expenses": 6429,
        "Total revenue financing activities": 11945,
        "Net profit from business activities": 7207,
        "Profit": 2965,
        "Profit before tax": 10172,
        "Present corporate income tax expenses": "N/A",
        "Deferred income taxes expenses": "N/A",
        "The interests of minority shareholders": "N/A",
        "Total Cost of profits": 0,
        "Profit after tax corporate income": 10172,
        "Volume": 9569900,
        "Close of Quarter": 4.5,
        "EPS": 2750,
        "Non-adjusted EPS": 2750,
        "PE": 1.7,
        "Book Price": 24.1
      }
    },
    {
      "quarter": "Q2 2011",
      "income status": {
        "Net sales": 53008,
        "Cost of goods sold": 52160,
        "Gross Profit": 848,
        "Financial expenses": 253,
        "Of which: Interest expense": 162,
        "Cost of sales": 2779,
        "Enterprise cost management": 2568,
        "Total Operating Expenses": 5600,
        "Total revenue financing activities": 1863,
        "Net profit from business activities": -2889,
        "Profit": 3667,
        "Profit before tax": 778,
        "Present corporate income tax expenses": "N/A",
        "Deferred income taxes expenses": "N/A",
        "The interests of minority shareholders": "N/A",
        "Total Cost of profits": 0,
        "Profit after tax corporate income": 778,
        "Volume": 9569900,
        "Close of Quarter": 5.4,
        "EPS": 2595,
        "Non-adjusted EPS": 2595,
        "PE": 2.1,
        "Book Price": 23.1
      }
    },
    {
      "quarter": "Q1 2011",
      "income status": {
        "Net sales": 69115,
        "Cost of goods sold": 68578,
        "Gross Profit": 536,
        "Financial expenses": 299,
        "Of which: Interest expense": 280,
        "Cost of sales": 2358,
        "Enterprise cost management": 2715,
        "Total Operating Expenses": 5372,
        "Total revenue financing activities": 8279,
        "Net profit from business activities": 3444,
        "Profit": 3948,
        "Profit before tax": 7392,
        "Present corporate income tax expenses": "N/A",
        "Deferred income taxes expenses": "N/A",
        "The interests of minority shareholders": "N/A",
        "Total Cost of profits": 0,
        "Profit after tax corporate income": 7392,
        "Volume": 9569900,
        "Close of Quarter": 7.6,
        "EPS": 3447,
        "Non-adjusted EPS": 3447,
        "PE": 2.2,
        "Book Price": 23
      }
    },
    {
      "quarter": "Q4 2010",
      "income status": {
        "Net sales": 69684,
        "Cost of goods sold": 68278,
        "Gross Profit": 1406,
        "Financial expenses": 2304,
        "Of which: Interest expense": 1618,
        "Cost of sales": 5869,
        "Enterprise cost management": 2809,
        "Total Operating Expenses": 10982,
        "Total revenue financing activities": 8507,
        "Net profit from business activities": -1068,
        "Profit": 9043,
        "Profit before tax": 7974,
        "Present corporate income tax expenses": "N/A",
        "Deferred income taxes expenses": "N/A",
        "The interests of minority shareholders": "N/A",
        "Total Cost of profits": 0,
        "Profit after tax corporate income": 7974,
        "Volume": 9569900,
        "Close of Quarter": 10.1,
        "EPS": 3844,
        "Non-adjusted EPS": 3844,
        "PE": 2.6,
        "Book Price": 24.3
      }
    },
    {
      "quarter": "Q3 2010",
      "income status": {
        "Net sales": 63441,
        "Cost of goods sold": 62481,
        "Gross Profit": 960,
        "Financial expenses": 6825,
        "Of which: Interest expense": 1665,
        "Cost of sales": 2196,
        "Enterprise cost management": 2257,
        "Total Operating Expenses": 11278,
        "Total revenue financing activities": 16800,
        "Net profit from business activities": 6482,
        "Profit": 2204,
        "Profit before tax": 8686,
        "Present corporate income tax expenses": "N/A",
        "Deferred income taxes expenses": "N/A",
        "The interests of minority shareholders": "N/A",
        "Total Cost of profits": 0,
        "Profit after tax corporate income": 8686,
        "Volume": 9569900,
        "Close of Quarter": 11.4,
        "EPS": 4826,
        "Non-adjusted EPS": 4826,
        "PE": 2.4,
        "Book Price": 23.5
      }
    },
    {
      "quarter": "Q2 2010",
      "income status": {
        "Net sales": 92082,
        "Cost of goods sold": 89901,
        "Gross Profit": 2181,
        "Financial expenses": 11101,
        "Of which: Interest expense": 949,
        "Cost of sales": 2642,
        "Enterprise cost management": 2106,
        "Total Operating Expenses": 15849,
        "Total revenue financing activities": 16887,
        "Net profit from business activities": 3219,
        "Profit": 7016,
        "Profit before tax": 10235,
        "Present corporate income tax expenses": 1298,
        "Deferred income taxes expenses": "N/A",
        "The interests of minority shareholders": "N/A",
        "Total Cost of profits": 1298,
        "Profit after tax corporate income": 8938,
        "Volume": 9569900,
        "Close of Quarter": 14.1,
        "EPS": 4727,
        "Non-adjusted EPS": 4727,
        "PE": 3.0,
        "Book Price": 22.6
      }
    },
    {
      "quarter": "Q1 2010",
      "income status": {
        "Net sales": 73516,
        "Cost of goods sold": 71573,
        "Gross Profit": 1943,
        "Financial expenses": 1495,
        "Of which: Interest expense": 279,
        "Cost of sales": 3285,
        "Enterprise cost management": 2325,
        "Total Operating Expenses": 7105,
        "Total revenue financing activities": 5177,
        "Net profit from business activities": 14,
        "Profit": 13239,
        "Profit before tax": 13252,
        "Present corporate income tax expenses": 2063,
        "Deferred income taxes expenses": "N/A",
        "The interests of minority shareholders": "N/A",
        "Total Cost of profits": 2063,
        "Profit after tax corporate income": 11189,
        "Volume": 9569900,
        "Close of Quarter": 13.9,
        "EPS": 4802,
        "Non-adjusted EPS": 4802,
        "PE": 2.9,
        "Book Price": 22.2
      }
    },
    {
      "quarter": "Q4 2009",
      "income status": {
        "Net sales": 69801,
        "Cost of goods sold": 75029,
        "Gross Profit": -5228,
        "Financial expenses": -2006,
        "Of which: Interest expense": 146,
        "Cost of sales": 4240,
        "Enterprise cost management": 2536,
        "Total Operating Expenses": 4770,
        "Total revenue financing activities": 20584,
        "Net profit from business activities": 10586,
        "Profit": 9155,
        "Profit before tax": 19741,
        "Present corporate income tax expenses": 2371,
        "Deferred income taxes expenses": "N/A",
        "The interests of minority shareholders": "N/A",
        "Total Cost of profits": 2371,
        "Profit after tax corporate income": 17370,
        "Volume": 9569900,
        "Close of Quarter": 10.2,
        "EPS": 3686,
        "Non-adjusted EPS": 3686,
        "PE": 2.8,
        "Book Price": 21.5
      }
    },
    {
      "quarter": "Q3 2009",
      "income status": {
        "Net sales": 72893,
        "Cost of goods sold": 72332,
        "Gross Profit": 560,
        "Financial expenses": 159,
        "Of which: Interest expense": 39,
        "Cost of sales": 3863,
        "Enterprise cost management": 2021,
        "Total Operating Expenses": 6043,
        "Total revenue financing activities": 12124,
        "Net profit from business activities": 6641,
        "Profit": 1571,
        "Profit before tax": 8212,
        "Present corporate income tax expenses": 472,
        "Deferred income taxes expenses": "N/A",
        "The interests of minority shareholders": "N/A",
        "Total Cost of profits": 472,
        "Profit after tax corporate income": 7740,
        "Volume": 9569900,
        "Close of Quarter": "N/A",
        "EPS": 2370,
        "Non-adjusted EPS": 2370,
        "PE": "N/A",
        "Book Price": 20.5
      }
    },
    {
      "quarter": "Q2 2009",
      "income status": {
        "Net sales": 73476,
        "Cost of goods sold": 66763,
        "Gross Profit": 6713,
        "Financial expenses": 292,
        "Of which: Interest expense": 17,
        "Cost of sales": 2679,
        "Enterprise cost management": 2209,
        "Total Operating Expenses": 5180,
        "Total revenue financing activities": 7288,
        "Net profit from business activities": 8822,
        "Profit": 2233,
        "Profit before tax": 11054,
        "Present corporate income tax expenses": 1399,
        "Deferred income taxes expenses": "N/A",
        "The interests of minority shareholders": "N/A",
        "Total Cost of profits": 1399,
        "Profit after tax corporate income": 9656,
        "Volume": 9569900,
        "Close of Quarter": "N/A",
        "EPS": 2797,
        "Non-adjusted EPS": 2797,
        "PE": "N/A",
        "Book Price": 19.7
      }
    },
    {
      "quarter": "Q1 2009",
      "income status": {
        "Net sales": 55361,
        "Cost of goods sold": 51198,
        "Gross Profit": 4163,
        "Financial expenses": 215,
        "Of which: Interest expense": 33,
        "Cost of sales": 2205,
        "Enterprise cost management": 2203,
        "Total Operating Expenses": 4623,
        "Total revenue financing activities": 782,
        "Net profit from business activities": 324,
        "Profit": 252,
        "Profit before tax": 575,
        "Present corporate income tax expenses": 66,
        "Deferred income taxes expenses": "N/A",
        "The interests of minority shareholders": "N/A",
        "Total Cost of profits": 66,
        "Profit after tax corporate income": 510,
        "Volume": 9569900,
        "Close of Quarter": "N/A",
        "EPS": 2570,
        "Non-adjusted EPS": 2570,
        "PE": "N/A",
        "Book Price": 18.8
      }
    },
    {
      "quarter": "Q4 2008",
      "income status": {
        "Net sales": 70900,
        "Cost of goods sold": 76992,
        "Gross Profit": -6093,
        "Financial expenses": 6760,
        "Of which: Interest expense": 284,
        "Cost of sales": 2715,
        "Enterprise cost management": 5842,
        "Total Operating Expenses": 15317,
        "Total revenue financing activities": 19312,
        "Net profit from business activities": -2099,
        "Profit": 7259,
        "Profit before tax": 5161,
        "Present corporate income tax expenses": 382,
        "Deferred income taxes expenses": "N/A",
        "The interests of minority shareholders": "N/A",
        "Total Cost of profits": 382,
        "Profit after tax corporate income": 4778,
        "Volume": 9569900,
        "Close of Quarter": "N/A",
        "EPS": 2751,
        "Non-adjusted EPS": 2751,
        "PE": "N/A",
        "Book Price": 18.8
      }
    },
    {
      "quarter": "Q3 2008",
      "income status": {
        "Net sales": 73239,
        "Cost of goods sold": 71639,
        "Gross Profit": 1600,
        "Financial expenses": 301,
        "Of which: Interest expense": 237,
        "Cost of sales": 2455,
        "Enterprise cost management": 2083,
        "Total Operating Expenses": 4839,
        "Total revenue financing activities": 7112,
        "Net profit from business activities": 3874,
        "Profit": 9312,
        "Profit before tax": 13185,
        "Present corporate income tax expenses": 1366,
        "Deferred income taxes expenses": "N/A",
        "The interests of minority shareholders": "N/A",
        "Total Cost of profits": 1366,
        "Profit after tax corporate income": 11820,
        "Volume": 9569900,
        "Close of Quarter": "N/A",
        "EPS": 4278,
        "Non-adjusted EPS": 4278,
        "PE": "N/A",
        "Book Price": 19.5
      }
    },
    {
      "quarter": "Q2 2008",
      "income status": {
        "Net sales": 58864,
        "Cost of goods sold": 57047,
        "Gross Profit": 1817,
        "Financial expenses": 1131,
        "Of which: Interest expense": 1040,
        "Cost of sales": 1816,
        "Enterprise cost management": 2633,
        "Total Operating Expenses": 5580,
        "Total revenue financing activities": 5246,
        "Net profit from business activities": 1484,
        "Profit": 6000,
        "Profit before tax": 7484,
        "Present corporate income tax expenses": "N/A",
        "Deferred income taxes expenses": "N/A",
        "The interests of minority shareholders": "N/A",
        "Total Cost of profits": 0,
        "Profit after tax corporate income": 7484,
        "Volume": 9569900,
        "Close of Quarter": "N/A",
        "EPS": 4411,
        "Non-adjusted EPS": 4411,
        "PE": "N/A",
        "Book Price": 18.3
      }
    },
    {
      "quarter": "Q1 2008",
      "income status": {
        "Net sales": 66175,
        "Cost of goods sold": 64407,
        "Gross Profit": 1768,
        "Financial expenses": 1182,
        "Of which: Interest expense": 1172,
        "Cost of sales": 2329,
        "Enterprise cost management": 2790,
        "Total Operating Expenses": 6301,
        "Total revenue financing activities": 5799,
        "Net profit from business activities": 1266,
        "Profit": 975,
        "Profit before tax": 2241,
        "Present corporate income tax expenses": "N/A",
        "Deferred income taxes expenses": "N/A",
        "The interests of minority shareholders": "N/A",
        "Total Cost of profits": 0,
        "Profit after tax corporate income": 2241,
        "Volume": 9569900,
        "Close of Quarter": "N/A",
        "EPS": 4385,
        "Non-adjusted EPS": 4385,
        "PE": "N/A",
        "Book Price": 19.7
      }
    },
    {
      "quarter": "Q4 2007",
      "income status": {
        "Net sales": 159800,
        "Cost of goods sold": 151654,
        "Gross Profit": 8146,
        "Financial expenses": 1627,
        "Of which: Interest expense": 846,
        "Cost of sales": 2863,
        "Enterprise cost management": 2932,
        "Total Operating Expenses": 7422,
        "Total revenue financing activities": 16656,
        "Net profit from business activities": 17381,
        "Profit": 649,
        "Profit before tax": 18030,
        "Present corporate income tax expenses": -1367,
        "Deferred income taxes expenses": "N/A",
        "The interests of minority shareholders": "N/A",
        "Total Cost of profits": -1367,
        "Profit after tax corporate income": 19397,
        "Volume": 9569900,
        "Close of Quarter": "N/A",
        "EPS": 4477,
        "Non-adjusted EPS": 4477,
        "PE": "N/A",
        "Book Price": 19.6
      }
    },
    {
      "quarter": "Q3 2007",
      "income status": {
        "Net sales": 136895,
        "Cost of goods sold": 128269,
        "Gross Profit": 8626,
        "Financial expenses": 3,
        "Of which: Interest expense": "N/A",
        "Cost of sales": 3054,
        "Enterprise cost management": 3570,
        "Total Operating Expenses": 6627,
        "Total revenue financing activities": 10742,
        "Net profit from business activities": 12742,
        "Profit": 1355,
        "Profit before tax": 14097,
        "Present corporate income tax expenses": 1008,
        "Deferred income taxes expenses": "N/A",
        "The interests of minority shareholders": "N/A",
        "Total Cost of profits": 1008,
        "Profit after tax corporate income": 13089,
        "Volume": 9569900,
        "Close of Quarter": "N/A",
        "EPS": 2450,
        "Non-adjusted EPS": 2450,
        "PE": "N/A",
        "Book Price": 17.9
      }
    },
    {
      "quarter": "Q2 2007",
      "income status": {
        "Net sales": 123536,
        "Cost of goods sold": 114799,
        "Gross Profit": 8738,
        "Financial expenses": 2,
        "Of which: Interest expense": "N/A",
        "Cost of sales": 1143,
        "Enterprise cost management": 2257,
        "Total Operating Expenses": 3402,
        "Total revenue financing activities": 4282,
        "Net profit from business activities": 9617,
        "Profit": "N/A",
        "Profit before tax": 9617,
        "Present corporate income tax expenses": 2383,
        "Deferred income taxes expenses": "N/A",
        "The interests of minority shareholders": "N/A",
        "Total Cost of profits": 2383,
        "Profit after tax corporate income": 7234,
        "Volume": 9569900,
        "Close of Quarter": "N/A",
        "EPS": 1083,
        "Non-adjusted EPS": 1083,
        "PE": "N/A",
        "Book Price": 17
      }
    },
    {
      "quarter": "Q1 2007",
      "income status": {
        "Net sales": 95767,
        "Cost of goods sold": 86662,
        "Gross Profit": 9105,
        "Financial expenses": 650,
        "Of which: Interest expense": 644,
        "Cost of sales": 2363,
        "Enterprise cost management": 3033,
        "Total Operating Expenses": 6046,
        "Total revenue financing activities": 1029,
        "Net profit from business activities": 4088,
        "Profit": -529,
        "Profit before tax": 3559,
        "Present corporate income tax expenses": 433,
        "Deferred income taxes expenses": "N/A",
        "The interests of minority shareholders": "N/A",
        "Total Cost of profits": 433,
        "Profit after tax corporate income": 3126,
        "Volume": 9569900,
        "Close of Quarter": "N/A",
        "EPS": 327,
        "Non-adjusted EPS": 327,
        "PE": "N/A",
        "Book Price": 16.1
      }
    }
  ]
}