{
  "ticker": "GIL",
  "data": [
    {
      "quarter": "Q1 2017",
      "income status": {
        "Net sales": 515875,
        "Cost of goods sold": 427683,
        "Gross Profit": 88192,
        "Financial expenses": 9972,
        "Of which: Interest expense": 3113,
        "Cost of sales": 20148,
        "Enterprise cost management": 19836,
        "Total Operating Expenses": 49956,
        "Total revenue financing activities": 5219,
        "Net profit from business activities": 43455,
        "Profit": -914,
        "Profit before tax": 42541,
        "Present corporate income tax expenses": 9120,
        "Deferred income taxes expenses": "N/A",
        "The interests of minority shareholders": -3,
        "Total Cost of profits": 9117,
        "Profit after tax corporate income": 33423,
        "Volume": 12674588,
        "Close of Quarter": 48.7,
        "EPS": 6201,
        "Non-adjusted EPS": 6201,
        "PE": 7.9,
        "Book Price": 38.2
      }
    },
    {
      "quarter": "Q4 2016",
      "income status": {
        "Net sales": 260444,
        "Cost of goods sold": 205471,
        "Gross Profit": 54973,
        "Financial expenses": 34490,
        "Of which: Interest expense": 3462,
        "Cost of sales": 2554,
        "Enterprise cost management": 25378,
        "Total Operating Expenses": 62422,
        "Total revenue financing activities": 6253,
        "Net profit from business activities": -1197,
        "Profit": 5114,
        "Profit before tax": 3918,
        "Present corporate income tax expenses": 5516,
        "Deferred income taxes expenses": 65,
        "The interests of minority shareholders": 4918,
        "Total Cost of profits": 10499,
        "Profit after tax corporate income": -6581,
        "Volume": 12674588,
        "Close of Quarter": 42.7,
        "EPS": 6232,
        "Non-adjusted EPS": 6232,
        "PE": 6.9,
        "Book Price": 35.4
      }
    },
    {
      "quarter": "Q3 2016",
      "income status": {
        "Net sales": 300467,
        "Cost of goods sold": 236488,
        "Gross Profit": 63980,
        "Financial expenses": 3378,
        "Of which: Interest expense": 2776,
        "Cost of sales": 9329,
        "Enterprise cost management": 20796,
        "Total Operating Expenses": 33503,
        "Total revenue financing activities": 1499,
        "Net profit from business activities": 31975,
        "Profit": -919,
        "Profit before tax": 31056,
        "Present corporate income tax expenses": 7021,
        "Deferred income taxes expenses": "N/A",
        "The interests of minority shareholders": 2871,
        "Total Cost of profits": 9892,
        "Profit after tax corporate income": 21163,
        "Volume": 12674588,
        "Close of Quarter": 63.6,
        "EPS": 8087,
        "Non-adjusted EPS": 8087,
        "PE": 7.9,
        "Book Price": 36.1
      }
    },
    {
      "quarter": "Q2 2016",
      "income status": {
        "Net sales": 342950,
        "Cost of goods sold": 273978,
        "Gross Profit": 68973,
        "Financial expenses": 4004,
        "Of which: Interest expense": 2685,
        "Cost of sales": 11424,
        "Enterprise cost management": 18082,
        "Total Operating Expenses": 33510,
        "Total revenue financing activities": 8305,
        "Net profit from business activities": 43767,
        "Profit": 499,
        "Profit before tax": 44266,
        "Present corporate income tax expenses": 9797,
        "Deferred income taxes expenses": -37,
        "The interests of minority shareholders": 3920,
        "Total Cost of profits": 13680,
        "Profit after tax corporate income": 30587,
        "Volume": 12674588,
        "Close of Quarter": 49.4,
        "EPS": 8094,
        "Non-adjusted EPS": 8094,
        "PE": 6.1,
        "Book Price": 36.6
      }
    },
    {
      "quarter": "Q1 2016",
      "income status": {
        "Net sales": 386584,
        "Cost of goods sold": 304198,
        "Gross Profit": 82387,
        "Financial expenses": 8699,
        "Of which: Interest expense": 3048,
        "Cost of sales": 12867,
        "Enterprise cost management": 21003,
        "Total Operating Expenses": 42569,
        "Total revenue financing activities": 5026,
        "Net profit from business activities": 44843,
        "Profit": -941,
        "Profit before tax": 43903,
        "Present corporate income tax expenses": 7432,
        "Deferred income taxes expenses": "N/A",
        "The interests of minority shareholders": 2647,
        "Total Cost of profits": 10079,
        "Profit after tax corporate income": 33824,
        "Volume": 12674588,
        "Close of Quarter": 32.9,
        "EPS": 7363,
        "Non-adjusted EPS": 7363,
        "PE": 4.5,
        "Book Price": 33.8
      }
    },
    {
      "quarter": "Q4 2015",
      "income status": {
        "Net sales": 298092,
        "Cost of goods sold": 244155,
        "Gross Profit": 53937,
        "Financial expenses": 11572,
        "Of which: Interest expense": 3574,
        "Cost of sales": 11432,
        "Enterprise cost management": 19470,
        "Total Operating Expenses": 42474,
        "Total revenue financing activities": 11024,
        "Net profit from business activities": 22487,
        "Profit": 1285,
        "Profit before tax": 23771,
        "Present corporate income tax expenses": 4910,
        "Deferred income taxes expenses": -33,
        "The interests of minority shareholders": 1972,
        "Total Cost of profits": 6849,
        "Profit after tax corporate income": 16923,
        "Volume": 12674588,
        "Close of Quarter": 31.7,
        "EPS": 5259,
        "Non-adjusted EPS": 5259,
        "PE": 6.0,
        "Book Price": 31.2
      }
    },
    {
      "quarter": "Q3 2015",
      "income status": {
        "Net sales": 271218,
        "Cost of goods sold": 215858,
        "Gross Profit": 55360,
        "Financial expenses": 13475,
        "Of which: Interest expense": 2218,
        "Cost of sales": 5149,
        "Enterprise cost management": 18930,
        "Total Operating Expenses": 37554,
        "Total revenue financing activities": 7245,
        "Net profit from business activities": 25051,
        "Profit": 1276,
        "Profit before tax": 26327,
        "Present corporate income tax expenses": 3277,
        "Deferred income taxes expenses": "N/A",
        "The interests of minority shareholders": 1798,
        "Total Cost of profits": 5075,
        "Profit after tax corporate income": 21252,
        "Volume": 12674588,
        "Close of Quarter": 27.3,
        "EPS": 5347,
        "Non-adjusted EPS": 5347,
        "PE": 5.1,
        "Book Price": 29.8
      }
    },
    {
      "quarter": "Q2 2015",
      "income status": {
        "Net sales": 297995,
        "Cost of goods sold": 244173,
        "Gross Profit": 53822,
        "Financial expenses": 13851,
        "Of which: Interest expense": 3671,
        "Cost of sales": 5113,
        "Enterprise cost management": 15412,
        "Total Operating Expenses": 34376,
        "Total revenue financing activities": 5597,
        "Net profit from business activities": 25043,
        "Profit": 553,
        "Profit before tax": 25596,
        "Present corporate income tax expenses": 5440,
        "Deferred income taxes expenses": 26,
        "The interests of minority shareholders": -1198,
        "Total Cost of profits": 4268,
        "Profit after tax corporate income": 21328,
        "Volume": 12674588,
        "Close of Quarter": 23.3,
        "EPS": 5036,
        "Non-adjusted EPS": 5036,
        "PE": 4.6,
        "Book Price": 27.8
      }
    },
    {
      "quarter": "Q1 2015",
      "income status": {
        "Net sales": 217835,
        "Cost of goods sold": 185904,
        "Gross Profit": 31931,
        "Financial expenses": 5049,
        "Of which: Interest expense": 2839,
        "Cost of sales": 3956,
        "Enterprise cost management": 14233,
        "Total Operating Expenses": 23238,
        "Total revenue financing activities": 3416,
        "Net profit from business activities": 12109,
        "Profit": -277,
        "Profit before tax": 11832,
        "Present corporate income tax expenses": 4633,
        "Deferred income taxes expenses": "N/A",
        "The interests of minority shareholders": 47,
        "Total Cost of profits": 4680,
        "Profit after tax corporate income": 7152,
        "Volume": 12674588,
        "Close of Quarter": 20.7,
        "EPS": 4331,
        "Non-adjusted EPS": 4331,
        "PE": 4.8,
        "Book Price": 26.6
      }
    },
    {
      "quarter": "Q4 2014",
      "income status": {
        "Net sales": 293569,
        "Cost of goods sold": 225765,
        "Gross Profit": 67804,
        "Financial expenses": 9257,
        "Of which: Interest expense": 5087,
        "Cost of sales": 8446,
        "Enterprise cost management": 25221,
        "Total Operating Expenses": 42924,
        "Total revenue financing activities": 2402,
        "Net profit from business activities": 27282,
        "Profit": -1021,
        "Profit before tax": 26262,
        "Present corporate income tax expenses": 6852,
        "Deferred income taxes expenses": -210,
        "The interests of minority shareholders": 1576,
        "Total Cost of profits": 8218,
        "Profit after tax corporate income": 18043,
        "Volume": 12674588,
        "Close of Quarter": 23.7,
        "EPS": 4102,
        "Non-adjusted EPS": 4102,
        "PE": 5.8,
        "Book Price": 29.8
      }
    },
    {
      "quarter": "Q3 2014",
      "income status": {
        "Net sales": 260956,
        "Cost of goods sold": 214058,
        "Gross Profit": 46898,
        "Financial expenses": 3760,
        "Of which: Interest expense": 5581,
        "Cost of sales": 5897,
        "Enterprise cost management": 19478,
        "Total Operating Expenses": 29135,
        "Total revenue financing activities": 1682,
        "Net profit from business activities": 19445,
        "Profit": -314,
        "Profit before tax": 19131,
        "Present corporate income tax expenses": 3515,
        "Deferred income taxes expenses": "N/A",
        "The interests of minority shareholders": -1690,
        "Total Cost of profits": 1825,
        "Profit after tax corporate income": 17306,
        "Volume": 12674588,
        "Close of Quarter": 16.5,
        "EPS": 6798,
        "Non-adjusted EPS": 6798,
        "PE": 2.4,
        "Book Price": 29.9
      }
    },
    {
      "quarter": "Q2 2014",
      "income status": {
        "Net sales": 384248,
        "Cost of goods sold": 341566,
        "Gross Profit": 42682,
        "Financial expenses": 7183,
        "Of which: Interest expense": 5597,
        "Cost of sales": 6055,
        "Enterprise cost management": 19540,
        "Total Operating Expenses": 32778,
        "Total revenue financing activities": 3632,
        "Net profit from business activities": 13536,
        "Profit": 288,
        "Profit before tax": 13825,
        "Present corporate income tax expenses": 4245,
        "Deferred income taxes expenses": 204,
        "The interests of minority shareholders": -3013,
        "Total Cost of profits": 1436,
        "Profit after tax corporate income": 12389,
        "Volume": 12674588,
        "Close of Quarter": 15.1,
        "EPS": 5499,
        "Non-adjusted EPS": 5499,
        "PE": 2.8,
        "Book Price": 29.5
      }
    },
    {
      "quarter": "Q1 2014",
      "income status": {
        "Net sales": 169492,
        "Cost of goods sold": 143619,
        "Gross Profit": 25872,
        "Financial expenses": 4938,
        "Of which: Interest expense": 4496,
        "Cost of sales": 1695,
        "Enterprise cost management": 14210,
        "Total Operating Expenses": 20843,
        "Total revenue financing activities": 786,
        "Net profit from business activities": 5816,
        "Profit": 37,
        "Profit before tax": 5853,
        "Present corporate income tax expenses": 3247,
        "Deferred income taxes expenses": "N/A",
        "The interests of minority shareholders": -1644,
        "Total Cost of profits": 1603,
        "Profit after tax corporate income": 4250,
        "Volume": 12674588,
        "Close of Quarter": 17.6,
        "EPS": 4797,
        "Non-adjusted EPS": 4797,
        "PE": 3.7,
        "Book Price": 28.7
      }
    },
    {
      "quarter": "Q4 2013",
      "income status": {
        "Net sales": 272347,
        "Cost of goods sold": 252249,
        "Gross Profit": 20098,
        "Financial expenses": 6171,
        "Of which: Interest expense": 7736,
        "Cost of sales": 2967,
        "Enterprise cost management": 28406,
        "Total Operating Expenses": 37544,
        "Total revenue financing activities": 1606,
        "Net profit from business activities": -15840,
        "Profit": 84377,
        "Profit before tax": 71946,
        "Present corporate income tax expenses": 25259,
        "Deferred income taxes expenses": "N/A",
        "The interests of minority shareholders": -5526,
        "Total Cost of profits": 19733,
        "Profit after tax corporate income": 52213,
        "Volume": 12674588,
        "Close of Quarter": 17.5,
        "EPS": 5187,
        "Non-adjusted EPS": 5187,
        "PE": 3.4,
        "Book Price": 26.5
      }
    },
    {
      "quarter": "Q3 2013",
      "income status": {
        "Net sales": 190353,
        "Cost of goods sold": 163424,
        "Gross Profit": 26929,
        "Financial expenses": 5329,
        "Of which: Interest expense": 4648,
        "Cost of sales": 2438,
        "Enterprise cost management": 18777,
        "Total Operating Expenses": 26544,
        "Total revenue financing activities": 747,
        "Net profit from business activities": 1131,
        "Profit": 81,
        "Profit before tax": 1212,
        "Present corporate income tax expenses": 1209,
        "Deferred income taxes expenses": "N/A",
        "The interests of minority shareholders": -839,
        "Total Cost of profits": 370,
        "Profit after tax corporate income": 842,
        "Volume": 12674588,
        "Close of Quarter": 13.9,
        "EPS": 1691,
        "Non-adjusted EPS": 1691,
        "PE": 8.2,
        "Book Price": 24.5
      }
    },
    {
      "quarter": "Q2 2013",
      "income status": {
        "Net sales": 180132,
        "Cost of goods sold": 152339,
        "Gross Profit": 27793,
        "Financial expenses": 8462,
        "Of which: Interest expense": 6822,
        "Cost of sales": 2607,
        "Enterprise cost management": 12868,
        "Total Operating Expenses": 23937,
        "Total revenue financing activities": 3284,
        "Net profit from business activities": 7139,
        "Profit": -345,
        "Profit before tax": 3385,
        "Present corporate income tax expenses": 2845,
        "Deferred income taxes expenses": 310,
        "The interests of minority shareholders": -3269,
        "Total Cost of profits": -114,
        "Profit after tax corporate income": 3499,
        "Volume": 12674588,
        "Close of Quarter": 17.5,
        "EPS": 2118,
        "Non-adjusted EPS": 2118,
        "PE": 8.3,
        "Book Price": 24.2
      }
    },
    {
      "quarter": "Q1 2013",
      "income status": {
        "Net sales": 250613,
        "Cost of goods sold": 206593,
        "Gross Profit": 44021,
        "Financial expenses": 6797,
        "Of which: Interest expense": 6271,
        "Cost of sales": 7643,
        "Enterprise cost management": 19297,
        "Total Operating Expenses": 33737,
        "Total revenue financing activities": 2882,
        "Net profit from business activities": 13165,
        "Profit": 298,
        "Profit before tax": 13463,
        "Present corporate income tax expenses": 6152,
        "Deferred income taxes expenses": "N/A",
        "The interests of minority shareholders": -1874,
        "Total Cost of profits": 4278,
        "Profit after tax corporate income": 9185,
        "Volume": 12674588,
        "Close of Quarter": 18.7,
        "EPS": 1983,
        "Non-adjusted EPS": 1983,
        "PE": 9.4,
        "Book Price": 25
      }
    },
    {
      "quarter": "Q4 2012",
      "income status": {
        "Net sales": 250431,
        "Cost of goods sold": 207957,
        "Gross Profit": 42474,
        "Financial expenses": 19704,
        "Of which: Interest expense": 8575,
        "Cost of sales": 5778,
        "Enterprise cost management": 20199,
        "Total Operating Expenses": 45681,
        "Total revenue financing activities": 4375,
        "Net profit from business activities": 1168,
        "Profit": 8689,
        "Profit before tax": 8217,
        "Present corporate income tax expenses": 4743,
        "Deferred income taxes expenses": -410,
        "The interests of minority shareholders": -4023,
        "Total Cost of profits": 310,
        "Profit after tax corporate income": 7907,
        "Volume": 12074588,
        "Close of Quarter": 18.7,
        "EPS": 2617.9,
        "Non-adjusted EPS": 2748,
        "PE": 6.8,
        "Book Price": 23.9
      }
    },
    {
      "quarter": "Q3 2012",
      "income status": {
        "Net sales": 315461,
        "Cost of goods sold": 275562,
        "Gross Profit": 39899,
        "Financial expenses": 5690,
        "Of which: Interest expense": 5644,
        "Cost of sales": 5936,
        "Enterprise cost management": 21817,
        "Total Operating Expenses": 33443,
        "Total revenue financing activities": 2281,
        "Net profit from business activities": 8736,
        "Profit": 363,
        "Profit before tax": 9100,
        "Present corporate income tax expenses": 3816,
        "Deferred income taxes expenses": "N/A",
        "The interests of minority shareholders": -974,
        "Total Cost of profits": 2842,
        "Profit after tax corporate income": 6258,
        "Volume": 12074588,
        "Close of Quarter": 24.8,
        "EPS": 2916.1,
        "Non-adjusted EPS": 3061,
        "PE": 8.1,
        "Book Price": 30.7
      }
    },
    {
      "quarter": "Q2 2012",
      "income status": {
        "Net sales": 237836,
        "Cost of goods sold": 204810,
        "Gross Profit": 33026,
        "Financial expenses": 15946,
        "Of which: Interest expense": 10414,
        "Cost of sales": 3861,
        "Enterprise cost management": 25248,
        "Total Operating Expenses": 45055,
        "Total revenue financing activities": 14629,
        "Net profit from business activities": 2600,
        "Profit": -24,
        "Profit before tax": 2577,
        "Present corporate income tax expenses": 2087,
        "Deferred income taxes expenses": "N/A",
        "The interests of minority shareholders": -1294,
        "Total Cost of profits": 793,
        "Profit after tax corporate income": 1784,
        "Volume": 12074588,
        "Close of Quarter": 24.8,
        "EPS": 3883.1,
        "Non-adjusted EPS": 4076,
        "PE": 6.1,
        "Book Price": 29.7
      }
    },
    {
      "quarter": "Q1 2012",
      "income status": {
        "Net sales": 190482,
        "Cost of goods sold": 151826,
        "Gross Profit": 38656,
        "Financial expenses": 5890,
        "Of which: Interest expense": 5634,
        "Cost of sales": 5916,
        "Enterprise cost management": 14586,
        "Total Operating Expenses": 26392,
        "Total revenue financing activities": 10581,
        "Net profit from business activities": 22846,
        "Profit": 281,
        "Profit before tax": 23126,
        "Present corporate income tax expenses": 5890,
        "Deferred income taxes expenses": "N/A",
        "The interests of minority shareholders": "N/A",
        "Total Cost of profits": 5890,
        "Profit after tax corporate income": 17236,
        "Volume": 12074588,
        "Close of Quarter": 18.5,
        "EPS": 5030.1,
        "Non-adjusted EPS": 5280,
        "PE": 3.5,
        "Book Price": 28.7
      }
    },
    {
      "quarter": "Q4 2011",
      "income status": {
        "Net sales": 293010,
        "Cost of goods sold": 252912,
        "Gross Profit": 40098,
        "Financial expenses": 5637,
        "Of which: Interest expense": 9585,
        "Cost of sales": 3562,
        "Enterprise cost management": 31860,
        "Total Operating Expenses": 41059,
        "Total revenue financing activities": 15894,
        "Net profit from business activities": 14932,
        "Profit": 220,
        "Profit before tax": 83932,
        "Present corporate income tax expenses": 3464,
        "Deferred income taxes expenses": "N/A",
        "The interests of minority shareholders": "N/A",
        "Total Cost of profits": 3464,
        "Profit after tax corporate income": 11688,
        "Volume": 11524588,
        "Close of Quarter": 17.0,
        "EPS": 4994.6,
        "Non-adjusted EPS": 5493,
        "PE": 3.1,
        "Book Price": 25.6
      }
    },
    {
      "quarter": "Q3 2011",
      "income status": {
        "Net sales": 187669,
        "Cost of goods sold": 156988,
        "Gross Profit": 30681,
        "Financial expenses": 5480,
        "Of which: Interest expense": 3425,
        "Cost of sales": 1967,
        "Enterprise cost management": 13348,
        "Total Operating Expenses": 20795,
        "Total revenue financing activities": 14389,
        "Net profit from business activities": 24275,
        "Profit": 248,
        "Profit before tax": 24523,
        "Present corporate income tax expenses": 6013,
        "Deferred income taxes expenses": "N/A",
        "The interests of minority shareholders": "N/A",
        "Total Cost of profits": 6013,
        "Profit after tax corporate income": 18511,
        "Volume": 11524588,
        "Close of Quarter": 13.6,
        "EPS": 4981.0,
        "Non-adjusted EPS": 5478,
        "PE": 2.5,
        "Book Price": 28.0
      }
    },
    {
      "quarter": "Q2 2011",
      "income status": {
        "Net sales": 173249,
        "Cost of goods sold": 137164,
        "Gross Profit": 36084,
        "Financial expenses": 4314,
        "Of which: Interest expense": 3033,
        "Cost of sales": 4581,
        "Enterprise cost management": 15650,
        "Total Operating Expenses": 24545,
        "Total revenue financing activities": 9595,
        "Net profit from business activities": 21134,
        "Profit": 692,
        "Profit before tax": 21826,
        "Present corporate income tax expenses": 5502,
        "Deferred income taxes expenses": "N/A",
        "The interests of minority shareholders": "N/A",
        "Total Cost of profits": 5502,
        "Profit after tax corporate income": 16324,
        "Volume": 12774588,
        "Close of Quarter": 11.7,
        "EPS": 4267.4,
        "Non-adjusted EPS": 4234,
        "PE": 2.8,
        "Book Price": 28.3
      }
    },
    {
      "quarter": "Q1 2011",
      "income status": {
        "Net sales": 118980,
        "Cost of goods sold": 89809,
        "Gross Profit": 29171,
        "Financial expenses": 5789,
        "Of which: Interest expense": 1314,
        "Cost of sales": 3657,
        "Enterprise cost management": 10690,
        "Total Operating Expenses": 20136,
        "Total revenue financing activities": 13394,
        "Net profit from business activities": 22428,
        "Profit": 2,
        "Profit before tax": 22430,
        "Present corporate income tax expenses": 5653,
        "Deferred income taxes expenses": "N/A",
        "The interests of minority shareholders": "N/A",
        "Total Cost of profits": 5653,
        "Profit after tax corporate income": 16777,
        "Volume": 12774588,
        "Close of Quarter": 10.1,
        "EPS": 3482.3,
        "Non-adjusted EPS": 3455,
        "PE": 2.9,
        "Book Price": 29.9
      }
    },
    {
      "quarter": "Q4 2010",
      "income status": {
        "Net sales": 123375,
        "Cost of goods sold": 100363,
        "Gross Profit": 23012,
        "Financial expenses": 734,
        "Of which: Interest expense": 580,
        "Cost of sales": 3860,
        "Enterprise cost management": 11203,
        "Total Operating Expenses": 15797,
        "Total revenue financing activities": 7852,
        "Net profit from business activities": 15066,
        "Profit": 622,
        "Profit before tax": 15688,
        "Present corporate income tax expenses": 4172,
        "Deferred income taxes expenses": "N/A",
        "The interests of minority shareholders": "N/A",
        "Total Cost of profits": 4172,
        "Profit after tax corporate income": 11516,
        "Volume": 12774588,
        "Close of Quarter": 10.8,
        "EPS": 2842.3,
        "Non-adjusted EPS": 2820,
        "PE": 3.8,
        "Book Price": 28.1
      }
    },
    {
      "quarter": "Q3 2010",
      "income status": {
        "Net sales": 97868,
        "Cost of goods sold": 78850,
        "Gross Profit": 19018,
        "Financial expenses": 1647,
        "Of which: Interest expense": 648,
        "Cost of sales": 2150,
        "Enterprise cost management": 8871,
        "Total Operating Expenses": 12668,
        "Total revenue financing activities": 6970,
        "Net profit from business activities": 13319,
        "Profit": -304,
        "Profit before tax": 13015,
        "Present corporate income tax expenses": 3546,
        "Deferred income taxes expenses": "N/A",
        "The interests of minority shareholders": "N/A",
        "Total Cost of profits": 3546,
        "Profit after tax corporate income": 9469,
        "Volume": 12774588,
        "Close of Quarter": 10.8,
        "EPS": 3644.5,
        "Non-adjusted EPS": 3616,
        "PE": 3.0,
        "Book Price": 29.2
      }
    },
    {
      "quarter": "Q2 2010",
      "income status": {
        "Net sales": 95407,
        "Cost of goods sold": 81609,
        "Gross Profit": 13798,
        "Financial expenses": 1112,
        "Of which: Interest expense": 337,
        "Cost of sales": 2179,
        "Enterprise cost management": 6302,
        "Total Operating Expenses": 9593,
        "Total revenue financing activities": 3923,
        "Net profit from business activities": 8127,
        "Profit": 591,
        "Profit before tax": 8718,
        "Present corporate income tax expenses": 2339,
        "Deferred income taxes expenses": "N/A",
        "The interests of minority shareholders": "N/A",
        "Total Cost of profits": 2339,
        "Profit after tax corporate income": 6379,
        "Volume": 12774588,
        "Close of Quarter": 11.2,
        "EPS": 3779.6,
        "Non-adjusted EPS": 3750,
        "PE": 3.0,
        "Book Price": 28.4
      }
    },
    {
      "quarter": "Q1 2010",
      "income status": {
        "Net sales": 99362,
        "Cost of goods sold": 81836,
        "Gross Profit": 17526,
        "Financial expenses": 1574,
        "Of which: Interest expense": 947,
        "Cost of sales": 2517,
        "Enterprise cost management": 6105,
        "Total Operating Expenses": 10196,
        "Total revenue financing activities": 4487,
        "Net profit from business activities": 11817,
        "Profit": 57,
        "Profit before tax": 11874,
        "Present corporate income tax expenses": 3208,
        "Deferred income taxes expenses": "N/A",
        "The interests of minority shareholders": "N/A",
        "Total Cost of profits": 3208,
        "Profit after tax corporate income": 8666,
        "Volume": 10219818,
        "Close of Quarter": 13.7,
        "EPS": 4377.5,
        "Non-adjusted EPS": 5429,
        "PE": 2.5,
        "Book Price": 28.5
      }
    },
    {
      "quarter": "Q4 2009",
      "income status": {
        "Net sales": 157180,
        "Cost of goods sold": 124837,
        "Gross Profit": 32343,
        "Financial expenses": 1709,
        "Of which: Interest expense": 925,
        "Cost of sales": 5043,
        "Enterprise cost management": 7354,
        "Total Operating Expenses": 14106,
        "Total revenue financing activities": 7728,
        "Net profit from business activities": 25966,
        "Profit": 1262,
        "Profit before tax": 27227,
        "Present corporate income tax expenses": 5545,
        "Deferred income taxes expenses": "N/A",
        "The interests of minority shareholders": "N/A",
        "Total Cost of profits": 5545,
        "Profit after tax corporate income": 21682,
        "Volume": 9839818,
        "Close of Quarter": 12.0,
        "EPS": 4436.8,
        "Non-adjusted EPS": 5715,
        "PE": 2.1,
        "Book Price": 26.9
      }
    },
    {
      "quarter": "Q3 2009",
      "income status": {
        "Net sales": 145570,
        "Cost of goods sold": 122177,
        "Gross Profit": 23393,
        "Financial expenses": 1484,
        "Of which: Interest expense": 562,
        "Cost of sales": 3564,
        "Enterprise cost management": 4282,
        "Total Operating Expenses": 9330,
        "Total revenue financing activities": 1087,
        "Net profit from business activities": 15151,
        "Profit": -861,
        "Profit before tax": 14291,
        "Present corporate income tax expenses": 3119,
        "Deferred income taxes expenses": "N/A",
        "The interests of minority shareholders": "N/A",
        "Total Cost of profits": 3119,
        "Profit after tax corporate income": 11172,
        "Volume": 9839818,
        "Close of Quarter": 11.2,
        "EPS": 3539.3,
        "Non-adjusted EPS": 4559,
        "PE": 2.5,
        "Book Price": 26.1
      }
    },
    {
      "quarter": "Q2 2009",
      "income status": {
        "Net sales": 144122,
        "Cost of goods sold": 122199,
        "Gross Profit": 21923,
        "Financial expenses": -327,
        "Of which: Interest expense": 400,
        "Cost of sales": 3448,
        "Enterprise cost management": 4027,
        "Total Operating Expenses": 7148,
        "Total revenue financing activities": 1194,
        "Net profit from business activities": 15968,
        "Profit": 594,
        "Profit before tax": 16562,
        "Present corporate income tax expenses": 2593,
        "Deferred income taxes expenses": "N/A",
        "The interests of minority shareholders": "N/A",
        "Total Cost of profits": 2593,
        "Profit after tax corporate income": 13968,
        "Volume": 9839818,
        "Close of Quarter": 6.7,
        "EPS": 3200.9,
        "Non-adjusted EPS": 4123,
        "PE": 1.6,
        "Book Price": 25.5
      }
    },
    {
      "quarter": "Q1 2009",
      "income status": {
        "Net sales": 115744,
        "Cost of goods sold": 98986,
        "Gross Profit": 16758,
        "Financial expenses": 1493,
        "Of which: Interest expense": 105,
        "Cost of sales": 3087,
        "Enterprise cost management": 3312,
        "Total Operating Expenses": 7892,
        "Total revenue financing activities": 3013,
        "Net profit from business activities": 11879,
        "Profit": 150,
        "Profit before tax": 12028,
        "Present corporate income tax expenses": 2612,
        "Deferred income taxes expenses": "N/A",
        "The interests of minority shareholders": "N/A",
        "Total Cost of profits": 2612,
        "Profit after tax corporate income": 9416,
        "Volume": 10089818,
        "Close of Quarter": 4.6,
        "EPS": 2663.6,
        "Non-adjusted EPS": 3346,
        "PE": 1.4,
        "Book Price": 25.6
      }
    },
    {
      "quarter": "Q4 2008",
      "income status": {
        "Net sales": 128944,
        "Cost of goods sold": 109646,
        "Gross Profit": 19298,
        "Financial expenses": 3739,
        "Of which: Interest expense": 1041,
        "Cost of sales": 4090,
        "Enterprise cost management": 3816,
        "Total Operating Expenses": 11645,
        "Total revenue financing activities": 5631,
        "Net profit from business activities": 13283,
        "Profit": -172,
        "Profit before tax": 13111,
        "Present corporate income tax expenses": 2812,
        "Deferred income taxes expenses": "N/A",
        "The interests of minority shareholders": "N/A",
        "Total Cost of profits": 2812,
        "Profit after tax corporate income": 10299,
        "Volume": 10089818,
        "Close of Quarter": 4.5,
        "EPS": 2433.6,
        "Non-adjusted EPS": 3057,
        "PE": 1.5,
        "Book Price": 24.8
      }
    },
    {
      "quarter": "Q3 2008",
      "income status": {
        "Net sales": 115310,
        "Cost of goods sold": 101707,
        "Gross Profit": 13603,
        "Financial expenses": 4080,
        "Of which: Interest expense": 1072,
        "Cost of sales": 3027,
        "Enterprise cost management": 3194,
        "Total Operating Expenses": 10301,
        "Total revenue financing activities": 5031,
        "Net profit from business activities": 8334,
        "Profit": 276,
        "Profit before tax": 8610,
        "Present corporate income tax expenses": 1722,
        "Deferred income taxes expenses": "N/A",
        "The interests of minority shareholders": "N/A",
        "Total Cost of profits": 1722,
        "Profit after tax corporate income": 6888,
        "Volume": 10089818,
        "Close of Quarter": 5.4,
        "EPS": 2456.7,
        "Non-adjusted EPS": 3086,
        "PE": 1.8,
        "Book Price": 25.1
      }
    },
    {
      "quarter": "Q2 2008",
      "income status": {
        "Net sales": 106737,
        "Cost of goods sold": 95560,
        "Gross Profit": 11176,
        "Financial expenses": 3085,
        "Of which: Interest expense": "N/A",
        "Cost of sales": 2807,
        "Enterprise cost management": 3753,
        "Total Operating Expenses": 9645,
        "Total revenue financing activities": 7201,
        "Net profit from business activities": 8732,
        "Profit": 217,
        "Profit before tax": 8949,
        "Present corporate income tax expenses": 1790,
        "Deferred income taxes expenses": "N/A",
        "The interests of minority shareholders": "N/A",
        "Total Cost of profits": 1790,
        "Profit after tax corporate income": 7159,
        "Volume": 10089818,
        "Close of Quarter": 5.8,
        "EPS": 2190.0,
        "Non-adjusted EPS": 2751,
        "PE": 2.1,
        "Book Price": 25.8
      }
    },
    {
      "quarter": "Q1 2008",
      "income status": {
        "Net sales": 106356,
        "Cost of goods sold": 94731,
        "Gross Profit": 11626,
        "Financial expenses": 1373,
        "Of which: Interest expense": 447,
        "Cost of sales": 3365,
        "Enterprise cost management": 3431,
        "Total Operating Expenses": 8169,
        "Total revenue financing activities": 4442,
        "Net profit from business activities": 7900,
        "Profit": 228,
        "Profit before tax": 8128,
        "Present corporate income tax expenses": 1626,
        "Deferred income taxes expenses": "N/A",
        "The interests of minority shareholders": "N/A",
        "Total Cost of profits": 1626,
        "Profit after tax corporate income": 6502,
        "Volume": 10219818,
        "Close of Quarter": 7.3,
        "EPS": 2125.5,
        "Non-adjusted EPS": 2636,
        "PE": 2.8,
        "Book Price": 26.7
      }
    },
    {
      "quarter": "Q4 2007",
      "income status": {
        "Net sales": 127664,
        "Cost of goods sold": 113658,
        "Gross Profit": 14007,
        "Financial expenses": 18915,
        "Of which: Interest expense": 212,
        "Cost of sales": 3096,
        "Enterprise cost management": 3614,
        "Total Operating Expenses": 25625,
        "Total revenue financing activities": 25146,
        "Net profit from business activities": 13527,
        "Profit": 258,
        "Profit before tax": 13786,
        "Present corporate income tax expenses": 3194,
        "Deferred income taxes expenses": "N/A",
        "The interests of minority shareholders": "N/A",
        "Total Cost of profits": 3194,
        "Profit after tax corporate income": 10592,
        "Volume": 10219818,
        "Close of Quarter": 12.7,
        "EPS": 2102.1,
        "Non-adjusted EPS": 2607,
        "PE": 4.9,
        "Book Price": 26.3
      }
    },
    {
      "quarter": "Q3 2007",
      "income status": {
        "Net sales": 89903,
        "Cost of goods sold": 80550,
        "Gross Profit": 9353,
        "Financial expenses": 1243,
        "Of which: Interest expense": 286,
        "Cost of sales": 2516,
        "Enterprise cost management": 2723,
        "Total Operating Expenses": 6482,
        "Total revenue financing activities": 1288,
        "Net profit from business activities": 4158,
        "Profit": 224,
        "Profit before tax": 4382,
        "Present corporate income tax expenses": 876,
        "Deferred income taxes expenses": "N/A",
        "The interests of minority shareholders": "N/A",
        "Total Cost of profits": 876,
        "Profit after tax corporate income": 3506,
        "Volume": 4550000,
        "Close of Quarter": 14.2,
        "EPS": 1952.2,
        "Non-adjusted EPS": 5438,
        "PE": 2.6,
        "Book Price": 25.8
      }
    },
    {
      "quarter": "Q2 2007",
      "income status": {
        "Net sales": 115806,
        "Cost of goods sold": 103487,
        "Gross Profit": 12319,
        "Financial expenses": 637,
        "Of which: Interest expense": 264,
        "Cost of sales": 2864,
        "Enterprise cost management": 2989,
        "Total Operating Expenses": 6490,
        "Total revenue financing activities": 1832,
        "Net profit from business activities": 7661,
        "Profit": 261,
        "Profit before tax": 7923,
        "Present corporate income tax expenses": 1585,
        "Deferred income taxes expenses": "N/A",
        "The interests of minority shareholders": "N/A",
        "Total Cost of profits": 1585,
        "Profit after tax corporate income": 6338,
        "Volume": 4550000,
        "Close of Quarter": 14.0,
        "EPS": 1972.6,
        "Non-adjusted EPS": 5495,
        "PE": 2.6,
        "Book Price": 12.3
      }
    },
    {
      "quarter": "Q1 2007",
      "income status": {
        "Net sales": 115783,
        "Cost of goods sold": 102503,
        "Gross Profit": 13280,
        "Financial expenses": 443,
        "Of which: Interest expense": 284,
        "Cost of sales": 2976,
        "Enterprise cost management": 2839,
        "Total Operating Expenses": 6258,
        "Total revenue financing activities": 192,
        "Net profit from business activities": 7214,
        "Profit": 549,
        "Profit before tax": 7763,
        "Present corporate income tax expenses": 1553,
        "Deferred income taxes expenses": "N/A",
        "The interests of minority shareholders": "N/A",
        "Total Cost of profits": 1553,
        "Profit after tax corporate income": 6210,
        "Volume": 4550000,
        "Close of Quarter": 14.5,
        "EPS": 1932.1,
        "Non-adjusted EPS": 5382,
        "PE": 2.7,
        "Book Price": 11.9
      }
    },
    {
      "quarter": "Q4 2006",
      "income status": {
        "Net sales": 109969,
        "Cost of goods sold": 96607,
        "Gross Profit": 13362,
        "Financial expenses": 957,
        "Of which: Interest expense": 479,
        "Cost of sales": 3199,
        "Enterprise cost management": 3695,
        "Total Operating Expenses": 7851,
        "Total revenue financing activities": 5415,
        "Net profit from business activities": 10926,
        "Profit": 374,
        "Profit before tax": 11300,
        "Present corporate income tax expenses": 2612,
        "Deferred income taxes expenses": "N/A",
        "The interests of minority shareholders": "N/A",
        "Total Cost of profits": 2612,
        "Profit after tax corporate income": 8688,
        "Volume": 4550000,
        "Close of Quarter": 9.0,
        "EPS": 1704.8,
        "Non-adjusted EPS": 4749,
        "PE": 1.9,
        "Book Price": 11.4
      }
    },
    {
      "quarter": "Q3 2006",
      "income status": {
        "Net sales": 106020,
        "Cost of goods sold": 95729,
        "Gross Profit": 10290,
        "Financial expenses": 852,
        "Of which: Interest expense": 261,
        "Cost of sales": 3060,
        "Enterprise cost management": 2728,
        "Total Operating Expenses": 6640,
        "Total revenue financing activities": 1214,
        "Net profit from business activities": 4863,
        "Profit": -677,
        "Profit before tax": 4186,
        "Present corporate income tax expenses": 419,
        "Deferred income taxes expenses": "N/A",
        "The interests of minority shareholders": "N/A",
        "Total Cost of profits": 419,
        "Profit after tax corporate income": 3767,
        "Volume": 4550000,
        "Close of Quarter": 9.4,
        "EPS": 1019.2,
        "Non-adjusted EPS": 2839,
        "PE": 3.3,
        "Book Price": 11.0
      }
    },
    {
      "quarter": "Q2 2006",
      "income status": {
        "Net sales": 108847,
        "Cost of goods sold": 97057,
        "Gross Profit": 11790,
        "Financial expenses": 930,
        "Of which: Interest expense": "N/A",
        "Cost of sales": 2975,
        "Enterprise cost management": 2825,
        "Total Operating Expenses": 6730,
        "Total revenue financing activities": 1298,
        "Net profit from business activities": 6358,
        "Profit": 113,
        "Profit before tax": 6471,
        "Present corporate income tax expenses": 647,
        "Deferred income taxes expenses": "N/A",
        "The interests of minority shareholders": "N/A",
        "Total Cost of profits": 647,
        "Profit after tax corporate income": 5824,
        "Volume": 4550000,
        "Close of Quarter": 7.7,
        "EPS": 721.9,
        "Non-adjusted EPS": 2011,
        "PE": 3.8,
        "Book Price": 10.8
      }
    },
    {
      "quarter": "Q1 2006",
      "income status": {
        "Net sales": 90248,
        "Cost of goods sold": 81797,
        "Gross Profit": 8451,
        "Financial expenses": 258,
        "Of which: Interest expense": "N/A",
        "Cost of sales": 2331,
        "Enterprise cost management": 2432,
        "Total Operating Expenses": 5021,
        "Total revenue financing activities": 96,
        "Net profit from business activities": 3524,
        "Profit": 172,
        "Profit before tax": 3696,
        "Present corporate income tax expenses": 370,
        "Deferred income taxes expenses": "N/A",
        "The interests of minority shareholders": "N/A",
        "Total Cost of profits": 370,
        "Profit after tax corporate income": 3327,
        "Volume": 4550000,
        "Close of Quarter": 8.4,
        "EPS": 262.4,
        "Non-adjusted EPS": 731,
        "PE": 11.5,
        "Book Price": 10.3
      }
    }
  ]
}