{
  "ticker": "SDB",
  "data": [
    {
      "quarter": "Q2 2014",
      "income status": {
        "Net sales": 40239,
        "Cost of goods sold": 31830,
        "Gross Profit": 8409,
        "Financial expenses": 5367,
        "Of which: Interest expense": 5367,
        "Cost of sales": "N/A",
        "Enterprise cost management": 2905,
        "Total Operating Expenses": 8272,
        "Total revenue financing activities": 11,
        "Net profit from business activities": 148,
        "Profit": -49,
        "Profit before tax": 100,
        "Present corporate income tax expenses": 2,
        "Deferred income taxes expenses": "N/A",
        "The interests of minority shareholders": "N/A",
        "Total Cost of profits": 2,
        "Profit after tax corporate income": 98,
        "Volume": 11000000,
        "Close of Quarter": "N/A",
        "EPS": -1186,
        "Non-adjusted EPS": -1186,
        "PE": "N/A",
        "Book Price": 2.8
      }
    },
    {
      "quarter": "Q1 2014",
      "income status": {
        "Net sales": 22012,
        "Cost of goods sold": 16562,
        "Gross Profit": 5450,
        "Financial expenses": 2833,
        "Of which: Interest expense": 2833,
        "Cost of sales": "N/A",
        "Enterprise cost management": 2510,
        "Total Operating Expenses": 5343,
        "Total revenue financing activities": 11,
        "Net profit from business activities": 118,
        "Profit": -12,
        "Profit before tax": 107,
        "Present corporate income tax expenses": "N/A",
        "Deferred income taxes expenses": "N/A",
        "The interests of minority shareholders": "N/A",
        "Total Cost of profits": 0,
        "Profit after tax corporate income": 107,
        "Volume": 11000000,
        "Close of Quarter": 4,
        "EPS": -2536,
        "Non-adjusted EPS": -2536,
        "PE": -1.6,
        "Book Price": 2.7
      }
    },
    {
      "quarter": "Q4 2013",
      "income status": {
        "Net sales": 32883,
        "Cost of goods sold": 36726,
        "Gross Profit": -3843,
        "Financial expenses": 8001,
        "Of which: Interest expense": 8001,
        "Cost of sales": "N/A",
        "Enterprise cost management": 4622,
        "Total Operating Expenses": 12623,
        "Total revenue financing activities": 16,
        "Net profit from business activities": -16450,
        "Profit": 13096,
        "Profit before tax": -3354,
        "Present corporate income tax expenses": "N/A",
        "Deferred income taxes expenses": "N/A",
        "The interests of minority shareholders": "N/A",
        "Total Cost of profits": 0,
        "Profit after tax corporate income": -3354,
        "Volume": 11000000,
        "Close of Quarter": 2.1,
        "EPS": -3307,
        "Non-adjusted EPS": -3307,
        "PE": -0.6,
        "Book Price": 2.8
      }
    },
    {
      "quarter": "Q3 2013",
      "income status": {
        "Net sales": 17301,
        "Cost of goods sold": 15943,
        "Gross Profit": 1358,
        "Financial expenses": 8547,
        "Of which: Interest expense": 8547,
        "Cost of sales": "N/A",
        "Enterprise cost management": 3080,
        "Total Operating Expenses": 11627,
        "Total revenue financing activities": 23,
        "Net profit from business activities": -10245,
        "Profit": 353,
        "Profit before tax": -9892,
        "Present corporate income tax expenses": "N/A",
        "Deferred income taxes expenses": "N/A",
        "The interests of minority shareholders": "N/A",
        "Total Cost of profits": 0,
        "Profit after tax corporate income": -9892,
        "Volume": 11000000,
        "Close of Quarter": 1.1,
        "EPS": -3911,
        "Non-adjusted EPS": -3911,
        "PE": -0.3,
        "Book Price": 3.1
      }
    },
    {
      "quarter": "Q2 2013",
      "income status": {
        "Net sales": 21742,
        "Cost of goods sold": 23094,
        "Gross Profit": -1352,
        "Financial expenses": 9100,
        "Of which: Interest expense": 9100,
        "Cost of sales": "N/A",
        "Enterprise cost management": 3552,
        "Total Operating Expenses": 12652,
        "Total revenue financing activities": 48,
        "Net profit from business activities": -13957,
        "Profit": -797,
        "Profit before tax": -14753,
        "Present corporate income tax expenses": "N/A",
        "Deferred income taxes expenses": "N/A",
        "The interests of minority shareholders": "N/A",
        "Total Cost of profits": 0,
        "Profit after tax corporate income": -14753,
        "Volume": 11000000,
        "Close of Quarter": 1.5,
        "EPS": -3866,
        "Non-adjusted EPS": -3866,
        "PE": -0.4,
        "Book Price": 4
      }
    },
    {
      "quarter": "Q1 2013",
      "income status": {
        "Net sales": 52078,
        "Cost of goods sold": 47591,
        "Gross Profit": 4487,
        "Financial expenses": 9068,
        "Of which: Interest expense": 9068,
        "Cost of sales": "N/A",
        "Enterprise cost management": 3809,
        "Total Operating Expenses": 12877,
        "Total revenue financing activities": 22,
        "Net profit from business activities": -8367,
        "Profit": -7,
        "Profit before tax": -8373,
        "Present corporate income tax expenses": "N/A",
        "Deferred income taxes expenses": "N/A",
        "The interests of minority shareholders": "N/A",
        "Total Cost of profits": 0,
        "Profit after tax corporate income": -8373,
        "Volume": 11000000,
        "Close of Quarter": 2,
        "EPS": -3492,
        "Non-adjusted EPS": -3492,
        "PE": -0.6,
        "Book Price": 5.3
      }
    },
    {
      "quarter": "Q4 2012",
      "income status": {
        "Net sales": 94214,
        "Cost of goods sold": 85297,
        "Gross Profit": 8917,
        "Financial expenses": 12344,
        "Of which: Interest expense": 12344,
        "Cost of sales": "N/A",
        "Enterprise cost management": 6717,
        "Total Operating Expenses": 19061,
        "Total revenue financing activities": 34,
        "Net profit from business activities": -10109,
        "Profit": 110,
        "Profit before tax": -9999,
        "Present corporate income tax expenses": -1,
        "Deferred income taxes expenses": "N/A",
        "The interests of minority shareholders": "N/A",
        "Total Cost of profits": -1,
        "Profit after tax corporate income": -9998,
        "Volume": 11000000,
        "Close of Quarter": 1.8,
        "EPS": -3249,
        "Non-adjusted EPS": -3249,
        "PE": -0.6,
        "Book Price": 6.1
      }
    },
    {
      "quarter": "Q3 2012",
      "income status": {
        "Net sales": 25320,
        "Cost of goods sold": 23915,
        "Gross Profit": 1405,
        "Financial expenses": 5718,
        "Of which: Interest expense": 5718,
        "Cost of sales": "N/A",
        "Enterprise cost management": 5105,
        "Total Operating Expenses": 10823,
        "Total revenue financing activities": 21,
        "Net profit from business activities": -9398,
        "Profit": -2,
        "Profit before tax": -9400,
        "Present corporate income tax expenses": "N/A",
        "Deferred income taxes expenses": "N/A",
        "The interests of minority shareholders": "N/A",
        "Total Cost of profits": 0,
        "Profit after tax corporate income": -9401,
        "Volume": 11000000,
        "Close of Quarter": 2.1,
        "EPS": -4054,
        "Non-adjusted EPS": -4054,
        "PE": -0.5,
        "Book Price": 7
      }
    },
    {
      "quarter": "Q2 2012",
      "income status": {
        "Net sales": 46046,
        "Cost of goods sold": 46402,
        "Gross Profit": -356,
        "Financial expenses": 3978,
        "Of which: Interest expense": 3978,
        "Cost of sales": "N/A",
        "Enterprise cost management": 6205,
        "Total Operating Expenses": 10183,
        "Total revenue financing activities": 171,
        "Net profit from business activities": -10368,
        "Profit": -261,
        "Profit before tax": -10629,
        "Present corporate income tax expenses": 13,
        "Deferred income taxes expenses": "N/A",
        "The interests of minority shareholders": "N/A",
        "Total Cost of profits": 13,
        "Profit after tax corporate income": -10642,
        "Volume": 11000000,
        "Close of Quarter": 2.6,
        "EPS": -4076,
        "Non-adjusted EPS": -4076,
        "PE": -0.6,
        "Book Price": 7.8
      }
    },
    {
      "quarter": "Q1 2012",
      "income status": {
        "Net sales": 42876,
        "Cost of goods sold": 36542,
        "Gross Profit": 6334,
        "Financial expenses": 7616,
        "Of which: Interest expense": 7616,
        "Cost of sales": "N/A",
        "Enterprise cost management": 4431,
        "Total Operating Expenses": 12047,
        "Total revenue financing activities": 22,
        "Net profit from business activities": -5691,
        "Profit": 2,
        "Profit before tax": -5689,
        "Present corporate income tax expenses": 14,
        "Deferred income taxes expenses": "N/A",
        "The interests of minority shareholders": "N/A",
        "Total Cost of profits": 14,
        "Profit after tax corporate income": -5703,
        "Volume": 11000000,
        "Close of Quarter": 3.3,
        "EPS": -3290,
        "Non-adjusted EPS": -3290,
        "PE": -1,
        "Book Price": 8.8
      }
    },
    {
      "quarter": "Q4 2011",
      "income status": {
        "Net sales": 38408,
        "Cost of goods sold": 34698,
        "Gross Profit": 3710,
        "Financial expenses": 15914,
        "Of which: Interest expense": 15914,
        "Cost of sales": "N/A",
        "Enterprise cost management": 6881,
        "Total Operating Expenses": 22795,
        "Total revenue financing activities": 22,
        "Net profit from business activities": -19062,
        "Profit": -63,
        "Profit before tax": -19125,
        "Present corporate income tax expenses": -274,
        "Deferred income taxes expenses": "N/A",
        "The interests of minority shareholders": "N/A",
        "Total Cost of profits": -274,
        "Profit after tax corporate income": -18851,
        "Volume": 11000000,
        "Close of Quarter": 2.5,
        "EPS": -2629,
        "Non-adjusted EPS": -2629,
        "PE": -1.0,
        "Book Price": 9.3
      }
    },
    {
      "quarter": "Q3 2011",
      "income status": {
        "Net sales": 80300,
        "Cost of goods sold": 75666,
        "Gross Profit": 4634,
        "Financial expenses": 11032,
        "Of which: Interest expense": 11032,
        "Cost of sales": "N/A",
        "Enterprise cost management": 3274,
        "Total Operating Expenses": 14306,
        "Total revenue financing activities": 34,
        "Net profit from business activities": -9637,
        "Profit": -8,
        "Profit before tax": -9794,
        "Present corporate income tax expenses": "N/A",
        "Deferred income taxes expenses": "N/A",
        "The interests of minority shareholders": "N/A",
        "Total Cost of profits": 0,
        "Profit after tax corporate income": -9645,
        "Volume": 11000000,
        "Close of Quarter": 4.9,
        "EPS": -648,
        "Non-adjusted EPS": -648,
        "PE": -7.6,
        "Book Price": 11
      }
    },
    {
      "quarter": "Q2 2011",
      "income status": {
        "Net sales": 62052,
        "Cost of goods sold": 56739,
        "Gross Profit": 5313,
        "Financial expenses": 3553,
        "Of which: Interest expense": 3553,
        "Cost of sales": "N/A",
        "Enterprise cost management": 3982,
        "Total Operating Expenses": 7535,
        "Total revenue financing activities": 115,
        "Net profit from business activities": -2107,
        "Profit": 13,
        "Profit before tax": -2094,
        "Present corporate income tax expenses": -105,
        "Deferred income taxes expenses": "N/A",
        "The interests of minority shareholders": "N/A",
        "Total Cost of profits": -105,
        "Profit after tax corporate income": -1989,
        "Volume": 11000000,
        "Close of Quarter": 6.8,
        "EPS": 567,
        "Non-adjusted EPS": 567,
        "PE": 12.0,
        "Book Price": 11.9
      }
    },
    {
      "quarter": "Q1 2011",
      "income status": {
        "Net sales": 66171,
        "Cost of goods sold": 57985,
        "Gross Profit": 8186,
        "Financial expenses": 1527,
        "Of which: Interest expense": 1527,
        "Cost of sales": "N/A",
        "Enterprise cost management": 4831,
        "Total Operating Expenses": 6358,
        "Total revenue financing activities": 117,
        "Net profit from business activities": 1945,
        "Profit": "N/A",
        "Profit before tax": 1945,
        "Present corporate income tax expenses": 379,
        "Deferred income taxes expenses": "N/A",
        "The interests of minority shareholders": "N/A",
        "Total Cost of profits": 379,
        "Profit after tax corporate income": 1566,
        "Volume": 5500000,
        "Close of Quarter": 10.9,
        "EPS": 1007.5,
        "Non-adjusted EPS": 2015,
        "PE": 5.4,
        "Book Price": 9.1
      }
    },
    {
      "quarter": "Q4 2010",
      "income status": {
        "Net sales": 127047,
        "Cost of goods sold": 110851,
        "Gross Profit": 16196,
        "Financial expenses": 4602,
        "Of which: Interest expense": 4602,
        "Cost of sales": "N/A",
        "Enterprise cost management": 8429,
        "Total Operating Expenses": 13031,
        "Total revenue financing activities": 231,
        "Net profit from business activities": 3396,
        "Profit": 4,
        "Profit before tax": 3400,
        "Present corporate income tax expenses": 460,
        "Deferred income taxes expenses": "N/A",
        "The interests of minority shareholders": "N/A",
        "Total Cost of profits": 460,
        "Profit after tax corporate income": 2940,
        "Volume": 5500000,
        "Close of Quarter": 13.8,
        "EPS": 1063,
        "Non-adjusted EPS": 2126,
        "PE": 6.5,
        "Book Price": 7.0
      }
    },
    {
      "quarter": "Q3 2010",
      "income status": {
        "Net sales": 121761,
        "Cost of goods sold": 111159,
        "Gross Profit": 10602,
        "Financial expenses": 2604,
        "Of which: Interest expense": 2604,
        "Cost of sales": "N/A",
        "Enterprise cost management": 3803,
        "Total Operating Expenses": 6407,
        "Total revenue financing activities": 118,
        "Net profit from business activities": 4313,
        "Profit": -25,
        "Profit before tax": 4288,
        "Present corporate income tax expenses": 564,
        "Deferred income taxes expenses": "N/A",
        "The interests of minority shareholders": "N/A",
        "Total Cost of profits": 564,
        "Profit after tax corporate income": 3724,
        "Volume": 5500000,
        "Close of Quarter": 16.2,
        "EPS": 1124.5,
        "Non-adjusted EPS": 2249,
        "PE": 7.2,
        "Book Price": 7.2
      }
    },
    {
      "quarter": "Q2 2010",
      "income status": {
        "Net sales": 113355,
        "Cost of goods sold": 98871,
        "Gross Profit": 14484,
        "Financial expenses": 3377,
        "Of which: Interest expense": 3377,
        "Cost of sales": "N/A",
        "Enterprise cost management": 8242,
        "Total Operating Expenses": 11619,
        "Total revenue financing activities": 479,
        "Net profit from business activities": 3345,
        "Profit": -9,
        "Profit before tax": 3336,
        "Present corporate income tax expenses": 483,
        "Deferred income taxes expenses": "N/A",
        "The interests of minority shareholders": "N/A",
        "Total Cost of profits": 483,
        "Profit after tax corporate income": 2853,
        "Volume": 5500000,
        "Close of Quarter": 23.9,
        "EPS": 823,
        "Non-adjusted EPS": 1646,
        "PE": 14.5,
        "Book Price": 6.8
      }
    },
    {
      "quarter": "Q1 2010",
      "income status": {
        "Net sales": 82092,
        "Cost of goods sold": 73306,
        "Gross Profit": 8786,
        "Financial expenses": 2542,
        "Of which: Interest expense": 2542,
        "Cost of sales": "N/A",
        "Enterprise cost management": 3899,
        "Total Operating Expenses": 6441,
        "Total revenue financing activities": 172,
        "Net profit from business activities": 2516,
        "Profit": "N/A",
        "Profit before tax": 2516,
        "Present corporate income tax expenses": 341,
        "Deferred income taxes expenses": "N/A",
        "The interests of minority shareholders": "N/A",
        "Total Cost of profits": 341,
        "Profit after tax corporate income": 2175,
        "Volume": 5500000,
        "Close of Quarter": 25.5,
        "EPS": 563.5,
        "Non-adjusted EPS": 1127,
        "PE": 22.7,
        "Book Price": 6.9
      }
    },
    {
      "quarter": "Q4 2009",
      "income status": {
        "Net sales": 92680,
        "Cost of goods sold": 81538,
        "Gross Profit": 11141,
        "Financial expenses": 1527,
        "Of which: Interest expense": 1527,
        "Cost of sales": "N/A",
        "Enterprise cost management": 5670,
        "Total Operating Expenses": 7197,
        "Total revenue financing activities": 516,
        "Net profit from business activities": 4461,
        "Profit": "N/A",
        "Profit before tax": 4461,
        "Present corporate income tax expenses": 688,
        "Deferred income taxes expenses": 153,
        "The interests of minority shareholders": "N/A",
        "Total Cost of profits": 841,
        "Profit after tax corporate income": 3620,
        "Volume": 5500000,
        "Close of Quarter": "N/A",
        "EPS": 366,
        "Non-adjusted EPS": 732,
        "PE": "N/A",
        "Book Price": "N/A"
      }
    },
    {
      "quarter": "Q3 2009",
      "income status": {
        "Net sales": 25660,
        "Cost of goods sold": 22507,
        "Gross Profit": 3153,
        "Financial expenses": 1228,
        "Of which: Interest expense": 1228,
        "Cost of sales": "N/A",
        "Enterprise cost management": 1906,
        "Total Operating Expenses": 3134,
        "Total revenue financing activities": 343,
        "Net profit from business activities": 362,
        "Profit": 88,
        "Profit before tax": 450,
        "Present corporate income tax expenses": 45,
        "Deferred income taxes expenses": "N/A",
        "The interests of minority shareholders": "N/A",
        "Total Cost of profits": 45,
        "Profit after tax corporate income": 405,
        "Volume": 5500000,
        "Close of Quarter": "N/A",
        "EPS": 37,
        "Non-adjusted EPS": 74,
        "PE": "N/A",
        "Book Price": "N/A"
      }
    }
  ]
}