{
  "ticker": "LGC",
  "data": [
    {
      "quarter": "Q1 2017",
      "income status": {
        "Net sales": 105176,
        "Cost of goods sold": 33727,
        "Gross Profit": 71448,
        "Financial expenses": 56374,
        "Of which: Interest expense": 36563,
        "Cost of sales": 8599,
        "Enterprise cost management": 33766,
        "Total Operating Expenses": 98739,
        "Total revenue financing activities": 81092,
        "Net profit from business activities": 54712,
        "Profit": 342,
        "Profit before tax": 55054,
        "Present corporate income tax expenses": 10278,
        "Deferred income taxes expenses": "N/A",
        "The interests of minority shareholders": 6436,
        "Total Cost of profits": 16714,
        "Profit after tax corporate income": 38340,
        "Volume": 192436555,
        "Close of Quarter": 24,
        "EPS": 1782,
        "Non-adjusted EPS": 1782,
        "PE": 13.5,
        "Book Price": 15.8
      }
    },
    {
      "quarter": "Q4 2016",
      "income status": {
        "Net sales": 147173,
        "Cost of goods sold": 81412,
        "Gross Profit": 65760,
        "Financial expenses": 34069,
        "Of which: Interest expense": 36173,
        "Cost of sales": 7369,
        "Enterprise cost management": 26429,
        "Total Operating Expenses": 67867,
        "Total revenue financing activities": 78423,
        "Net profit from business activities": 76955,
        "Profit": -311,
        "Profit before tax": 76644,
        "Present corporate income tax expenses": 7603,
        "Deferred income taxes expenses": "N/A",
        "The interests of minority shareholders": 21151,
        "Total Cost of profits": 28754,
        "Profit after tax corporate income": 47891,
        "Volume": 192436555,
        "Close of Quarter": 23.4,
        "EPS": 1871,
        "Non-adjusted EPS": 1871,
        "PE": 12.5,
        "Book Price": 15.3
      }
    },
    {
      "quarter": "Q3 2016",
      "income status": {
        "Net sales": 121785,
        "Cost of goods sold": 56566,
        "Gross Profit": 65219,
        "Financial expenses": 40505,
        "Of which: Interest expense": 38496,
        "Cost of sales": 6742,
        "Enterprise cost management": 27144,
        "Total Operating Expenses": 74391,
        "Total revenue financing activities": 235840,
        "Net profit from business activities": 226892,
        "Profit": 141,
        "Profit before tax": 227033,
        "Present corporate income tax expenses": 7719,
        "Deferred income taxes expenses": "N/A",
        "The interests of minority shareholders": 21995,
        "Total Cost of profits": 29714,
        "Profit after tax corporate income": 197319,
        "Volume": 192436555,
        "Close of Quarter": 22.5,
        "EPS": 1946,
        "Non-adjusted EPS": 1946,
        "PE": 11.6,
        "Book Price": 15.1
      }
    },
    {
      "quarter": "Q2 2016",
      "income status": {
        "Net sales": 97853,
        "Cost of goods sold": 58702,
        "Gross Profit": 39151,
        "Financial expenses": 26694,
        "Of which: Interest expense": 26694,
        "Cost of sales": 4675,
        "Enterprise cost management": 18039,
        "Total Operating Expenses": 49408,
        "Total revenue financing activities": 84646,
        "Net profit from business activities": 82171,
        "Profit": -90,
        "Profit before tax": 82082,
        "Present corporate income tax expenses": 9050,
        "Deferred income taxes expenses": "N/A",
        "The interests of minority shareholders": 13698,
        "Total Cost of profits": 22748,
        "Profit after tax corporate income": 59334,
        "Volume": 192436555,
        "Close of Quarter": 21.6,
        "EPS": 1128,
        "Non-adjusted EPS": 1128,
        "PE": 19.1,
        "Book Price": 14.2
      }
    },
    {
      "quarter": "Q1 2016",
      "income status": {
        "Net sales": 67381,
        "Cost of goods sold": 35814,
        "Gross Profit": 31567,
        "Financial expenses": 25211,
        "Of which: Interest expense": 25210,
        "Cost of sales": 3764,
        "Enterprise cost management": 17788,
        "Total Operating Expenses": 46763,
        "Total revenue financing activities": 83256,
        "Net profit from business activities": 76317,
        "Profit": 96,
        "Profit before tax": 76413,
        "Present corporate income tax expenses": 7217,
        "Deferred income taxes expenses": "N/A",
        "The interests of minority shareholders": 13653,
        "Total Cost of profits": 20870,
        "Profit after tax corporate income": 55542,
        "Volume": 192436555,
        "Close of Quarter": 20.1,
        "EPS": 910,
        "Non-adjusted EPS": 910,
        "PE": 22.0,
        "Book Price": 13.9
      }
    },
    {
      "quarter": "Q4 2015",
      "income status": {
        "Net sales": 96147,
        "Cost of goods sold": 59638,
        "Gross Profit": 36509,
        "Financial expenses": 26531,
        "Of which: Interest expense": 26531,
        "Cost of sales": 5873,
        "Enterprise cost management": 18311,
        "Total Operating Expenses": 50715,
        "Total revenue financing activities": 96339,
        "Net profit from business activities": 84252,
        "Profit": "N/A",
        "Profit before tax": 84252,
        "Present corporate income tax expenses": 9761,
        "Deferred income taxes expenses": "N/A",
        "The interests of minority shareholders": 12169,
        "Total Cost of profits": 21930,
        "Profit after tax corporate income": 62323,
        "Volume": 192436555,
        "Close of Quarter": 21.5,
        "EPS": 1907,
        "Non-adjusted EPS": 1907,
        "PE": 11.3,
        "Book Price": 14.3
      }
    },
    {
      "quarter": "Q3 2015",
      "income status": {
        "Net sales": 74337,
        "Cost of goods sold": 43337,
        "Gross Profit": 31000,
        "Financial expenses": 26380,
        "Of which: Interest expense": 26320,
        "Cost of sales": 3833,
        "Enterprise cost management": 17318,
        "Total Operating Expenses": 47531,
        "Total revenue financing activities": 65426,
        "Net profit from business activities": 56501,
        "Profit": 96,
        "Profit before tax": 56597,
        "Present corporate income tax expenses": 4496,
        "Deferred income taxes expenses": "N/A",
        "The interests of minority shareholders": 12244,
        "Total Cost of profits": 16740,
        "Profit after tax corporate income": 39858,
        "Volume": 192436555,
        "Close of Quarter": 20.4,
        "EPS": 2645,
        "Non-adjusted EPS": 2645,
        "PE": 7.7,
        "Book Price": 14.2
      }
    },
    {
      "quarter": "Q2 2015",
      "income status": {
        "Net sales": 87485,
        "Cost of goods sold": 67143,
        "Gross Profit": 20342,
        "Financial expenses": 43482,
        "Of which: Interest expense": 43464,
        "Cost of sales": 3524,
        "Enterprise cost management": 16720,
        "Total Operating Expenses": 63726,
        "Total revenue financing activities": 62110,
        "Net profit from business activities": 24897,
        "Profit": 3741,
        "Profit before tax": 28639,
        "Present corporate income tax expenses": 2323,
        "Deferred income taxes expenses": -67,
        "The interests of minority shareholders": 8949,
        "Total Cost of profits": 11205,
        "Profit after tax corporate income": 17434,
        "Volume": 72436555,
        "Close of Quarter": 21.1,
        "EPS": 2444.5,
        "Non-adjusted EPS": 6494,
        "PE": 3.2,
        "Book Price": 7.8
      }
    },
    {
      "quarter": "Q1 2015",
      "income status": {
        "Net sales": 94511,
        "Cost of goods sold": 66179,
        "Gross Profit": 28332,
        "Financial expenses": 44991,
        "Of which: Interest expense": 44991,
        "Cost of sales": 3891,
        "Enterprise cost management": 14420,
        "Total Operating Expenses": 63302,
        "Total revenue financing activities": 133985,
        "Net profit from business activities": 105173,
        "Profit": 165176,
        "Profit before tax": 270349,
        "Present corporate income tax expenses": 8955,
        "Deferred income taxes expenses": -4,
        "The interests of minority shareholders": 14086,
        "Total Cost of profits": 23037,
        "Profit after tax corporate income": 247311,
        "Volume": 72436555,
        "Close of Quarter": 20.7,
        "EPS": 2391.8,
        "Non-adjusted EPS": 6354,
        "PE": 3.3,
        "Book Price": 7.7
      }
    },
    {
      "quarter": "Q4 2014",
      "income status": {
        "Net sales": 94309,
        "Cost of goods sold": 81019,
        "Gross Profit": 13290,
        "Financial expenses": 36455,
        "Of which: Interest expense": 36455,
        "Cost of sales": 3181,
        "Enterprise cost management": 13186,
        "Total Operating Expenses": 52822,
        "Total revenue financing activities": 271537,
        "Net profit from business activities": 232006,
        "Profit": -1557,
        "Profit before tax": 230449,
        "Present corporate income tax expenses": 833,
        "Deferred income taxes expenses": 71,
        "The interests of minority shareholders": 25152,
        "Total Cost of profits": 26056,
        "Profit after tax corporate income": 204393,
        "Volume": 22098745,
        "Close of Quarter": 22.2,
        "EPS": 1113.6,
        "Non-adjusted EPS": 9697,
        "PE": 2.3,
        "Book Price": 2.9
      }
    },
    {
      "quarter": "Q3 2014",
      "income status": {
        "Net sales": 57141,
        "Cost of goods sold": 48030,
        "Gross Profit": 9111,
        "Financial expenses": 3465,
        "Of which: Interest expense": 3464,
        "Cost of sales": 1946,
        "Enterprise cost management": 3292,
        "Total Operating Expenses": 8703,
        "Total revenue financing activities": 819,
        "Net profit from business activities": 1227,
        "Profit": 433,
        "Profit before tax": 1660,
        "Present corporate income tax expenses": 365,
        "Deferred income taxes expenses": "N/A",
        "The interests of minority shareholders": "N/A",
        "Total Cost of profits": 365,
        "Profit after tax corporate income": 1295,
        "Volume": 22098745,
        "Close of Quarter": 15.5,
        "EPS": 98.3,
        "Non-adjusted EPS": 856,
        "PE": 18.1,
        "Book Price": 1.2
      }
    },
    {
      "quarter": "Q2 2014",
      "income status": {
        "Net sales": 71343,
        "Cost of goods sold": 58859,
        "Gross Profit": 12484,
        "Financial expenses": 3425,
        "Of which: Interest expense": 3425,
        "Cost of sales": 1332,
        "Enterprise cost management": 1083,
        "Total Operating Expenses": 5840,
        "Total revenue financing activities": 474,
        "Net profit from business activities": 7117,
        "Profit": 511,
        "Profit before tax": 7628,
        "Present corporate income tax expenses": 343,
        "Deferred income taxes expenses": "N/A",
        "The interests of minority shareholders": "N/A",
        "Total Cost of profits": 343,
        "Profit after tax corporate income": 7284,
        "Volume": 14732509,
        "Close of Quarter": 9.3,
        "EPS": 94.6,
        "Non-adjusted EPS": 1235,
        "PE": 7.5,
        "Book Price": 1.2
      }
    },
    {
      "quarter": "Q1 2014",
      "income status": {
        "Net sales": 34144,
        "Cost of goods sold": 27806,
        "Gross Profit": 6338,
        "Financial expenses": 3221,
        "Of which: Interest expense": 3221,
        "Cost of sales": 572,
        "Enterprise cost management": 1331,
        "Total Operating Expenses": 5124,
        "Total revenue financing activities": 470,
        "Net profit from business activities": 1684,
        "Profit": -12,
        "Profit before tax": 1672,
        "Present corporate income tax expenses": 355,
        "Deferred income taxes expenses": "N/A",
        "The interests of minority shareholders": "N/A",
        "Total Cost of profits": 355,
        "Profit after tax corporate income": 1317,
        "Volume": 14732509,
        "Close of Quarter": 6.7,
        "EPS": 24.4,
        "Non-adjusted EPS": 319,
        "PE": 21.1,
        "Book Price": 1.2
      }
    },
    {
      "quarter": "Q4 2013",
      "income status": {
        "Net sales": 85405,
        "Cost of goods sold": 67906,
        "Gross Profit": 17499,
        "Financial expenses": 4142,
        "Of which: Interest expense": 4143,
        "Cost of sales": 1866,
        "Enterprise cost management": 1018,
        "Total Operating Expenses": 7026,
        "Total revenue financing activities": 371,
        "Net profit from business activities": 10844,
        "Profit": -77,
        "Profit before tax": 10767,
        "Present corporate income tax expenses": 1754,
        "Deferred income taxes expenses": "N/A",
        "The interests of minority shareholders": "N/A",
        "Total Cost of profits": 1754,
        "Profit after tax corporate income": 9013,
        "Volume": 15150719,
        "Close of Quarter": 5.1,
        "EPS": 23.3,
        "Non-adjusted EPS": 296,
        "PE": 17.2,
        "Book Price": 1.2
      }
    },
    {
      "quarter": "Q3 2013",
      "income status": {
        "Net sales": 65901,
        "Cost of goods sold": 55421,
        "Gross Profit": 10480,
        "Financial expenses": 5614,
        "Of which: Interest expense": 5614,
        "Cost of sales": 1402,
        "Enterprise cost management": 1131,
        "Total Operating Expenses": 8147,
        "Total revenue financing activities": 5,
        "Net profit from business activities": 2338,
        "Profit": -352,
        "Profit before tax": 1985,
        "Present corporate income tax expenses": 1408,
        "Deferred income taxes expenses": "N/A",
        "The interests of minority shareholders": "N/A",
        "Total Cost of profits": 1408,
        "Profit after tax corporate income": 578,
        "Volume": 8283561,
        "Close of Quarter": 5.2,
        "EPS": -47.8,
        "Non-adjusted EPS": -1111,
        "PE": -4.7,
        "Book Price": 0.8
      }
    },
    {
      "quarter": "Q2 2013",
      "income status": {
        "Net sales": 32627,
        "Cost of goods sold": 26509,
        "Gross Profit": 6118,
        "Financial expenses": 8928,
        "Of which: Interest expense": 11727,
        "Cost of sales": 1229,
        "Enterprise cost management": 2112,
        "Total Operating Expenses": 12269,
        "Total revenue financing activities": 4,
        "Net profit from business activities": -6146,
        "Profit": "N/A",
        "Profit before tax": -6146,
        "Present corporate income tax expenses": 68,
        "Deferred income taxes expenses": "N/A",
        "The interests of minority shareholders": "N/A",
        "Total Cost of profits": 68,
        "Profit after tax corporate income": -6214,
        "Volume": 8283561,
        "Close of Quarter": 5.2,
        "EPS": -46.7,
        "Non-adjusted EPS": -1084,
        "PE": -4.8,
        "Book Price": 0.8
      }
    },
    {
      "quarter": "Q1 2013",
      "income status": {
        "Net sales": 27972,
        "Cost of goods sold": 21026,
        "Gross Profit": 6945,
        "Financial expenses": 2801,
        "Of which: Interest expense": "N/A",
        "Cost of sales": 1310,
        "Enterprise cost management": 1424,
        "Total Operating Expenses": 5535,
        "Total revenue financing activities": 5,
        "Net profit from business activities": 1416,
        "Profit": 70,
        "Profit before tax": 1486,
        "Present corporate income tax expenses": 372,
        "Deferred income taxes expenses": "N/A",
        "The interests of minority shareholders": "N/A",
        "Total Cost of profits": 372,
        "Profit after tax corporate income": 1115,
        "Volume": 8283561,
        "Close of Quarter": 6.5,
        "EPS": 7.8,
        "Non-adjusted EPS": 180,
        "PE": 36.2,
        "Book Price": 0.8
      }
    },
    {
      "quarter": "Q4 2012",
      "income status": {
        "Net sales": 33402,
        "Cost of goods sold": 29615,
        "Gross Profit": 3787,
        "Financial expenses": 8552,
        "Of which: Interest expense": "N/A",
        "Cost of sales": 1388,
        "Enterprise cost management": 1078,
        "Total Operating Expenses": 11018,
        "Total revenue financing activities": -115,
        "Net profit from business activities": -7346,
        "Profit": 1781,
        "Profit before tax": -5565,
        "Present corporate income tax expenses": -882,
        "Deferred income taxes expenses": "N/A",
        "The interests of minority shareholders": "N/A",
        "Total Cost of profits": -882,
        "Profit after tax corporate income": -4684,
        "Volume": 8283561,
        "Close of Quarter": 3.8,
        "EPS": 8.4,
        "Non-adjusted EPS": 196,
        "PE": 19.3,
        "Book Price": 0.8
      }
    },
    {
      "quarter": "Q3 2012",
      "income status": {
        "Net sales": 36796,
        "Cost of goods sold": 29248,
        "Gross Profit": 7548,
        "Financial expenses": 3921,
        "Of which: Interest expense": "N/A",
        "Cost of sales": 1001,
        "Enterprise cost management": 1217,
        "Total Operating Expenses": 6139,
        "Total revenue financing activities": 4,
        "Net profit from business activities": 1413,
        "Profit": -368,
        "Profit before tax": 1045,
        "Present corporate income tax expenses": 241,
        "Deferred income taxes expenses": "N/A",
        "The interests of minority shareholders": "N/A",
        "Total Cost of profits": 241,
        "Profit after tax corporate income": 804,
        "Volume": 8283561,
        "Close of Quarter": 5.4,
        "EPS": -3.2,
        "Non-adjusted EPS": -74,
        "PE": -72.4,
        "Book Price": 0.9
      }
    },
    {
      "quarter": "Q2 2012",
      "income status": {
        "Net sales": 45690,
        "Cost of goods sold": 37138,
        "Gross Profit": 8552,
        "Financial expenses": 1107,
        "Of which: Interest expense": 2116,
        "Cost of sales": 687,
        "Enterprise cost management": 1464,
        "Total Operating Expenses": 3258,
        "Total revenue financing activities": 185,
        "Net profit from business activities": 5480,
        "Profit": -254,
        "Profit before tax": 5225,
        "Present corporate income tax expenses": 973,
        "Deferred income taxes expenses": "N/A",
        "The interests of minority shareholders": "N/A",
        "Total Cost of profits": 973,
        "Profit after tax corporate income": 4252,
        "Volume": 8283561,
        "Close of Quarter": 5.8,
        "EPS": 4.2,
        "Non-adjusted EPS": 97,
        "PE": 59.5,
        "Book Price": 0.9
      }
    },
    {
      "quarter": "Q1 2012",
      "income status": {
        "Net sales": 31384,
        "Cost of goods sold": 25135,
        "Gross Profit": 6249,
        "Financial expenses": 1009,
        "Of which: Interest expense": "N/A",
        "Cost of sales": 1028,
        "Enterprise cost management": 1322,
        "Total Operating Expenses": 3359,
        "Total revenue financing activities": 15,
        "Net profit from business activities": 2906,
        "Profit": -1432,
        "Profit before tax": 1473,
        "Present corporate income tax expenses": 223,
        "Deferred income taxes expenses": "N/A",
        "The interests of minority shareholders": "N/A",
        "Total Cost of profits": 223,
        "Profit after tax corporate income": 1250,
        "Volume": 8283561,
        "Close of Quarter": 4.9,
        "EPS": 20.2,
        "Non-adjusted EPS": 470,
        "PE": 10.5,
        "Book Price": 0.8
      }
    },
    {
      "quarter": "Q4 2011",
      "income status": {
        "Net sales": 40564,
        "Cost of goods sold": 38850,
        "Gross Profit": 1715,
        "Financial expenses": 1086,
        "Of which: Interest expense": "N/A",
        "Cost of sales": 2184,
        "Enterprise cost management": 4283,
        "Total Operating Expenses": 7553,
        "Total revenue financing activities": 196,
        "Net profit from business activities": -5642,
        "Profit": -3655,
        "Profit before tax": -9297,
        "Present corporate income tax expenses": -2380,
        "Deferred income taxes expenses": "N/A",
        "The interests of minority shareholders": "N/A",
        "Total Cost of profits": -2380,
        "Profit after tax corporate income": -6918,
        "Volume": 8283561,
        "Close of Quarter": 8.7,
        "EPS": 61.5,
        "Non-adjusted EPS": 1428,
        "PE": 6.1,
        "Book Price": 0.8
      }
    },
    {
      "quarter": "Q3 2011",
      "income status": {
        "Net sales": 26218,
        "Cost of goods sold": 19971,
        "Gross Profit": 6247,
        "Financial expenses": 615,
        "Of which: Interest expense": "N/A",
        "Cost of sales": 1023,
        "Enterprise cost management": 1281,
        "Total Operating Expenses": 2919,
        "Total revenue financing activities": 17,
        "Net profit from business activities": 3345,
        "Profit": -255,
        "Profit before tax": 3089,
        "Present corporate income tax expenses": 872,
        "Deferred income taxes expenses": "N/A",
        "The interests of minority shareholders": "N/A",
        "Total Cost of profits": 872,
        "Profit after tax corporate income": 2217,
        "Volume": 8283561,
        "Close of Quarter": 10.6,
        "EPS": 125.8,
        "Non-adjusted EPS": 2923,
        "PE": 3.6,
        "Book Price": 0.9
      }
    },
    {
      "quarter": "Q2 2011",
      "income status": {
        "Net sales": 52501,
        "Cost of goods sold": 41103,
        "Gross Profit": 11398,
        "Financial expenses": 1057,
        "Of which: Interest expense": "N/A",
        "Cost of sales": 1240,
        "Enterprise cost management": 1151,
        "Total Operating Expenses": 3448,
        "Total revenue financing activities": 306,
        "Net profit from business activities": 8256,
        "Profit": 202,
        "Profit before tax": 8458,
        "Present corporate income tax expenses": 1115,
        "Deferred income taxes expenses": "N/A",
        "The interests of minority shareholders": "N/A",
        "Total Cost of profits": 1115,
        "Profit after tax corporate income": 7344,
        "Volume": 8283561,
        "Close of Quarter": 6.2,
        "EPS": 169.5,
        "Non-adjusted EPS": 3938,
        "PE": 1.6,
        "Book Price": 0.9
      }
    },
    {
      "quarter": "Q1 2011",
      "income status": {
        "Net sales": 60667,
        "Cost of goods sold": 45515,
        "Gross Profit": 15152,
        "Financial expenses": 638,
        "Of which: Interest expense": "N/A",
        "Cost of sales": 1140,
        "Enterprise cost management": 1273,
        "Total Operating Expenses": 3051,
        "Total revenue financing activities": 83,
        "Net profit from business activities": 12185,
        "Profit": 60,
        "Profit before tax": 12245,
        "Present corporate income tax expenses": 3061,
        "Deferred income taxes expenses": "N/A",
        "The interests of minority shareholders": "N/A",
        "Total Cost of profits": 3061,
        "Profit after tax corporate income": 9183,
        "Volume": 8283561,
        "Close of Quarter": 10.0,
        "EPS": 186.9,
        "Non-adjusted EPS": 4342,
        "PE": 2.3,
        "Book Price": 0.9
      }
    },
    {
      "quarter": "Q4 2010",
      "income status": {
        "Net sales": 60968,
        "Cost of goods sold": 43846,
        "Gross Profit": 17121,
        "Financial expenses": 1334,
        "Of which: Interest expense": "N/A",
        "Cost of sales": 1545,
        "Enterprise cost management": 2041,
        "Total Operating Expenses": 4920,
        "Total revenue financing activities": 134,
        "Net profit from business activities": 12335,
        "Profit": 154,
        "Profit before tax": 12489,
        "Present corporate income tax expenses": 7019,
        "Deferred income taxes expenses": "N/A",
        "The interests of minority shareholders": "N/A",
        "Total Cost of profits": 7019,
        "Profit after tax corporate income": 5470,
        "Volume": 8283561,
        "Close of Quarter": 10.2,
        "EPS": 192.7,
        "Non-adjusted EPS": 4477,
        "PE": 2.3,
        "Book Price": 0.8
      }
    },
    {
      "quarter": "Q3 2010",
      "income status": {
        "Net sales": 53089,
        "Cost of goods sold": 38573,
        "Gross Profit": 14516,
        "Financial expenses": 863,
        "Of which: Interest expense": "N/A",
        "Cost of sales": 1129,
        "Enterprise cost management": 1430,
        "Total Operating Expenses": 3422,
        "Total revenue financing activities": 236,
        "Net profit from business activities": 11330,
        "Profit": 27,
        "Profit before tax": 11356,
        "Present corporate income tax expenses": 735,
        "Deferred income taxes expenses": "N/A",
        "The interests of minority shareholders": "N/A",
        "Total Cost of profits": 735,
        "Profit after tax corporate income": 10622,
        "Volume": 8283561,
        "Close of Quarter": 10.2,
        "EPS": 206.8,
        "Non-adjusted EPS": 4803,
        "PE": 2.1,
        "Book Price": 1.0
      }
    },
    {
      "quarter": "Q2 2010",
      "income status": {
        "Net sales": 58773,
        "Cost of goods sold": 43881,
        "Gross Profit": 14892,
        "Financial expenses": 1251,
        "Of which: Interest expense": 1949,
        "Cost of sales": 982,
        "Enterprise cost management": 1332,
        "Total Operating Expenses": 3565,
        "Total revenue financing activities": 63,
        "Net profit from business activities": 11390,
        "Profit": 10,
        "Profit before tax": 11400,
        "Present corporate income tax expenses": 711,
        "Deferred income taxes expenses": "N/A",
        "The interests of minority shareholders": "N/A",
        "Total Cost of profits": 711,
        "Profit after tax corporate income": 10689,
        "Volume": 8283561,
        "Close of Quarter": 10.3,
        "EPS": 213.1,
        "Non-adjusted EPS": 4950,
        "PE": 2.1,
        "Book Price": 0.9
      }
    },
    {
      "quarter": "Q1 2010",
      "income status": {
        "Net sales": 44317,
        "Cost of goods sold": 30345,
        "Gross Profit": 13972,
        "Financial expenses": 992,
        "Of which: Interest expense": "N/A",
        "Cost of sales": 807,
        "Enterprise cost management": 1379,
        "Total Operating Expenses": 3178,
        "Total revenue financing activities": 65,
        "Net profit from business activities": 10859,
        "Profit": 16,
        "Profit before tax": 10876,
        "Present corporate income tax expenses": 567,
        "Deferred income taxes expenses": "N/A",
        "The interests of minority shareholders": "N/A",
        "Total Cost of profits": 567,
        "Profit after tax corporate income": 10308,
        "Volume": 8283561,
        "Close of Quarter": 9.5,
        "EPS": 207.3,
        "Non-adjusted EPS": 4815,
        "PE": 2.0,
        "Book Price": 0.8
      }
    },
    {
      "quarter": "Q4 2009",
      "income status": {
        "Net sales": 45619,
        "Cost of goods sold": 32926,
        "Gross Profit": 12693,
        "Financial expenses": 1052,
        "Of which: Interest expense": 1086,
        "Cost of sales": 625,
        "Enterprise cost management": 2345,
        "Total Operating Expenses": 4022,
        "Total revenue financing activities": -60,
        "Net profit from business activities": 8611,
        "Profit": 32,
        "Profit before tax": 8643,
        "Present corporate income tax expenses": 481,
        "Deferred income taxes expenses": "N/A",
        "The interests of minority shareholders": "N/A",
        "Total Cost of profits": 481,
        "Profit after tax corporate income": 8163,
        "Volume": 8283561,
        "Close of Quarter": 10.3,
        "EPS": 155.8,
        "Non-adjusted EPS": 3619,
        "PE": 2.9,
        "Book Price": 0.8
      }
    },
    {
      "quarter": "Q3 2009",
      "income status": {
        "Net sales": 49836,
        "Cost of goods sold": 35662,
        "Gross Profit": 14174,
        "Financial expenses": 158,
        "Of which: Interest expense": "N/A",
        "Cost of sales": 439,
        "Enterprise cost management": 1336,
        "Total Operating Expenses": 1933,
        "Total revenue financing activities": 114,
        "Net profit from business activities": 12354,
        "Profit": 228,
        "Profit before tax": 12582,
        "Present corporate income tax expenses": 736,
        "Deferred income taxes expenses": "N/A",
        "The interests of minority shareholders": "N/A",
        "Total Cost of profits": 736,
        "Profit after tax corporate income": 11846,
        "Volume": 8283561,
        "Close of Quarter": 10.0,
        "EPS": 114.7,
        "Non-adjusted EPS": 2664,
        "PE": 3.8,
        "Book Price": 0.8
      }
    },
    {
      "quarter": "Q2 2009",
      "income status": {
        "Net sales": 44901,
        "Cost of goods sold": 32883,
        "Gross Profit": 12018,
        "Financial expenses": 79,
        "Of which: Interest expense": "N/A",
        "Cost of sales": 467,
        "Enterprise cost management": 1589,
        "Total Operating Expenses": 2135,
        "Total revenue financing activities": 93,
        "Net profit from business activities": 9975,
        "Profit": 200,
        "Profit before tax": 10174,
        "Present corporate income tax expenses": 609,
        "Deferred income taxes expenses": "N/A",
        "The interests of minority shareholders": "N/A",
        "Total Cost of profits": 609,
        "Profit after tax corporate income": 9565,
        "Volume": 7530510,
        "Close of Quarter": 7.0,
        "EPS": 122.6,
        "Non-adjusted EPS": 3132,
        "PE": 2.2,
        "Book Price": 0.8
      }
    },
    {
      "quarter": "Q1 2009",
      "income status": {
        "Net sales": 11214,
        "Cost of goods sold": 9126,
        "Gross Profit": 2088,
        "Financial expenses": 74,
        "Of which: Interest expense": "N/A",
        "Cost of sales": 498,
        "Enterprise cost management": 1265,
        "Total Operating Expenses": 1837,
        "Total revenue financing activities": 209,
        "Net profit from business activities": 460,
        "Profit": 16,
        "Profit before tax": 475,
        "Present corporate income tax expenses": 74,
        "Deferred income taxes expenses": "N/A",
        "The interests of minority shareholders": "N/A",
        "Total Cost of profits": 74,
        "Profit after tax corporate income": 401,
        "Volume": 7530510,
        "Close of Quarter": 6.4,
        "EPS": 74.4,
        "Non-adjusted EPS": 1902,
        "PE": 3.3,
        "Book Price": 0.7
      }
    },
    {
      "quarter": "Q4 2008",
      "income status": {
        "Net sales": 31732,
        "Cost of goods sold": 26143,
        "Gross Profit": 5590,
        "Financial expenses": 555,
        "Of which: Interest expense": "N/A",
        "Cost of sales": 413,
        "Enterprise cost management": 1897,
        "Total Operating Expenses": 2865,
        "Total revenue financing activities": 502,
        "Net profit from business activities": 3227,
        "Profit": -27,
        "Profit before tax": 3200,
        "Present corporate income tax expenses": 2946,
        "Deferred income taxes expenses": "N/A",
        "The interests of minority shareholders": "N/A",
        "Total Cost of profits": 2946,
        "Profit after tax corporate income": 253,
        "Volume": 3000000,
        "Close of Quarter": 6.2,
        "EPS": 75.2,
        "Non-adjusted EPS": 4825,
        "PE": 1.3,
        "Book Price": 0.7
      }
    },
    {
      "quarter": "Q3 2008",
      "income status": {
        "Net sales": 30536,
        "Cost of goods sold": 27283,
        "Gross Profit": 3253,
        "Financial expenses": 226,
        "Of which: Interest expense": "N/A",
        "Cost of sales": 450,
        "Enterprise cost management": 1338,
        "Total Operating Expenses": 2014,
        "Total revenue financing activities": 191,
        "Net profit from business activities": 1430,
        "Profit": 17135,
        "Profit before tax": 18565,
        "Present corporate income tax expenses": 5198,
        "Deferred income taxes expenses": "N/A",
        "The interests of minority shareholders": "N/A",
        "Total Cost of profits": 5198,
        "Profit after tax corporate income": 13366,
        "Volume": 3000000,
        "Close of Quarter": 6.8,
        "EPS": 79.9,
        "Non-adjusted EPS": 5123,
        "PE": 1.3,
        "Book Price": 0.4
      }
    },
    {
      "quarter": "Q2 2008",
      "income status": {
        "Net sales": 17539,
        "Cost of goods sold": 15361,
        "Gross Profit": 2178,
        "Financial expenses": 151,
        "Of which: Interest expense": "N/A",
        "Cost of sales": 446,
        "Enterprise cost management": 1329,
        "Total Operating Expenses": 1926,
        "Total revenue financing activities": 128,
        "Net profit from business activities": 379,
        "Profit": "N/A",
        "Profit before tax": 379,
        "Present corporate income tax expenses": 80,
        "Deferred income taxes expenses": "N/A",
        "The interests of minority shareholders": "N/A",
        "Total Cost of profits": 80,
        "Profit after tax corporate income": 300,
        "Volume": 3000000,
        "Close of Quarter": 7.5,
        "EPS": 12.3,
        "Non-adjusted EPS": 787,
        "PE": 9.5,
        "Book Price": 0.4
      }
    },
    {
      "quarter": "Q1 2008",
      "income status": {
        "Net sales": 18618,
        "Cost of goods sold": 15721,
        "Gross Profit": 2897,
        "Financial expenses": 135,
        "Of which: Interest expense": "N/A",
        "Cost of sales": 991,
        "Enterprise cost management": 1263,
        "Total Operating Expenses": 2389,
        "Total revenue financing activities": 226,
        "Net profit from business activities": 734,
        "Profit": "N/A",
        "Profit before tax": 734,
        "Present corporate income tax expenses": 179,
        "Deferred income taxes expenses": "N/A",
        "The interests of minority shareholders": "N/A",
        "Total Cost of profits": 179,
        "Profit after tax corporate income": 556,
        "Volume": 3000000,
        "Close of Quarter": 7.8,
        "EPS": 16.1,
        "Non-adjusted EPS": 1030,
        "PE": 7.6,
        "Book Price": 0.4
      }
    },
    {
      "quarter": "Q4 2007",
      "income status": {
        "Net sales": 15910,
        "Cost of goods sold": 13555,
        "Gross Profit": 2355,
        "Financial expenses": 68,
        "Of which: Interest expense": "N/A",
        "Cost of sales": 552,
        "Enterprise cost management": 848,
        "Total Operating Expenses": 1468,
        "Total revenue financing activities": 317,
        "Net profit from business activities": 1203,
        "Profit": 201,
        "Profit before tax": 1404,
        "Present corporate income tax expenses": 257,
        "Deferred income taxes expenses": "N/A",
        "The interests of minority shareholders": "N/A",
        "Total Cost of profits": 257,
        "Profit after tax corporate income": 1147,
        "Volume": 1000000,
        "Close of Quarter": 11.5,
        "EPS": 16.4,
        "Non-adjusted EPS": 3147,
        "PE": 3.7,
        "Book Price": 0.4
      }
    },
    {
      "quarter": "Q3 2007",
      "income status": {
        "Net sales": 15057,
        "Cost of goods sold": 13736,
        "Gross Profit": 1321,
        "Financial expenses": 48,
        "Of which: Interest expense": "N/A",
        "Cost of sales": 469,
        "Enterprise cost management": 618,
        "Total Operating Expenses": 1135,
        "Total revenue financing activities": 164,
        "Net profit from business activities": 350,
        "Profit": 88,
        "Profit before tax": 438,
        "Present corporate income tax expenses": 80,
        "Deferred income taxes expenses": "N/A",
        "The interests of minority shareholders": "N/A",
        "Total Cost of profits": 80,
        "Profit after tax corporate income": 358,
        "Volume": 1000000,
        "Close of Quarter": 12.4,
        "EPS": 14.0,
        "Non-adjusted EPS": 2697,
        "PE": 4.6,
        "Book Price": 0.2
      }
    },
    {
      "quarter": "Q2 2007",
      "income status": {
        "Net sales": 17934,
        "Cost of goods sold": 15743,
        "Gross Profit": 2191,
        "Financial expenses": 51,
        "Of which: Interest expense": "N/A",
        "Cost of sales": 381,
        "Enterprise cost management": 696,
        "Total Operating Expenses": 1128,
        "Total revenue financing activities": 198,
        "Net profit from business activities": 1261,
        "Profit": "N/A",
        "Profit before tax": 1261,
        "Present corporate income tax expenses": 231,
        "Deferred income taxes expenses": "N/A",
        "The interests of minority shareholders": "N/A",
        "Total Cost of profits": 231,
        "Profit after tax corporate income": 1030,
        "Volume": 1000000,
        "Close of Quarter": 9.1,
        "EPS": 13.3,
        "Non-adjusted EPS": 2549,
        "PE": 3.6,
        "Book Price": 0.2
      }
    },
    {
      "quarter": "Q1 2007",
      "income status": {
        "Net sales": 7922,
        "Cost of goods sold": 6228,
        "Gross Profit": 1694,
        "Financial expenses": 67,
        "Of which: Interest expense": "N/A",
        "Cost of sales": 429,
        "Enterprise cost management": 744,
        "Total Operating Expenses": 1240,
        "Total revenue financing activities": 296,
        "Net profit from business activities": 750,
        "Profit": "N/A",
        "Profit before tax": 750,
        "Present corporate income tax expenses": 138,
        "Deferred income taxes expenses": "N/A",
        "The interests of minority shareholders": "N/A",
        "Total Cost of profits": 138,
        "Profit after tax corporate income": 612,
        "Volume": 1000000,
        "Close of Quarter": 5.9,
        "EPS": 11.2,
        "Non-adjusted EPS": 2151,
        "PE": 2.7,
        "Book Price": 0.1
      }
    },
    {
      "quarter": "Q4 2006",
      "income status": {
        "Net sales": 15079,
        "Cost of goods sold": 12963,
        "Gross Profit": 2116,
        "Financial expenses": 106,
        "Of which: Interest expense": "N/A",
        "Cost of sales": 540,
        "Enterprise cost management": 926,
        "Total Operating Expenses": 1572,
        "Total revenue financing activities": 309,
        "Net profit from business activities": 853,
        "Profit": "N/A",
        "Profit before tax": 853,
        "Present corporate income tax expenses": 157,
        "Deferred income taxes expenses": "N/A",
        "The interests of minority shareholders": "N/A",
        "Total Cost of profits": 157,
        "Profit after tax corporate income": 697,
        "Volume": 1000000,
        "Close of Quarter": 3.6,
        "EPS": 10.5,
        "Non-adjusted EPS": 2013,
        "PE": 1.8,
        "Book Price": 0.1
      }
    },
    {
      "quarter": "Q3 2006",
      "income status": {
        "Net sales": 7205,
        "Cost of goods sold": 5970,
        "Gross Profit": 1234,
        "Financial expenses": 122,
        "Of which: Interest expense": "N/A",
        "Cost of sales": 229,
        "Enterprise cost management": 881,
        "Total Operating Expenses": 1232,
        "Total revenue financing activities": 259,
        "Net profit from business activities": 261,
        "Profit": "N/A",
        "Profit before tax": 261,
        "Present corporate income tax expenses": 51,
        "Deferred income taxes expenses": "N/A",
        "The interests of minority shareholders": "N/A",
        "Total Cost of profits": 51,
        "Profit after tax corporate income": 210,
        "Volume": 1000000,
        "Close of Quarter": "N/A",
        "EPS": 6.8,
        "Non-adjusted EPS": 1316,
        "PE": "N/A",
        "Book Price": 0.1
      }
    },
    {
      "quarter": "Q2 2006",
      "income status": {
        "Net sales": 9625,
        "Cost of goods sold": 7520,
        "Gross Profit": 2105,
        "Financial expenses": 101,
        "Of which: Interest expense": "N/A",
        "Cost of sales": 636,
        "Enterprise cost management": 786,
        "Total Operating Expenses": 1523,
        "Total revenue financing activities": 205,
        "Net profit from business activities": 788,
        "Profit": "N/A",
        "Profit before tax": 788,
        "Present corporate income tax expenses": 155,
        "Deferred income taxes expenses": "N/A",
        "The interests of minority shareholders": "N/A",
        "Total Cost of profits": 155,
        "Profit after tax corporate income": 632,
        "Volume": 1000000,
        "Close of Quarter": "N/A",
        "EPS": 5.8,
        "Non-adjusted EPS": 1106,
        "PE": "N/A",
        "Book Price": 0.1
      }
    },
    {
      "quarter": "Q1 2006",
      "income status": {
        "Net sales": 8534,
        "Cost of goods sold": 6495,
        "Gross Profit": 2040,
        "Financial expenses": 88,
        "Of which: Interest expense": "N/A",
        "Cost of sales": 481,
        "Enterprise cost management": 1085,
        "Total Operating Expenses": 1654,
        "Total revenue financing activities": 205,
        "Net profit from business activities": 591,
        "Profit": "N/A",
        "Profit before tax": 591,
        "Present corporate income tax expenses": 116,
        "Deferred income taxes expenses": "N/A",
        "The interests of minority shareholders": "N/A",
        "Total Cost of profits": 116,
        "Profit after tax corporate income": 474,
        "Volume": 1000000,
        "Close of Quarter": "N/A",
        "EPS": 2.5,
        "Non-adjusted EPS": 474,
        "PE": "N/A",
        "Book Price": "N/A"
      }
    }
  ]
}