{
  "ticker": "TCR",
  "data": [
    {
      "quarter": "Q1 2017",
      "income status": {
        "Net sales": 274358,
        "Cost of goods sold": 247053,
        "Gross Profit": 27305,
        "Financial expenses": 6266,
        "Of which: Interest expense": 4693,
        "Cost of sales": 33773,
        "Enterprise cost management": 22964,
        "Total Operating Expenses": 63003,
        "Total revenue financing activities": 1880,
        "Net profit from business activities": -33818,
        "Profit": 2364,
        "Profit before tax": -31455,
        "Present corporate income tax expenses": "N/A",
        "Deferred income taxes expenses": "N/A",
        "The interests of minority shareholders": -462,
        "Total Cost of profits": -462,
        "Profit after tax corporate income": -30993,
        "Volume": 45425142,
        "Close of Quarter": 4.4,
        "EPS": -157,
        "Non-adjusted EPS": -157,
        "PE": -27.7,
        "Book Price": 13.9
      }
    },
    {
      "quarter": "Q4 2016",
      "income status": {
        "Net sales": 382190,
        "Cost of goods sold": 283054,
        "Gross Profit": 99136,
        "Financial expenses": 11858,
        "Of which: Interest expense": 4755,
        "Cost of sales": 33126,
        "Enterprise cost management": 35290,
        "Total Operating Expenses": 80274,
        "Total revenue financing activities": 3160,
        "Net profit from business activities": 22021,
        "Profit": 556,
        "Profit before tax": 22577,
        "Present corporate income tax expenses": 3530,
        "Deferred income taxes expenses": "N/A",
        "The interests of minority shareholders": 1277,
        "Total Cost of profits": 4807,
        "Profit after tax corporate income": 17770,
        "Volume": 45425142,
        "Close of Quarter": 4.4,
        "EPS": 762,
        "Non-adjusted EPS": 762,
        "PE": 5.7,
        "Book Price": 14.7
      }
    },
    {
      "quarter": "Q3 2016",
      "income status": {
        "Net sales": 341474,
        "Cost of goods sold": 283891,
        "Gross Profit": 57583,
        "Financial expenses": 7839,
        "Of which: Interest expense": 5558,
        "Cost of sales": 38171,
        "Enterprise cost management": 22906,
        "Total Operating Expenses": 68916,
        "Total revenue financing activities": 1392,
        "Net profit from business activities": -9940,
        "Profit": 937,
        "Profit before tax": -9004,
        "Present corporate income tax expenses": -2143,
        "Deferred income taxes expenses": "N/A",
        "The interests of minority shareholders": 210,
        "Total Cost of profits": -1933,
        "Profit after tax corporate income": -7070,
        "Volume": 44535404,
        "Close of Quarter": 8.2,
        "EPS": 1060.8,
        "Non-adjusted EPS": 1082,
        "PE": 7.6,
        "Book Price": 14.3
      }
    },
    {
      "quarter": "Q2 2016",
      "income status": {
        "Net sales": 423676,
        "Cost of goods sold": 333825,
        "Gross Profit": 89851,
        "Financial expenses": 8365,
        "Of which: Interest expense": 6212,
        "Cost of sales": 44561,
        "Enterprise cost management": 27921,
        "Total Operating Expenses": 80847,
        "Total revenue financing activities": 1678,
        "Net profit from business activities": 10682,
        "Profit": 4546,
        "Profit before tax": 15228,
        "Present corporate income tax expenses": 2991,
        "Deferred income taxes expenses": "N/A",
        "The interests of minority shareholders": -931,
        "Total Cost of profits": 2060,
        "Profit after tax corporate income": 13168,
        "Volume": 44535404,
        "Close of Quarter": 10.2,
        "EPS": 1986.3,
        "Non-adjusted EPS": 2026,
        "PE": 5.1,
        "Book Price": 14.7
      }
    },
    {
      "quarter": "Q1 2016",
      "income status": {
        "Net sales": 371222,
        "Cost of goods sold": 286957,
        "Gross Profit": 84265,
        "Financial expenses": 9826,
        "Of which: Interest expense": 6211,
        "Cost of sales": 42956,
        "Enterprise cost management": 27773,
        "Total Operating Expenses": 80555,
        "Total revenue financing activities": 6511,
        "Net profit from business activities": 10221,
        "Profit": 2428,
        "Profit before tax": 12649,
        "Present corporate income tax expenses": 2384,
        "Deferred income taxes expenses": "N/A",
        "The interests of minority shareholders": -479,
        "Total Cost of profits": 1905,
        "Profit after tax corporate income": 10744,
        "Volume": 44535404,
        "Close of Quarter": 8.7,
        "EPS": 1172.6,
        "Non-adjusted EPS": 1196,
        "PE": 7.3,
        "Book Price": 14.4
      }
    },
    {
      "quarter": "Q4 2015",
      "income status": {
        "Net sales": 498187,
        "Cost of goods sold": 363362,
        "Gross Profit": 134825,
        "Financial expenses": 12600,
        "Of which: Interest expense": 6976,
        "Cost of sales": 48594,
        "Enterprise cost management": 43474,
        "Total Operating Expenses": 104668,
        "Total revenue financing activities": 2352,
        "Net profit from business activities": 32509,
        "Profit": -702,
        "Profit before tax": 31807,
        "Present corporate income tax expenses": 70,
        "Deferred income taxes expenses": "N/A",
        "The interests of minority shareholders": 392,
        "Total Cost of profits": 462,
        "Profit after tax corporate income": 31344,
        "Volume": 44535404,
        "Close of Quarter": 5.6,
        "EPS": 939.2,
        "Non-adjusted EPS": 958,
        "PE": 5.9,
        "Book Price": 14.3
      }
    },
    {
      "quarter": "Q3 2015",
      "income status": {
        "Net sales": 571849,
        "Cost of goods sold": 440935,
        "Gross Profit": 130914,
        "Financial expenses": 31161,
        "Of which: Interest expense": 7655,
        "Cost of sales": 48797,
        "Enterprise cost management": 26899,
        "Total Operating Expenses": 106857,
        "Total revenue financing activities": 9646,
        "Net profit from business activities": 33703,
        "Profit": 1135,
        "Profit before tax": 34839,
        "Present corporate income tax expenses": -39,
        "Deferred income taxes expenses": "N/A",
        "The interests of minority shareholders": -92,
        "Total Cost of profits": -131,
        "Profit after tax corporate income": 34970,
        "Volume": 44535404,
        "Close of Quarter": 4.5,
        "EPS": 286.3,
        "Non-adjusted EPS": 292,
        "PE": 15.4,
        "Book Price": 13.5
      }
    },
    {
      "quarter": "Q2 2015",
      "income status": {
        "Net sales": 533680,
        "Cost of goods sold": 445046,
        "Gross Profit": 88634,
        "Financial expenses": 23154,
        "Of which: Interest expense": 8050,
        "Cost of sales": 46276,
        "Enterprise cost management": 27983,
        "Total Operating Expenses": 97413,
        "Total revenue financing activities": 5143,
        "Net profit from business activities": -3636,
        "Profit": 853,
        "Profit before tax": -2783,
        "Present corporate income tax expenses": -39,
        "Deferred income taxes expenses": "N/A",
        "The interests of minority shareholders": 21031,
        "Total Cost of profits": 20992,
        "Profit after tax corporate income": -23775,
        "Volume": 44535404,
        "Close of Quarter": 4.4,
        "EPS": -445.1,
        "Non-adjusted EPS": -454,
        "PE": -9.7,
        "Book Price": 12.8
      }
    },
    {
      "quarter": "Q1 2015",
      "income status": {
        "Net sales": 451985,
        "Cost of goods sold": 391746,
        "Gross Profit": 60239,
        "Financial expenses": 13784,
        "Of which: Interest expense": 7798,
        "Cost of sales": 48756,
        "Enterprise cost management": 25486,
        "Total Operating Expenses": 88026,
        "Total revenue financing activities": 4205,
        "Net profit from business activities": -23582,
        "Profit": 2613,
        "Profit before tax": -20969,
        "Present corporate income tax expenses": 39,
        "Deferred income taxes expenses": "N/A",
        "The interests of minority shareholders": -21155,
        "Total Cost of profits": -21116,
        "Profit after tax corporate income": 147,
        "Volume": 44535404,
        "Close of Quarter": 5.7,
        "EPS": 66.7,
        "Non-adjusted EPS": 68,
        "PE": 84.4,
        "Book Price": 12.8
      }
    },
    {
      "quarter": "Q4 2014",
      "income status": {
        "Net sales": 633576,
        "Cost of goods sold": 536045,
        "Gross Profit": 97531,
        "Financial expenses": 11828,
        "Of which: Interest expense": 8327,
        "Cost of sales": 58872,
        "Enterprise cost management": 27687,
        "Total Operating Expenses": 98387,
        "Total revenue financing activities": 1514,
        "Net profit from business activities": 659,
        "Profit": 1130,
        "Profit before tax": 1788,
        "Present corporate income tax expenses": 85,
        "Deferred income taxes expenses": "N/A",
        "The interests of minority shareholders": 38,
        "Total Cost of profits": 123,
        "Profit after tax corporate income": 1666,
        "Volume": 44535404,
        "Close of Quarter": 6.1,
        "EPS": 77.5,
        "Non-adjusted EPS": 79,
        "PE": 77.5,
        "Book Price": 13.3
      }
    },
    {
      "quarter": "Q3 2014",
      "income status": {
        "Net sales": 623491,
        "Cost of goods sold": 526773,
        "Gross Profit": 96718,
        "Financial expenses": 12257,
        "Of which: Interest expense": 7921,
        "Cost of sales": 57881,
        "Enterprise cost management": 26156,
        "Total Operating Expenses": 96294,
        "Total revenue financing activities": 414,
        "Net profit from business activities": 839,
        "Profit": 1186,
        "Profit before tax": 2024,
        "Present corporate income tax expenses": 38,
        "Deferred income taxes expenses": "N/A",
        "The interests of minority shareholders": 265,
        "Total Cost of profits": 303,
        "Profit after tax corporate income": 1721,
        "Volume": 44535404,
        "Close of Quarter": 4.7,
        "EPS": 526.5,
        "Non-adjusted EPS": 537,
        "PE": 8.7,
        "Book Price": 13.3
      }
    },
    {
      "quarter": "Q2 2014",
      "income status": {
        "Net sales": 607362,
        "Cost of goods sold": 526692,
        "Gross Profit": 80670,
        "Financial expenses": 16899,
        "Of which: Interest expense": 8053,
        "Cost of sales": 44871,
        "Enterprise cost management": 25100,
        "Total Operating Expenses": 86870,
        "Total revenue financing activities": 2162,
        "Net profit from business activities": -4038,
        "Profit": 3290,
        "Profit before tax": -748,
        "Present corporate income tax expenses": "N/A",
        "Deferred income taxes expenses": "N/A",
        "The interests of minority shareholders": -254,
        "Total Cost of profits": -254,
        "Profit after tax corporate income": -494,
        "Volume": 44535404,
        "Close of Quarter": 5.4,
        "EPS": 297.1,
        "Non-adjusted EPS": 303,
        "PE": 17.7,
        "Book Price": 13.3
      }
    },
    {
      "quarter": "Q1 2014",
      "income status": {
        "Net sales": 393799,
        "Cost of goods sold": 326950,
        "Gross Profit": 66849,
        "Financial expenses": 10824,
        "Of which: Interest expense": 8033,
        "Cost of sales": 36176,
        "Enterprise cost management": 22481,
        "Total Operating Expenses": 69481,
        "Total revenue financing activities": 167,
        "Net profit from business activities": -2466,
        "Profit": 2991,
        "Profit before tax": 525,
        "Present corporate income tax expenses": "N/A",
        "Deferred income taxes expenses": "N/A",
        "The interests of minority shareholders": -98,
        "Total Cost of profits": -98,
        "Profit after tax corporate income": 623,
        "Volume": 44535404,
        "Close of Quarter": 5.7,
        "EPS": -286.3,
        "Non-adjusted EPS": -292,
        "PE": -19.7,
        "Book Price": 13.3
      }
    },
    {
      "quarter": "Q4 2013",
      "income status": {
        "Net sales": 556593,
        "Cost of goods sold": 462544,
        "Gross Profit": 94049,
        "Financial expenses": 11685,
        "Of which: Interest expense": 8133,
        "Cost of sales": 42473,
        "Enterprise cost management": 21935,
        "Total Operating Expenses": 76093,
        "Total revenue financing activities": 792,
        "Net profit from business activities": 18749,
        "Profit": 4087,
        "Profit before tax": 22836,
        "Present corporate income tax expenses": 517,
        "Deferred income taxes expenses": "N/A",
        "The interests of minority shareholders": 234,
        "Total Cost of profits": 751,
        "Profit after tax corporate income": 22085,
        "Volume": 44535404,
        "Close of Quarter": 3.7,
        "EPS": -1270.6,
        "Non-adjusted EPS": -1296,
        "PE": -2.9,
        "Book Price": 12.9
      }
    },
    {
      "quarter": "Q3 2013",
      "income status": {
        "Net sales": 519142,
        "Cost of goods sold": 450369,
        "Gross Profit": 68772,
        "Financial expenses": 5498,
        "Of which: Interest expense": 6967,
        "Cost of sales": 48626,
        "Enterprise cost management": 24127,
        "Total Operating Expenses": 78251,
        "Total revenue financing activities": 332,
        "Net profit from business activities": -9147,
        "Profit": 630,
        "Profit before tax": -8517,
        "Present corporate income tax expenses": 82,
        "Deferred income taxes expenses": "N/A",
        "The interests of minority shareholders": 124,
        "Total Cost of profits": 206,
        "Profit after tax corporate income": -8723,
        "Volume": 43237352,
        "Close of Quarter": 3.1,
        "EPS": -1519.1,
        "Non-adjusted EPS": -1596,
        "PE": -1.9,
        "Book Price": 12.5
      }
    },
    {
      "quarter": "Q2 2013",
      "income status": {
        "Net sales": 511589,
        "Cost of goods sold": 459905,
        "Gross Profit": 51684,
        "Financial expenses": 20810,
        "Of which: Interest expense": 8900,
        "Cost of sales": 41754,
        "Enterprise cost management": 21095,
        "Total Operating Expenses": 83659,
        "Total revenue financing activities": 3973,
        "Net profit from business activities": -28002,
        "Profit": 1494,
        "Profit before tax": -26507,
        "Present corporate income tax expenses": 130,
        "Deferred income taxes expenses": "N/A",
        "The interests of minority shareholders": 330,
        "Total Cost of profits": 460,
        "Profit after tax corporate income": -26968,
        "Volume": 43237352,
        "Close of Quarter": 3.4,
        "EPS": -1124.1,
        "Non-adjusted EPS": -1181,
        "PE": -2.9,
        "Book Price": 13.0
      }
    },
    {
      "quarter": "Q1 2013",
      "income status": {
        "Net sales": 324602,
        "Cost of goods sold": 306184,
        "Gross Profit": 18418,
        "Financial expenses": 9273,
        "Of which: Interest expense": 8058,
        "Cost of sales": 36361,
        "Enterprise cost management": 18589,
        "Total Operating Expenses": 64223,
        "Total revenue financing activities": 893,
        "Net profit from business activities": -44913,
        "Profit": 650,
        "Profit before tax": -44263,
        "Present corporate income tax expenses": "N/A",
        "Deferred income taxes expenses": "N/A",
        "The interests of minority shareholders": -135,
        "Total Cost of profits": -135,
        "Profit after tax corporate income": -44128,
        "Volume": 43237352,
        "Close of Quarter": 3.7,
        "EPS": -513.0,
        "Non-adjusted EPS": -539,
        "PE": -6.9,
        "Book Price": 13.6
      }
    },
    {
      "quarter": "Q4 2012",
      "income status": {
        "Net sales": 459076,
        "Cost of goods sold": 395449,
        "Gross Profit": 63627,
        "Financial expenses": 10208,
        "Of which: Interest expense": 8704,
        "Cost of sales": 26856,
        "Enterprise cost management": 16877,
        "Total Operating Expenses": 53941,
        "Total revenue financing activities": 1098,
        "Net profit from business activities": 10784,
        "Profit": 1290,
        "Profit before tax": 12074,
        "Present corporate income tax expenses": 779,
        "Deferred income taxes expenses": "N/A",
        "The interests of minority shareholders": 477,
        "Total Cost of profits": 1256,
        "Profit after tax corporate income": 10818,
        "Volume": 43237352,
        "Close of Quarter": 3.8,
        "EPS": 32.4,
        "Non-adjusted EPS": 34,
        "PE": 111.2,
        "Book Price": 14.7
      }
    },
    {
      "quarter": "Q3 2012",
      "income status": {
        "Net sales": 460137,
        "Cost of goods sold": 374034,
        "Gross Profit": 86103,
        "Financial expenses": 10223,
        "Of which: Interest expense": 8759,
        "Cost of sales": 46840,
        "Enterprise cost management": 22379,
        "Total Operating Expenses": 79442,
        "Total revenue financing activities": 1590,
        "Net profit from business activities": 8251,
        "Profit": 703,
        "Profit before tax": 8954,
        "Present corporate income tax expenses": "N/A",
        "Deferred income taxes expenses": "N/A",
        "The interests of minority shareholders": -240,
        "Total Cost of profits": -240,
        "Profit after tax corporate income": 9194,
        "Volume": 43237352,
        "Close of Quarter": 4.0,
        "EPS": -24.8,
        "Non-adjusted EPS": -26,
        "PE": -151.9,
        "Book Price": 15.0
      }
    },
    {
      "quarter": "Q2 2012",
      "income status": {
        "Net sales": 413960,
        "Cost of goods sold": 342176,
        "Gross Profit": 71784,
        "Financial expenses": 10564,
        "Of which: Interest expense": 7737,
        "Cost of sales": 42900,
        "Enterprise cost management": 21791,
        "Total Operating Expenses": 75255,
        "Total revenue financing activities": 2586,
        "Net profit from business activities": -886,
        "Profit": 1806,
        "Profit before tax": 920,
        "Present corporate income tax expenses": 10,
        "Deferred income taxes expenses": "N/A",
        "The interests of minority shareholders": 80,
        "Total Cost of profits": 90,
        "Profit after tax corporate income": 830,
        "Volume": 40793130,
        "Close of Quarter": 4.7,
        "EPS": 426.6,
        "Non-adjusted EPS": 475,
        "PE": 10.0,
        "Book Price": 14.8
      }
    },
    {
      "quarter": "Q1 2012",
      "income status": {
        "Net sales": 318754,
        "Cost of goods sold": 274871,
        "Gross Profit": 43883,
        "Financial expenses": 9822,
        "Of which: Interest expense": 6877,
        "Cost of sales": 36412,
        "Enterprise cost management": 19222,
        "Total Operating Expenses": 65456,
        "Total revenue financing activities": 820,
        "Net profit from business activities": -20754,
        "Profit": 1173,
        "Profit before tax": -19582,
        "Present corporate income tax expenses": "N/A",
        "Deferred income taxes expenses": "N/A",
        "The interests of minority shareholders": -216,
        "Total Cost of profits": -216,
        "Profit after tax corporate income": -19366,
        "Volume": 40793130,
        "Close of Quarter": 4.9,
        "EPS": 938.4,
        "Non-adjusted EPS": 1045,
        "PE": 4.7,
        "Book Price": 14.8
      }
    },
    {
      "quarter": "Q4 2011",
      "income status": {
        "Net sales": 364428,
        "Cost of goods sold": 290877,
        "Gross Profit": 73552,
        "Financial expenses": 14630,
        "Of which: Interest expense": 3909,
        "Cost of sales": 40488,
        "Enterprise cost management": 17480,
        "Total Operating Expenses": 72598,
        "Total revenue financing activities": 7507,
        "Net profit from business activities": 8460,
        "Profit": 1392,
        "Profit before tax": 98779,
        "Present corporate income tax expenses": 2214,
        "Deferred income taxes expenses": "N/A",
        "The interests of minority shareholders": -584,
        "Total Cost of profits": 1630,
        "Profit after tax corporate income": 8222,
        "Volume": 40793130,
        "Close of Quarter": 3.8,
        "EPS": 1764.6,
        "Non-adjusted EPS": 1965,
        "PE": 1.9,
        "Book Price": 15.2
      }
    },
    {
      "quarter": "Q3 2011",
      "income status": {
        "Net sales": 389849,
        "Cost of goods sold": 291975,
        "Gross Profit": 97874,
        "Financial expenses": 10515,
        "Of which: Interest expense": 3626,
        "Cost of sales": 37111,
        "Enterprise cost management": 17903,
        "Total Operating Expenses": 65529,
        "Total revenue financing activities": 2769,
        "Net profit from business activities": 35114,
        "Profit": 1092,
        "Profit before tax": 36206,
        "Present corporate income tax expenses": 6525,
        "Deferred income taxes expenses": "N/A",
        "The interests of minority shareholders": "N/A",
        "Total Cost of profits": 6525,
        "Profit after tax corporate income": 29680,
        "Volume": 40793130,
        "Close of Quarter": 4.5,
        "EPS": 2228.9,
        "Non-adjusted EPS": 2482,
        "PE": 1.8,
        "Book Price": 15
      }
    },
    {
      "quarter": "Q2 2011",
      "income status": {
        "Net sales": 356566,
        "Cost of goods sold": 266537,
        "Gross Profit": 90029,
        "Financial expenses": 15462,
        "Of which: Interest expense": 3734,
        "Cost of sales": 33755,
        "Enterprise cost management": 15572,
        "Total Operating Expenses": 64789,
        "Total revenue financing activities": 4392,
        "Net profit from business activities": 29631,
        "Profit": 493,
        "Profit before tax": 30124,
        "Present corporate income tax expenses": 6030,
        "Deferred income taxes expenses": "N/A",
        "The interests of minority shareholders": "N/A",
        "Total Cost of profits": 6030,
        "Profit after tax corporate income": 24093,
        "Volume": 38485294,
        "Close of Quarter": 5.0,
        "EPS": 2152.0,
        "Non-adjusted EPS": 2540,
        "PE": 2.0,
        "Book Price": 14.8
      }
    },
    {
      "quarter": "Q1 2011",
      "income status": {
        "Net sales": 309001,
        "Cost of goods sold": 235417,
        "Gross Profit": 73584,
        "Financial expenses": 14426,
        "Of which: Interest expense": 3551,
        "Cost of sales": 31101,
        "Enterprise cost management": 15286,
        "Total Operating Expenses": 60813,
        "Total revenue financing activities": 7688,
        "Net profit from business activities": 20459,
        "Profit": 969,
        "Profit before tax": 21428,
        "Present corporate income tax expenses": 3264,
        "Deferred income taxes expenses": "N/A",
        "The interests of minority shareholders": "N/A",
        "Total Cost of profits": 3264,
        "Profit after tax corporate income": 18164,
        "Volume": 38485294,
        "Close of Quarter": 5.6,
        "EPS": 1816.5,
        "Non-adjusted EPS": 2144,
        "PE": 2.6,
        "Book Price": 14.2
      }
    },
    {
      "quarter": "Q4 2010",
      "income status": {
        "Net sales": 325417,
        "Cost of goods sold": 236984,
        "Gross Profit": 88433,
        "Financial expenses": 6694,
        "Of which: Interest expense": 3829,
        "Cost of sales": 31873,
        "Enterprise cost management": 18498,
        "Total Operating Expenses": 57065,
        "Total revenue financing activities": 3109,
        "Net profit from business activities": 34477,
        "Profit": 387,
        "Profit before tax": 34864,
        "Present corporate income tax expenses": 5555,
        "Deferred income taxes expenses": "N/A",
        "The interests of minority shareholders": "N/A",
        "Total Cost of profits": 5555,
        "Profit after tax corporate income": 29309,
        "Volume": 38485294,
        "Close of Quarter": 5.7,
        "EPS": 1429.3,
        "Non-adjusted EPS": 1687,
        "PE": 3.4,
        "Book Price": 14.0
      }
    },
    {
      "quarter": "Q3 2010",
      "income status": {
        "Net sales": 309908,
        "Cost of goods sold": 228496,
        "Gross Profit": 81411,
        "Financial expenses": 14016,
        "Of which: Interest expense": 4135,
        "Cost of sales": 30805,
        "Enterprise cost management": 11302,
        "Total Operating Expenses": 56123,
        "Total revenue financing activities": 6363,
        "Net profit from business activities": 31652,
        "Profit": -671,
        "Profit before tax": 30981,
        "Present corporate income tax expenses": 4793,
        "Deferred income taxes expenses": "N/A",
        "The interests of minority shareholders": "N/A",
        "Total Cost of profits": 4793,
        "Profit after tax corporate income": 26188,
        "Volume": 38485294,
        "Close of Quarter": 5.1,
        "EPS": 1163.2,
        "Non-adjusted EPS": 1373,
        "PE": 3.7,
        "Book Price": 13.4
      }
    },
    {
      "quarter": "Q2 2010",
      "income status": {
        "Net sales": 311641,
        "Cost of goods sold": 245307,
        "Gross Profit": 66334,
        "Financial expenses": 8435,
        "Of which: Interest expense": 4569,
        "Cost of sales": 7846,
        "Enterprise cost management": 41895,
        "Total Operating Expenses": 58176,
        "Total revenue financing activities": 1852,
        "Net profit from business activities": 10010,
        "Profit": 410,
        "Profit before tax": 10420,
        "Present corporate income tax expenses": 1562,
        "Deferred income taxes expenses": "N/A",
        "The interests of minority shareholders": "N/A",
        "Total Cost of profits": 1562,
        "Profit after tax corporate income": 8858,
        "Volume": 37007997,
        "Close of Quarter": 5.9,
        "EPS": 796.8,
        "Non-adjusted EPS": 978,
        "PE": 6.0,
        "Book Price": 12.9
      }
    },
    {
      "quarter": "Q1 2010",
      "income status": {
        "Net sales": 244764,
        "Cost of goods sold": 190783,
        "Gross Profit": 53980,
        "Financial expenses": 13286,
        "Of which: Interest expense": 5576,
        "Cost of sales": 5963,
        "Enterprise cost management": 38275,
        "Total Operating Expenses": 57524,
        "Total revenue financing activities": 3779,
        "Net profit from business activities": 235,
        "Profit": 420,
        "Profit before tax": 655,
        "Present corporate income tax expenses": 98,
        "Deferred income taxes expenses": "N/A",
        "The interests of minority shareholders": "N/A",
        "Total Cost of profits": 98,
        "Profit after tax corporate income": 557,
        "Volume": 37007997,
        "Close of Quarter": 5.3,
        "EPS": 247.7,
        "Non-adjusted EPS": 304,
        "PE": 17.4,
        "Book Price": 13.0
      }
    },
    {
      "quarter": "Q4 2009",
      "income status": {
        "Net sales": 307933,
        "Cost of goods sold": 237846,
        "Gross Profit": 70087,
        "Financial expenses": 14135,
        "Of which: Interest expense": 5646,
        "Cost of sales": 9250,
        "Enterprise cost management": 30521,
        "Total Operating Expenses": 53906,
        "Total revenue financing activities": 4303,
        "Net profit from business activities": 20484,
        "Profit": 111,
        "Profit before tax": 20596,
        "Present corporate income tax expenses": 3363,
        "Deferred income taxes expenses": "N/A",
        "The interests of minority shareholders": "N/A",
        "Total Cost of profits": 3363,
        "Profit after tax corporate income": 17233,
        "Volume": 37007997,
        "Close of Quarter": 5.1,
        "EPS": 23.6,
        "Non-adjusted EPS": 29,
        "PE": 176.2,
        "Book Price": 13.0
      }
    },
    {
      "quarter": "Q3 2009",
      "income status": {
        "Net sales": 256794,
        "Cost of goods sold": 207854,
        "Gross Profit": 48941,
        "Financial expenses": 8506,
        "Of which: Interest expense": 5799,
        "Cost of sales": 6602,
        "Enterprise cost management": 24880,
        "Total Operating Expenses": 39988,
        "Total revenue financing activities": 1748,
        "Net profit from business activities": 10700,
        "Profit": 525,
        "Profit before tax": 11226,
        "Present corporate income tax expenses": 1684,
        "Deferred income taxes expenses": "N/A",
        "The interests of minority shareholders": "N/A",
        "Total Cost of profits": 1684,
        "Profit after tax corporate income": 9542,
        "Volume": 37007997,
        "Close of Quarter": 5.7,
        "EPS": -348.7,
        "Non-adjusted EPS": -428,
        "PE": -13.3,
        "Book Price": 12.6
      }
    },
    {
      "quarter": "Q2 2009",
      "income status": {
        "Net sales": 228505,
        "Cost of goods sold": 205443,
        "Gross Profit": 23062,
        "Financial expenses": 13300,
        "Of which: Interest expense": 6759,
        "Cost of sales": 6461,
        "Enterprise cost management": 23808,
        "Total Operating Expenses": 43569,
        "Total revenue financing activities": 4446,
        "Net profit from business activities": -16061,
        "Profit": -36,
        "Profit before tax": -16097,
        "Present corporate income tax expenses": "N/A",
        "Deferred income taxes expenses": "N/A",
        "The interests of minority shareholders": "N/A",
        "Total Cost of profits": 0,
        "Profit after tax corporate income": -16097,
        "Volume": 35584645,
        "Close of Quarter": 6.1,
        "EPS": 64.2,
        "Non-adjusted EPS": 82,
        "PE": 74.5,
        "Book Price": 12.7
      }
    },
    {
      "quarter": "Q1 2009",
      "income status": {
        "Net sales": 128505,
        "Cost of goods sold": 106769,
        "Gross Profit": 21736,
        "Financial expenses": 8789,
        "Of which: Interest expense": 6974,
        "Cost of sales": 5414,
        "Enterprise cost management": 20535,
        "Total Operating Expenses": 34738,
        "Total revenue financing activities": 3280,
        "Net profit from business activities": -9723,
        "Profit": 103,
        "Profit before tax": -9620,
        "Present corporate income tax expenses": "N/A",
        "Deferred income taxes expenses": "N/A",
        "The interests of minority shareholders": "N/A",
        "Total Cost of profits": 0,
        "Profit after tax corporate income": -9620,
        "Volume": 35584645,
        "Close of Quarter": 3.4,
        "EPS": 358.8,
        "Non-adjusted EPS": 458,
        "PE": 7.5,
        "Book Price": 13.1
      }
    },
    {
      "quarter": "Q4 2008",
      "income status": {
        "Net sales": 217519,
        "Cost of goods sold": 167096,
        "Gross Profit": 50422,
        "Financial expenses": 18921,
        "Of which: Interest expense": 5407,
        "Cost of sales": 5656,
        "Enterprise cost management": 32668,
        "Total Operating Expenses": 57245,
        "Total revenue financing activities": 6889,
        "Net profit from business activities": 66,
        "Profit": 308,
        "Profit before tax": 375,
        "Present corporate income tax expenses": 29,
        "Deferred income taxes expenses": "N/A",
        "The interests of minority shareholders": "N/A",
        "Total Cost of profits": 29,
        "Profit after tax corporate income": 346,
        "Volume": 35584645,
        "Close of Quarter": 4.3,
        "EPS": 813.1,
        "Non-adjusted EPS": 1038,
        "PE": 4.1,
        "Book Price": 13.2
      }
    },
    {
      "quarter": "Q3 2008",
      "income status": {
        "Net sales": 298632,
        "Cost of goods sold": 219089,
        "Gross Profit": 79543,
        "Financial expenses": 12362,
        "Of which: Interest expense": 5858,
        "Cost of sales": 6843,
        "Enterprise cost management": 43237,
        "Total Operating Expenses": 62442,
        "Total revenue financing activities": 11096,
        "Net profit from business activities": 28196,
        "Profit": 2389,
        "Profit before tax": 30585,
        "Present corporate income tax expenses": 2299,
        "Deferred income taxes expenses": "N/A",
        "The interests of minority shareholders": "N/A",
        "Total Cost of profits": 2299,
        "Profit after tax corporate income": 28285,
        "Volume": 35584645,
        "Close of Quarter": 7.3,
        "EPS": 1176.6,
        "Non-adjusted EPS": 1502,
        "PE": 4.9,
        "Book Price": 13.2
      }
    },
    {
      "quarter": "Q2 2008",
      "income status": {
        "Net sales": 294556,
        "Cost of goods sold": 233812,
        "Gross Profit": 60744,
        "Financial expenses": 34269,
        "Of which: Interest expense": 7333,
        "Cost of sales": 12076,
        "Enterprise cost management": 29381,
        "Total Operating Expenses": 75726,
        "Total revenue financing activities": 12078,
        "Net profit from business activities": -2905,
        "Profit": 200,
        "Profit before tax": -2705,
        "Present corporate income tax expenses": "N/A",
        "Deferred income taxes expenses": "N/A",
        "The interests of minority shareholders": "N/A",
        "Total Cost of profits": 0,
        "Profit after tax corporate income": -2705,
        "Volume": 33570425,
        "Close of Quarter": 6.3,
        "EPS": 1155.8,
        "Non-adjusted EPS": 1564,
        "PE": 4.1,
        "Book Price": 13.1
      }
    },
    {
      "quarter": "Q1 2008",
      "income status": {
        "Net sales": 265382,
        "Cost of goods sold": 217524,
        "Gross Profit": 47859,
        "Financial expenses": 13787,
        "Of which: Interest expense": 9030,
        "Cost of sales": 7295,
        "Enterprise cost management": 19767,
        "Total Operating Expenses": 40849,
        "Total revenue financing activities": 4028,
        "Net profit from business activities": 11036,
        "Profit": 867,
        "Profit before tax": 11903,
        "Present corporate income tax expenses": 893,
        "Deferred income taxes expenses": "N/A",
        "The interests of minority shareholders": "N/A",
        "Total Cost of profits": 893,
        "Profit after tax corporate income": 11011,
        "Volume": 33570425,
        "Close of Quarter": 7.8,
        "EPS": 1639.9,
        "Non-adjusted EPS": 2219,
        "PE": 3.5,
        "Book Price": 13.2
      }
    },
    {
      "quarter": "Q4 2007",
      "income status": {
        "Net sales": 288691,
        "Cost of goods sold": 218610,
        "Gross Profit": 70080,
        "Financial expenses": 10763,
        "Of which: Interest expense": 9763,
        "Cost of sales": 10396,
        "Enterprise cost management": 35753,
        "Total Operating Expenses": 56912,
        "Total revenue financing activities": 4928,
        "Net profit from business activities": 18097,
        "Profit": 127,
        "Profit before tax": 18224,
        "Present corporate income tax expenses": 1367,
        "Deferred income taxes expenses": "N/A",
        "The interests of minority shareholders": "N/A",
        "Total Cost of profits": 1367,
        "Profit after tax corporate income": 16857,
        "Volume": 33570425,
        "Close of Quarter": 14.0,
        "EPS": 1724.9,
        "Non-adjusted EPS": 2334,
        "PE": 6.0,
        "Book Price": 13.1
      }
    },
    {
      "quarter": "Q3 2007",
      "income status": {
        "Net sales": 344399,
        "Cost of goods sold": 259313,
        "Gross Profit": 85087,
        "Financial expenses": 15624,
        "Of which: Interest expense": 11167,
        "Cost of sales": 7768,
        "Enterprise cost management": 37343,
        "Total Operating Expenses": 60735,
        "Total revenue financing activities": 5127,
        "Net profit from business activities": 29479,
        "Profit": 84,
        "Profit before tax": 29563,
        "Present corporate income tax expenses": 2217,
        "Deferred income taxes expenses": "N/A",
        "The interests of minority shareholders": "N/A",
        "Total Cost of profits": 2217,
        "Profit after tax corporate income": 27346,
        "Volume": 33570425,
        "Close of Quarter": 14.7,
        "EPS": 1679.1,
        "Non-adjusted EPS": 2272,
        "PE": 6.5,
        "Book Price": 12.6
      }
    },
    {
      "quarter": "Q2 2007",
      "income status": {
        "Net sales": 305123,
        "Cost of goods sold": 240332,
        "Gross Profit": 64790,
        "Financial expenses": 8862,
        "Of which: Interest expense": 5211,
        "Cost of sales": 7018,
        "Enterprise cost management": 30017,
        "Total Operating Expenses": 45897,
        "Total revenue financing activities": 1537,
        "Net profit from business activities": 20431,
        "Profit": 428,
        "Profit before tax": 20858,
        "Present corporate income tax expenses": 1564,
        "Deferred income taxes expenses": "N/A",
        "The interests of minority shareholders": "N/A",
        "Total Cost of profits": 1564,
        "Profit after tax corporate income": 19294,
        "Volume": 29973594,
        "Close of Quarter": 14.7,
        "EPS": 1344.8,
        "Non-adjusted EPS": 2038,
        "PE": 7.2,
        "Book Price": 12.1
      }
    },
    {
      "quarter": "Q1 2007",
      "income status": {
        "Net sales": 207167,
        "Cost of goods sold": 158149,
        "Gross Profit": 49019,
        "Financial expenses": 6566,
        "Of which: Interest expense": 4960,
        "Cost of sales": 6333,
        "Enterprise cost management": 23435,
        "Total Operating Expenses": 36334,
        "Total revenue financing activities": 3091,
        "Net profit from business activities": 15775,
        "Profit": 279,
        "Profit before tax": 16053,
        "Present corporate income tax expenses": 1204,
        "Deferred income taxes expenses": "N/A",
        "The interests of minority shareholders": "N/A",
        "Total Cost of profits": 1204,
        "Profit after tax corporate income": 14849,
        "Volume": 29973594,
        "Close of Quarter": 15.4,
        "EPS": 1464.2,
        "Non-adjusted EPS": 2219,
        "PE": 7.0,
        "Book Price": 11.7
      }
    },
    {
      "quarter": "Q4 2006",
      "income status": {
        "Net sales": 205852,
        "Cost of goods sold": 153234,
        "Gross Profit": 52618,
        "Financial expenses": 7236,
        "Of which: Interest expense": "N/A",
        "Cost of sales": 7488,
        "Enterprise cost management": 23220,
        "Total Operating Expenses": 37944,
        "Total revenue financing activities": 2526,
        "Net profit from business activities": 17200,
        "Profit": 185,
        "Profit before tax": 17386,
        "Present corporate income tax expenses": 2608,
        "Deferred income taxes expenses": "N/A",
        "The interests of minority shareholders": "N/A",
        "Total Cost of profits": 2608,
        "Profit after tax corporate income": 14778,
        "Volume": 29973594,
        "Close of Quarter": 15.3,
        "EPS": 1238.5,
        "Non-adjusted EPS": 1877,
        "PE": 8.2,
        "Book Price": 11.3
      }
    },
    {
      "quarter": "Q3 2006",
      "income status": {
        "Net sales": 180499,
        "Cost of goods sold": 132124,
        "Gross Profit": 48375,
        "Financial expenses": 5393,
        "Of which: Interest expense": 3996,
        "Cost of sales": 5971,
        "Enterprise cost management": 23203,
        "Total Operating Expenses": 34567,
        "Total revenue financing activities": 301,
        "Net profit from business activities": 14109,
        "Profit": 217,
        "Profit before tax": 14326,
        "Present corporate income tax expenses": 2149,
        "Deferred income taxes expenses": "N/A",
        "The interests of minority shareholders": "N/A",
        "Total Cost of profits": 2149,
        "Profit after tax corporate income": 12177,
        "Volume": 29973594,
        "Close of Quarter": "N/A",
        "EPS": 913.2,
        "Non-adjusted EPS": 1384,
        "PE": "N/A",
        "Book Price": 8.0
      }
    },
    {
      "quarter": "Q2 2006",
      "income status": {
        "Net sales": 169549,
        "Cost of goods sold": 114213,
        "Gross Profit": 55337,
        "Financial expenses": 3468,
        "Of which: Interest expense": 2339,
        "Cost of sales": 5340,
        "Enterprise cost management": 18452,
        "Total Operating Expenses": 27260,
        "Total revenue financing activities": 899,
        "Net profit from business activities": 28976,
        "Profit": 89,
        "Profit before tax": 29064,
        "Present corporate income tax expenses": 4360,
        "Deferred income taxes expenses": "N/A",
        "The interests of minority shareholders": "N/A",
        "Total Cost of profits": 4360,
        "Profit after tax corporate income": 24705,
        "Volume": 29973594,
        "Close of Quarter": "N/A",
        "EPS": 645.3,
        "Non-adjusted EPS": 978,
        "PE": "N/A",
        "Book Price": "N/A"
      }
    },
    {
      "quarter": "Q1 2006",
      "income status": {
        "Net sales": 120196,
        "Cost of goods sold": 90622,
        "Gross Profit": 29573,
        "Financial expenses": 3916,
        "Of which: Interest expense": 3594,
        "Cost of sales": 5442,
        "Enterprise cost management": 15440,
        "Total Operating Expenses": 24798,
        "Total revenue financing activities": 566,
        "Net profit from business activities": 5341,
        "Profit": 74,
        "Profit before tax": 5415,
        "Present corporate income tax expenses": 812,
        "Deferred income taxes expenses": "N/A",
        "The interests of minority shareholders": "N/A",
        "Total Cost of profits": 812,
        "Profit after tax corporate income": 4602,
        "Volume": 29973594,
        "Close of Quarter": "N/A",
        "EPS": 101.6,
        "Non-adjusted EPS": 154,
        "PE": "N/A",
        "Book Price": "N/A"
      }
    }
  ]
}