{
  "ticker": "HPB",
  "data": [
    {
      "quarter": "Q2 2013",
      "income status": {
        "Net sales": 72287,
        "Cost of goods sold": 63517,
        "Gross Profit": 8769,
        "Financial expenses": 287,
        "Of which: Interest expense": 151,
        "Cost of sales": 1501,
        "Enterprise cost management": 2031,
        "Total Operating Expenses": 3819,
        "Total revenue financing activities": 161,
        "Net profit from business activities": 5110,
        "Profit": 40,
        "Profit before tax": 5150,
        "Present corporate income tax expenses": 1172,
        "Deferred income taxes expenses": 13,
        "The interests of minority shareholders": 139,
        "Total Cost of profits": 1324,
        "Profit after tax corporate income": 3826,
        "Volume": 3657200,
        "Close of Quarter": 7.5,
        "EPS": 3946,
        "Non-adjusted EPS": 3946,
        "PE": 1.9,
        "Book Price": 22.6
      }
    },
    {
      "quarter": "Q1 2013",
      "income status": {
        "Net sales": 60732,
        "Cost of goods sold": 54975,
        "Gross Profit": 5757,
        "Financial expenses": 129,
        "Of which: Interest expense": 112,
        "Cost of sales": 1248,
        "Enterprise cost management": 1577,
        "Total Operating Expenses": 2954,
        "Total revenue financing activities": 247,
        "Net profit from business activities": 3050,
        "Profit": 552,
        "Profit before tax": 3602,
        "Present corporate income tax expenses": 555,
        "Deferred income taxes expenses": "N/A",
        "The interests of minority shareholders": 116,
        "Total Cost of profits": 671,
        "Profit after tax corporate income": 2932,
        "Volume": 3657200,
        "Close of Quarter": 7.2,
        "EPS": 4049,
        "Non-adjusted EPS": 4049,
        "PE": 1.8,
        "Book Price": 23.1
      }
    },
    {
      "quarter": "Q4 2012",
      "income status": {
        "Net sales": 64229,
        "Cost of goods sold": 56505,
        "Gross Profit": 7723,
        "Financial expenses": 304,
        "Of which: Interest expense": 288,
        "Cost of sales": 1224,
        "Enterprise cost management": 2359,
        "Total Operating Expenses": 3887,
        "Total revenue financing activities": 540,
        "Net profit from business activities": 4377,
        "Profit": 708,
        "Profit before tax": 5085,
        "Present corporate income tax expenses": 341,
        "Deferred income taxes expenses": "N/A",
        "The interests of minority shareholders": 161,
        "Total Cost of profits": 502,
        "Profit after tax corporate income": 4582,
        "Volume": 3657200,
        "Close of Quarter": 7.2,
        "EPS": 3780,
        "Non-adjusted EPS": 3780,
        "PE": 1.9,
        "Book Price": 22.8
      }
    },
    {
      "quarter": "Q3 2012",
      "income status": {
        "Net sales": 59940,
        "Cost of goods sold": 53234,
        "Gross Profit": 6706,
        "Financial expenses": 288,
        "Of which: Interest expense": 266,
        "Cost of sales": 1030,
        "Enterprise cost management": 1685,
        "Total Operating Expenses": 3003,
        "Total revenue financing activities": 204,
        "Net profit from business activities": 3907,
        "Profit": 204,
        "Profit before tax": 4111,
        "Present corporate income tax expenses": 865,
        "Deferred income taxes expenses": "N/A",
        "The interests of minority shareholders": 156,
        "Total Cost of profits": 1021,
        "Profit after tax corporate income": 3090,
        "Volume": 3657200,
        "Close of Quarter": 5.7,
        "EPS": 3546,
        "Non-adjusted EPS": 3546,
        "PE": 1.6,
        "Book Price": 21.4
      }
    },
    {
      "quarter": "Q2 2012",
      "income status": {
        "Net sales": 60969,
        "Cost of goods sold": 52748,
        "Gross Profit": 8221,
        "Financial expenses": 1041,
        "Of which: Interest expense": 819,
        "Cost of sales": 1094,
        "Enterprise cost management": 1692,
        "Total Operating Expenses": 3827,
        "Total revenue financing activities": 967,
        "Net profit from business activities": 5360,
        "Profit": 16,
        "Profit before tax": 5376,
        "Present corporate income tax expenses": 992,
        "Deferred income taxes expenses": 8,
        "The interests of minority shareholders": 171,
        "Total Cost of profits": 1171,
        "Profit after tax corporate income": 4205,
        "Volume": 3657200,
        "Close of Quarter": 6.0,
        "EPS": 3493,
        "Non-adjusted EPS": 3493,
        "PE": 1.7,
        "Book Price": 19.8
      }
    },
    {
      "quarter": "Q1 2012",
      "income status": {
        "Net sales": 61789,
        "Cost of goods sold": 56682,
        "Gross Profit": 5107,
        "Financial expenses": 963,
        "Of which: Interest expense": 782,
        "Cost of sales": 976,
        "Enterprise cost management": 1371,
        "Total Operating Expenses": 3310,
        "Total revenue financing activities": 666,
        "Net profit from business activities": 2464,
        "Profit": -16,
        "Profit before tax": 2447,
        "Present corporate income tax expenses": 367,
        "Deferred income taxes expenses": "N/A",
        "The interests of minority shareholders": 133,
        "Total Cost of profits": 500,
        "Profit after tax corporate income": 1947,
        "Volume": 3657200,
        "Close of Quarter": 6.6,
        "EPS": 3124,
        "Non-adjusted EPS": 3124,
        "PE": 2.1,
        "Book Price": 20.3
      }
    },
    {
      "quarter": "Q4 2011",
      "income status": {
        "Net sales": 62872,
        "Cost of goods sold": 55806,
        "Gross Profit": 7066,
        "Financial expenses": 681,
        "Of which: Interest expense": 637,
        "Cost of sales": 986,
        "Enterprise cost management": 1579,
        "Total Operating Expenses": 3246,
        "Total revenue financing activities": 660,
        "Net profit from business activities": 4480,
        "Profit": 370,
        "Profit before tax": 4850,
        "Present corporate income tax expenses": 1062,
        "Deferred income taxes expenses": -20,
        "The interests of minority shareholders": 79,
        "Total Cost of profits": 1121,
        "Profit after tax corporate income": 3728,
        "Volume": 3707200,
        "Close of Quarter": 4.8,
        "EPS": 2787.6,
        "Non-adjusted EPS": 2750,
        "PE": 1.8,
        "Book Price": 19.8
      }
    },
    {
      "quarter": "Q3 2011",
      "income status": {
        "Net sales": 55665,
        "Cost of goods sold": 49988,
        "Gross Profit": 5678,
        "Financial expenses": 550,
        "Of which: Interest expense": 393,
        "Cost of sales": 1077,
        "Enterprise cost management": 895,
        "Total Operating Expenses": 2522,
        "Total revenue financing activities": 334,
        "Net profit from business activities": 3490,
        "Profit": 295,
        "Profit before tax": 3786,
        "Present corporate income tax expenses": 811,
        "Deferred income taxes expenses": "N/A",
        "The interests of minority shareholders": 80,
        "Total Cost of profits": 891,
        "Profit after tax corporate income": 2895,
        "Volume": 3857200,
        "Close of Quarter": 4.8,
        "EPS": 2508.0,
        "Non-adjusted EPS": 2378,
        "PE": 2.0,
        "Book Price": 19.2
      }
    },
    {
      "quarter": "Q2 2011",
      "income status": {
        "Net sales": 62257,
        "Cost of goods sold": 54883,
        "Gross Profit": 7375,
        "Financial expenses": 1285,
        "Of which: Interest expense": 590,
        "Cost of sales": 1054,
        "Enterprise cost management": 2323,
        "Total Operating Expenses": 4662,
        "Total revenue financing activities": 842,
        "Net profit from business activities": 3555,
        "Profit": 63,
        "Profit before tax": 3618,
        "Present corporate income tax expenses": 565,
        "Deferred income taxes expenses": 105,
        "The interests of minority shareholders": 94,
        "Total Cost of profits": 764,
        "Profit after tax corporate income": 2854,
        "Volume": 3857200,
        "Close of Quarter": 4.8,
        "EPS": 2228.6,
        "Non-adjusted EPS": 2113,
        "PE": 2.3,
        "Book Price": 18.4
      }
    },
    {
      "quarter": "Q1 2011",
      "income status": {
        "Net sales": 42266,
        "Cost of goods sold": 39473,
        "Gross Profit": 2793,
        "Financial expenses": 390,
        "Of which: Interest expense": 370,
        "Cost of sales": 825,
        "Enterprise cost management": 1118,
        "Total Operating Expenses": 2333,
        "Total revenue financing activities": 325,
        "Net profit from business activities": 785,
        "Profit": 49,
        "Profit before tax": 833,
        "Present corporate income tax expenses": 49,
        "Deferred income taxes expenses": "N/A",
        "The interests of minority shareholders": 67,
        "Total Cost of profits": 116,
        "Profit after tax corporate income": 717,
        "Volume": 3857200,
        "Close of Quarter": 5.4,
        "EPS": 2130.5,
        "Non-adjusted EPS": 2020,
        "PE": 2.7,
        "Book Price": 19.3
      }
    },
    {
      "quarter": "Q4 2010",
      "income status": {
        "Net sales": 50244,
        "Cost of goods sold": 44295,
        "Gross Profit": 5949,
        "Financial expenses": 329,
        "Of which: Interest expense": "N/A",
        "Cost of sales": 1015,
        "Enterprise cost management": 1439,
        "Total Operating Expenses": 2783,
        "Total revenue financing activities": 162,
        "Net profit from business activities": 3328,
        "Profit": 222,
        "Profit before tax": 3550,
        "Present corporate income tax expenses": 758,
        "Deferred income taxes expenses": "N/A",
        "The interests of minority shareholders": 85,
        "Total Cost of profits": 843,
        "Profit after tax corporate income": 2707,
        "Volume": 3857200,
        "Close of Quarter": 7.0,
        "EPS": 2039.8,
        "Non-adjusted EPS": 1934,
        "PE": 3.6,
        "Book Price": 19.1
      }
    },
    {
      "quarter": "Q3 2010",
      "income status": {
        "Net sales": 40750,
        "Cost of goods sold": 35968,
        "Gross Profit": 4782,
        "Financial expenses": 863,
        "Of which: Interest expense": 701,
        "Cost of sales": 708,
        "Enterprise cost management": 967,
        "Total Operating Expenses": 2538,
        "Total revenue financing activities": 80,
        "Net profit from business activities": 2324,
        "Profit": 144,
        "Profit before tax": 2468,
        "Present corporate income tax expenses": 564,
        "Deferred income taxes expenses": "N/A",
        "The interests of minority shareholders": 30,
        "Total Cost of profits": 594,
        "Profit after tax corporate income": 1874,
        "Volume": 3857200,
        "Close of Quarter": 10.1,
        "EPS": 1928.0,
        "Non-adjusted EPS": 1828,
        "PE": 5.5,
        "Book Price": 18.4
      }
    },
    {
      "quarter": "Q2 2010",
      "income status": {
        "Net sales": 53092,
        "Cost of goods sold": 47325,
        "Gross Profit": 5767,
        "Financial expenses": 805,
        "Of which: Interest expense": 533,
        "Cost of sales": 1060,
        "Enterprise cost management": 1308,
        "Total Operating Expenses": 3173,
        "Total revenue financing activities": 410,
        "Net profit from business activities": 3003,
        "Profit": 19,
        "Profit before tax": 3022,
        "Present corporate income tax expenses": 390,
        "Deferred income taxes expenses": "N/A",
        "The interests of minority shareholders": 141,
        "Total Cost of profits": 531,
        "Profit after tax corporate income": 2492,
        "Volume": 3857200,
        "Close of Quarter": 17.2,
        "EPS": 2359.3,
        "Non-adjusted EPS": 2237,
        "PE": 7.7,
        "Book Price": 18.0
      }
    },
    {
      "quarter": "Q1 2010",
      "income status": {
        "Net sales": 47390,
        "Cost of goods sold": 45374,
        "Gross Profit": 2016,
        "Financial expenses": 990,
        "Of which: Interest expense": 192,
        "Cost of sales": 672,
        "Enterprise cost management": 745,
        "Total Operating Expenses": 2407,
        "Total revenue financing activities": 827,
        "Net profit from business activities": 436,
        "Profit": 77,
        "Profit before tax": 513,
        "Present corporate income tax expenses": 128,
        "Deferred income taxes expenses": "N/A",
        "The interests of minority shareholders": "N/A",
        "Total Cost of profits": 128,
        "Profit after tax corporate income": 385,
        "Volume": 3880000,
        "Close of Quarter": "N/A",
        "EPS": 2200.4,
        "Non-adjusted EPS": 2074,
        "PE": "N/A",
        "Book Price": 19.3
      }
    },
    {
      "quarter": "Q4 2009",
      "income status": {
        "Net sales": 56139,
        "Cost of goods sold": 51475,
        "Gross Profit": 4664,
        "Financial expenses": 914,
        "Of which: Interest expense": 432,
        "Cost of sales": 943,
        "Enterprise cost management": 1377,
        "Total Operating Expenses": 3234,
        "Total revenue financing activities": 1241,
        "Net profit from business activities": 2670,
        "Profit": 251,
        "Profit before tax": 2921,
        "Present corporate income tax expenses": 622,
        "Deferred income taxes expenses": "N/A",
        "The interests of minority shareholders": "N/A",
        "Total Cost of profits": 622,
        "Profit after tax corporate income": 2300,
        "Volume": 3880000,
        "Close of Quarter": "N/A",
        "EPS": 2199.3,
        "Non-adjusted EPS": 2073,
        "PE": "N/A",
        "Book Price": 18.9
      }
    },
    {
      "quarter": "Q3 2009",
      "income status": {
        "Net sales": 43325,
        "Cost of goods sold": 39512,
        "Gross Profit": 3813,
        "Financial expenses": 251,
        "Of which: Interest expense": 248,
        "Cost of sales": 587,
        "Enterprise cost management": 756,
        "Total Operating Expenses": 1594,
        "Total revenue financing activities": 1893,
        "Net profit from business activities": 4112,
        "Profit": "N/A",
        "Profit before tax": 4112,
        "Present corporate income tax expenses": 659,
        "Deferred income taxes expenses": "N/A",
        "The interests of minority shareholders": "N/A",
        "Total Cost of profits": 659,
        "Profit after tax corporate income": 3453,
        "Volume": 3880000,
        "Close of Quarter": "N/A",
        "EPS": 1570.2,
        "Non-adjusted EPS": 1480,
        "PE": "N/A",
        "Book Price": "N/A"
      }
    },
    {
      "quarter": "Q2 2009",
      "income status": {
        "Net sales": 46757,
        "Cost of goods sold": 42533,
        "Gross Profit": 4224,
        "Financial expenses": 404,
        "Of which: Interest expense": 389,
        "Cost of sales": 847,
        "Enterprise cost management": 573,
        "Total Operating Expenses": 1824,
        "Total revenue financing activities": 146,
        "Net profit from business activities": 2546,
        "Profit": "N/A",
        "Profit before tax": 2546,
        "Present corporate income tax expenses": 636,
        "Deferred income taxes expenses": "N/A",
        "The interests of minority shareholders": "N/A",
        "Total Cost of profits": 636,
        "Profit after tax corporate income": 1909,
        "Volume": 3880000,
        "Close of Quarter": "N/A",
        "EPS": 625.9,
        "Non-adjusted EPS": 590,
        "PE": "N/A",
        "Book Price": "N/A"
      }
    },
    {
      "quarter": "Q1 2009",
      "income status": {
        "Net sales": 39252,
        "Cost of goods sold": 37192,
        "Gross Profit": 2060,
        "Financial expenses": 341,
        "Of which: Interest expense": 316,
        "Cost of sales": 732,
        "Enterprise cost management": 517,
        "Total Operating Expenses": 1590,
        "Total revenue financing activities": 14,
        "Net profit from business activities": 485,
        "Profit": 22,
        "Profit before tax": 507,
        "Present corporate income tax expenses": 127,
        "Deferred income taxes expenses": "N/A",
        "The interests of minority shareholders": "N/A",
        "Total Cost of profits": 127,
        "Profit after tax corporate income": 380,
        "Volume": 3880000,
        "Close of Quarter": "N/A",
        "EPS": 104.0,
        "Non-adjusted EPS": 98,
        "PE": "N/A",
        "Book Price": "N/A"
      }
    }
  ]
}