{
  "ticker": "TLT",
  "data": [
    {
      "quarter": "Q1 2017",
      "income status": {
        "Net sales": 80934,
        "Cost of goods sold": 68462,
        "Gross Profit": 12472,
        "Financial expenses": 1844,
        "Of which: Interest expense": 1844,
        "Cost of sales": 1313,
        "Enterprise cost management": 4614,
        "Total Operating Expenses": 7771,
        "Total revenue financing activities": 2,
        "Net profit from business activities": 4702,
        "Profit": -182,
        "Profit before tax": 4520,
        "Present corporate income tax expenses": 904,
        "Deferred income taxes expenses": "N/A",
        "The interests of minority shareholders": "N/A",
        "Total Cost of profits": 904,
        "Profit after tax corporate income": 3616,
        "Volume": 6989800,
        "Close of Quarter": 17.4,
        "EPS": -4024,
        "Non-adjusted EPS": -4024,
        "PE": -4.3,
        "Book Price": 6.4
      }
    },
    {
      "quarter": "Q3 2012",
      "income status": {
        "Net sales": 81083,
        "Cost of goods sold": 79737,
        "Gross Profit": 1346,
        "Financial expenses": 5517,
        "Of which: Interest expense": "N/A",
        "Cost of sales": 5335,
        "Enterprise cost management": 2890,
        "Total Operating Expenses": 13742,
        "Total revenue financing activities": 3,
        "Net profit from business activities": -12394,
        "Profit": 121,
        "Profit before tax": -12273,
        "Present corporate income tax expenses": "N/A",
        "Deferred income taxes expenses": "N/A",
        "The interests of minority shareholders": "N/A",
        "Total Cost of profits": 0,
        "Profit after tax corporate income": -12273,
        "Volume": 6989800,
        "Close of Quarter": 1.9,
        "EPS": -4244,
        "Non-adjusted EPS": -4244,
        "PE": -0.5,
        "Book Price": -1.7
      }
    },
    {
      "quarter": "Q2 2012",
      "income status": {
        "Net sales": 90695,
        "Cost of goods sold": 77957,
        "Gross Profit": 12737,
        "Financial expenses": 6880,
        "Of which: Interest expense": 6538,
        "Cost of sales": 7086,
        "Enterprise cost management": 3248,
        "Total Operating Expenses": 17214,
        "Total revenue financing activities": 156,
        "Net profit from business activities": -4321,
        "Profit": 404,
        "Profit before tax": -3917,
        "Present corporate income tax expenses": "N/A",
        "Deferred income taxes expenses": "N/A",
        "The interests of minority shareholders": "N/A",
        "Total Cost of profits": 0,
        "Profit after tax corporate income": -3917,
        "Volume": 6989800,
        "Close of Quarter": 3.7,
        "EPS": -2459,
        "Non-adjusted EPS": -2459,
        "PE": -1.5,
        "Book Price": 0.1
      }
    },
    {
      "quarter": "Q1 2012",
      "income status": {
        "Net sales": 60710,
        "Cost of goods sold": 55834,
        "Gross Profit": 4876,
        "Financial expenses": 7808,
        "Of which: Interest expense": 7537,
        "Cost of sales": 5696,
        "Enterprise cost management": 2938,
        "Total Operating Expenses": 16442,
        "Total revenue financing activities": 5,
        "Net profit from business activities": -11559,
        "Profit": -3994,
        "Profit before tax": -15553,
        "Present corporate income tax expenses": "N/A",
        "Deferred income taxes expenses": "N/A",
        "The interests of minority shareholders": "N/A",
        "Total Cost of profits": 0,
        "Profit after tax corporate income": -15553,
        "Volume": 6989800,
        "Close of Quarter": 3.8,
        "EPS": -1600,
        "Non-adjusted EPS": -1600,
        "PE": -2.4,
        "Book Price": 0.6
      }
    },
    {
      "quarter": "Q4 2011",
      "income status": {
        "Net sales": 74842,
        "Cost of goods sold": 52544,
        "Gross Profit": 22297,
        "Financial expenses": 7636,
        "Of which: Interest expense": 7354,
        "Cost of sales": 7589,
        "Enterprise cost management": 4377,
        "Total Operating Expenses": 19602,
        "Total revenue financing activities": 111,
        "Net profit from business activities": 2806,
        "Profit": -730,
        "Profit before tax": 2075,
        "Present corporate income tax expenses": "N/A",
        "Deferred income taxes expenses": "N/A",
        "The interests of minority shareholders": "N/A",
        "Total Cost of profits": 0,
        "Profit after tax corporate income": 2075,
        "Volume": 6989800,
        "Close of Quarter": 5.3,
        "EPS": 77,
        "Non-adjusted EPS": 77,
        "PE": 68.8,
        "Book Price": 2.8
      }
    },
    {
      "quarter": "Q3 2011",
      "income status": {
        "Net sales": 99245,
        "Cost of goods sold": 77458,
        "Gross Profit": 21787,
        "Financial expenses": 7576,
        "Of which: Interest expense": 7266,
        "Cost of sales": 8822,
        "Enterprise cost management": 5294,
        "Total Operating Expenses": 21692,
        "Total revenue financing activities": 8,
        "Net profit from business activities": 104,
        "Profit": 105,
        "Profit before tax": 209,
        "Present corporate income tax expenses": "N/A",
        "Deferred income taxes expenses": "N/A",
        "The interests of minority shareholders": "N/A",
        "Total Cost of profits": 0,
        "Profit after tax corporate income": 209,
        "Volume": 6989800,
        "Close of Quarter": 9,
        "EPS": 261,
        "Non-adjusted EPS": 261,
        "PE": 34.5,
        "Book Price": 2.6
      }
    },
    {
      "quarter": "Q2 2011",
      "income status": {
        "Net sales": 109056,
        "Cost of goods sold": 83381,
        "Gross Profit": 25676,
        "Financial expenses": 7677,
        "Of which: Interest expense": "N/A",
        "Cost of sales": 9585,
        "Enterprise cost management": 6482,
        "Total Operating Expenses": 23744,
        "Total revenue financing activities": 11,
        "Net profit from business activities": 1943,
        "Profit": 143,
        "Profit before tax": 2086,
        "Present corporate income tax expenses": "N/A",
        "Deferred income taxes expenses": "N/A",
        "The interests of minority shareholders": "N/A",
        "Total Cost of profits": 0,
        "Profit after tax corporate income": 2086,
        "Volume": 6989800,
        "Close of Quarter": 10.9,
        "EPS": 529,
        "Non-adjusted EPS": 529,
        "PE": 20.6,
        "Book Price": 2.5
      }
    },
    {
      "quarter": "Q1 2011",
      "income status": {
        "Net sales": 66044,
        "Cost of goods sold": 55262,
        "Gross Profit": 10782,
        "Financial expenses": 7292,
        "Of which: Interest expense": 5343,
        "Cost of sales": 4181,
        "Enterprise cost management": 3490,
        "Total Operating Expenses": 14963,
        "Total revenue financing activities": 65,
        "Net profit from business activities": -4116,
        "Profit": 284,
        "Profit before tax": -3832,
        "Present corporate income tax expenses": "N/A",
        "Deferred income taxes expenses": "N/A",
        "The interests of minority shareholders": "N/A",
        "Total Cost of profits": 0,
        "Profit after tax corporate income": -3832,
        "Volume": 6989800,
        "Close of Quarter": 16,
        "EPS": 526,
        "Non-adjusted EPS": 526,
        "PE": 30.4,
        "Book Price": 2.2
      }
    },
    {
      "quarter": "Q4 2010",
      "income status": {
        "Net sales": 85487,
        "Cost of goods sold": 66645,
        "Gross Profit": 18842,
        "Financial expenses": 6037,
        "Of which: Interest expense": "N/A",
        "Cost of sales": 5950,
        "Enterprise cost management": 3894,
        "Total Operating Expenses": 15881,
        "Total revenue financing activities": 8,
        "Net profit from business activities": 2968,
        "Profit": 395,
        "Profit before tax": 3362,
        "Present corporate income tax expenses": "N/A",
        "Deferred income taxes expenses": "N/A",
        "The interests of minority shareholders": "N/A",
        "Total Cost of profits": 0,
        "Profit after tax corporate income": 3362,
        "Volume": 6989800,
        "Close of Quarter": 16.9,
        "EPS": 592,
        "Non-adjusted EPS": 592,
        "PE": 28.6,
        "Book Price": 2.7
      }
    },
    {
      "quarter": "Q3 2010",
      "income status": {
        "Net sales": 86003,
        "Cost of goods sold": 70164,
        "Gross Profit": 15839,
        "Financial expenses": 5911,
        "Of which: Interest expense": "N/A",
        "Cost of sales": 5877,
        "Enterprise cost management": 2206,
        "Total Operating Expenses": 13994,
        "Total revenue financing activities": 8,
        "Net profit from business activities": 1853,
        "Profit": 228,
        "Profit before tax": 2081,
        "Present corporate income tax expenses": "N/A",
        "Deferred income taxes expenses": "N/A",
        "The interests of minority shareholders": "N/A",
        "Total Cost of profits": 0,
        "Profit after tax corporate income": 2081,
        "Volume": 6989800,
        "Close of Quarter": 17.5,
        "EPS": 1186,
        "Non-adjusted EPS": 1186,
        "PE": 14.8,
        "Book Price": 2.3
      }
    },
    {
      "quarter": "Q2 2010",
      "income status": {
        "Net sales": 94144,
        "Cost of goods sold": 78115,
        "Gross Profit": 16029,
        "Financial expenses": 5622,
        "Of which: Interest expense": "N/A",
        "Cost of sales": 5676,
        "Enterprise cost management": 2917,
        "Total Operating Expenses": 14215,
        "Total revenue financing activities": 5,
        "Net profit from business activities": 1819,
        "Profit": 245,
        "Profit before tax": 2064,
        "Present corporate income tax expenses": "N/A",
        "Deferred income taxes expenses": "N/A",
        "The interests of minority shareholders": "N/A",
        "Total Cost of profits": 0,
        "Profit after tax corporate income": 2064,
        "Volume": 6989800,
        "Close of Quarter": 26.8,
        "EPS": 1381,
        "Non-adjusted EPS": 1381,
        "PE": 19.4,
        "Book Price": 2
      }
    },
    {
      "quarter": "Q1 2010",
      "income status": {
        "Net sales": 58056,
        "Cost of goods sold": 49827,
        "Gross Profit": 8230,
        "Financial expenses": 4728,
        "Of which: Interest expense": "N/A",
        "Cost of sales": 4449,
        "Enterprise cost management": 2529,
        "Total Operating Expenses": 11706,
        "Total revenue financing activities": 7,
        "Net profit from business activities": -3469,
        "Profit": 100,
        "Profit before tax": -3369,
        "Present corporate income tax expenses": "N/A",
        "Deferred income taxes expenses": "N/A",
        "The interests of minority shareholders": "N/A",
        "Total Cost of profits": 0,
        "Profit after tax corporate income": -3369,
        "Volume": 6989800,
        "Close of Quarter": 14.3,
        "EPS": 1093,
        "Non-adjusted EPS": 1093,
        "PE": 13.1,
        "Book Price": 1.7
      }
    },
    {
      "quarter": "Q4 2009",
      "income status": {
        "Net sales": 88895,
        "Cost of goods sold": 67130,
        "Gross Profit": 21766,
        "Financial expenses": 4130,
        "Of which: Interest expense": "N/A",
        "Cost of sales": 6652,
        "Enterprise cost management": 3609,
        "Total Operating Expenses": 14391,
        "Total revenue financing activities": 9,
        "Net profit from business activities": 7385,
        "Profit": 130,
        "Profit before tax": 7515,
        "Present corporate income tax expenses": "N/A",
        "Deferred income taxes expenses": "N/A",
        "The interests of minority shareholders": "N/A",
        "Total Cost of profits": 0,
        "Profit after tax corporate income": 7515,
        "Volume": 6989800,
        "Close of Quarter": 12.8,
        "EPS": 145,
        "Non-adjusted EPS": 145,
        "PE": 88.3,
        "Book Price": 2.2
      }
    },
    {
      "quarter": "Q3 2009",
      "income status": {
        "Net sales": 105342,
        "Cost of goods sold": 88807,
        "Gross Profit": 16535,
        "Financial expenses": 3823,
        "Of which: Interest expense": "N/A",
        "Cost of sales": 7868,
        "Enterprise cost management": 1852,
        "Total Operating Expenses": 13543,
        "Total revenue financing activities": 16,
        "Net profit from business activities": 3007,
        "Profit": 434,
        "Profit before tax": 3441,
        "Present corporate income tax expenses": "N/A",
        "Deferred income taxes expenses": "N/A",
        "The interests of minority shareholders": "N/A",
        "Total Cost of profits": 0,
        "Profit after tax corporate income": 3441,
        "Volume": 6989800,
        "Close of Quarter": 14.9,
        "EPS": -3235,
        "Non-adjusted EPS": -3235,
        "PE": -4.6,
        "Book Price": 0.7
      }
    },
    {
      "quarter": "Q2 2009",
      "income status": {
        "Net sales": 102833,
        "Cost of goods sold": 90057,
        "Gross Profit": 12777,
        "Financial expenses": 5090,
        "Of which: Interest expense": "N/A",
        "Cost of sales": 5346,
        "Enterprise cost management": 1435,
        "Total Operating Expenses": 11871,
        "Total revenue financing activities": 51,
        "Net profit from business activities": 957,
        "Profit": -906,
        "Profit before tax": 51,
        "Present corporate income tax expenses": "N/A",
        "Deferred income taxes expenses": "N/A",
        "The interests of minority shareholders": "N/A",
        "Total Cost of profits": 0,
        "Profit after tax corporate income": 51,
        "Volume": 6989800,
        "Close of Quarter": 10.8,
        "EPS": -7223,
        "Non-adjusted EPS": -7223,
        "PE": -1.5,
        "Book Price": 0.2
      }
    },
    {
      "quarter": "Q1 2009",
      "income status": {
        "Net sales": 52888,
        "Cost of goods sold": 48484,
        "Gross Profit": 4404,
        "Financial expenses": 7312,
        "Of which: Interest expense": "N/A",
        "Cost of sales": 3736,
        "Enterprise cost management": 1024,
        "Total Operating Expenses": 12072,
        "Total revenue financing activities": 7,
        "Net profit from business activities": -7660,
        "Profit": -2336,
        "Profit before tax": -9996,
        "Present corporate income tax expenses": "N/A",
        "Deferred income taxes expenses": "N/A",
        "The interests of minority shareholders": "N/A",
        "Total Cost of profits": 0,
        "Profit after tax corporate income": -9996,
        "Volume": 6989800,
        "Close of Quarter": 6.7,
        "EPS": -10627,
        "Non-adjusted EPS": -10627,
        "PE": -0.6,
        "Book Price": 0.2
      }
    },
    {
      "quarter": "Q4 2008",
      "income status": {
        "Net sales": 32288,
        "Cost of goods sold": 30889,
        "Gross Profit": 1399,
        "Financial expenses": 8561,
        "Of which: Interest expense": "N/A",
        "Cost of sales": 7003,
        "Enterprise cost management": 2188,
        "Total Operating Expenses": 17752,
        "Total revenue financing activities": 20,
        "Net profit from business activities": -16333,
        "Profit": 224,
        "Profit before tax": -16109,
        "Present corporate income tax expenses": "N/A",
        "Deferred income taxes expenses": "N/A",
        "The interests of minority shareholders": "N/A",
        "Total Cost of profits": 0,
        "Profit after tax corporate income": -16109,
        "Volume": 6989800,
        "Close of Quarter": 6.2,
        "EPS": -9868,
        "Non-adjusted EPS": -9868,
        "PE": -0.6,
        "Book Price": 5.6
      }
    },
    {
      "quarter": "Q3 2008",
      "income status": {
        "Net sales": 48534,
        "Cost of goods sold": 57434,
        "Gross Profit": -8900,
        "Financial expenses": 7582,
        "Of which: Interest expense": "N/A",
        "Cost of sales": 7232,
        "Enterprise cost management": 1136,
        "Total Operating Expenses": 15950,
        "Total revenue financing activities": 261,
        "Net profit from business activities": -24589,
        "Profit": 157,
        "Profit before tax": -24432,
        "Present corporate income tax expenses": "N/A",
        "Deferred income taxes expenses": "N/A",
        "The interests of minority shareholders": "N/A",
        "Total Cost of profits": 0,
        "Profit after tax corporate income": -24432,
        "Volume": 6989800,
        "Close of Quarter": 13.7,
        "EPS": -5688,
        "Non-adjusted EPS": -5688,
        "PE": -2.4,
        "Book Price": 7.9
      }
    },
    {
      "quarter": "Q2 2008",
      "income status": {
        "Net sales": 64490,
        "Cost of goods sold": 68181,
        "Gross Profit": -3691,
        "Financial expenses": 6016,
        "Of which: Interest expense": "N/A",
        "Cost of sales": 12477,
        "Enterprise cost management": 1186,
        "Total Operating Expenses": 19679,
        "Total revenue financing activities": 11,
        "Net profit from business activities": -23359,
        "Profit": -385,
        "Profit before tax": -23744,
        "Present corporate income tax expenses": "N/A",
        "Deferred income taxes expenses": "N/A",
        "The interests of minority shareholders": "N/A",
        "Total Cost of profits": 0,
        "Profit after tax corporate income": -23744,
        "Volume": 6989800,
        "Close of Quarter": 13.5,
        "EPS": -1195,
        "Non-adjusted EPS": -1195,
        "PE": -11.3,
        "Book Price": 11.5
      }
    },
    {
      "quarter": "Q1 2008",
      "income status": {
        "Net sales": 67634,
        "Cost of goods sold": 59079,
        "Gross Profit": 8555,
        "Financial expenses": 4400,
        "Of which: Interest expense": "N/A",
        "Cost of sales": 7881,
        "Enterprise cost management": 1183,
        "Total Operating Expenses": 13464,
        "Total revenue financing activities": 174,
        "Net profit from business activities": -4736,
        "Profit": 48,
        "Profit before tax": -4688,
        "Present corporate income tax expenses": "N/A",
        "Deferred income taxes expenses": "N/A",
        "The interests of minority shareholders": "N/A",
        "Total Cost of profits": 0,
        "Profit after tax corporate income": -4688,
        "Volume": 6989800,
        "Close of Quarter": 30.9,
        "EPS": 2764,
        "Non-adjusted EPS": 2764,
        "PE": 11.2,
        "Book Price": 16.4
      }
    },
    {
      "quarter": "Q4 2007",
      "income status": {
        "Net sales": 104715,
        "Cost of goods sold": 67664,
        "Gross Profit": 37051,
        "Financial expenses": 7848,
        "Of which: Interest expense": "N/A",
        "Cost of sales": 14590,
        "Enterprise cost management": 2323,
        "Total Operating Expenses": 24761,
        "Total revenue financing activities": 287,
        "Net profit from business activities": 12576,
        "Profit": 531,
        "Profit before tax": 13107,
        "Present corporate income tax expenses": "N/A",
        "Deferred income taxes expenses": "N/A",
        "The interests of minority shareholders": "N/A",
        "Total Cost of profits": 0,
        "Profit after tax corporate income": 13107,
        "Volume": 2250000,
        "Close of Quarter": 72.9,
        "EPS": 3594.3,
        "Non-adjusted EPS": 11166,
        "PE": 6.5,
        "Book Price": 18.0
      }
    },
    {
      "quarter": "Q3 2007",
      "income status": {
        "Net sales": 84677,
        "Cost of goods sold": 59018,
        "Gross Profit": 25659,
        "Financial expenses": 6489,
        "Of which: Interest expense": "N/A",
        "Cost of sales": 11498,
        "Enterprise cost management": 891,
        "Total Operating Expenses": 18878,
        "Total revenue financing activities": 167,
        "Net profit from business activities": 6949,
        "Profit": 25,
        "Profit before tax": 6974,
        "Present corporate income tax expenses": "N/A",
        "Deferred income taxes expenses": "N/A",
        "The interests of minority shareholders": "N/A",
        "Total Cost of profits": 0,
        "Profit after tax corporate income": 6974,
        "Volume": 2250000,
        "Close of Quarter": 35.8,
        "EPS": 2886.1,
        "Non-adjusted EPS": 8966,
        "PE": 4,
        "Book Price": 5.8
      }
    },
    {
      "quarter": "Q2 2007",
      "income status": {
        "Net sales": 87256,
        "Cost of goods sold": 65495,
        "Gross Profit": 21761,
        "Financial expenses": 6031,
        "Of which: Interest expense": "N/A",
        "Cost of sales": 11136,
        "Enterprise cost management": 912,
        "Total Operating Expenses": 18079,
        "Total revenue financing activities": 174,
        "Net profit from business activities": 3856,
        "Profit": 72,
        "Profit before tax": 3929,
        "Present corporate income tax expenses": "N/A",
        "Deferred income taxes expenses": "N/A",
        "The interests of minority shareholders": "N/A",
        "Total Cost of profits": 0,
        "Profit after tax corporate income": 3929,
        "Volume": 2362500,
        "Close of Quarter": 27.5,
        "EPS": 1888.4,
        "Non-adjusted EPS": 5587,
        "PE": 4.9,
        "Book Price": 4.9
      }
    },
    {
      "quarter": "Q1 2007",
      "income status": {
        "Net sales": 67489,
        "Cost of goods sold": 49840,
        "Gross Profit": 17649,
        "Financial expenses": 5837,
        "Of which: Interest expense": "N/A",
        "Cost of sales": 9763,
        "Enterprise cost management": 1195,
        "Total Operating Expenses": 16795,
        "Total revenue financing activities": 225,
        "Net profit from business activities": 1079,
        "Profit": 35,
        "Profit before tax": 1114,
        "Present corporate income tax expenses": "N/A",
        "Deferred income taxes expenses": "N/A",
        "The interests of minority shareholders": "N/A",
        "Total Cost of profits": 0,
        "Profit after tax corporate income": 1114,
        "Volume": 2362500,
        "Close of Quarter": 36.6,
        "EPS": 1326.3,
        "Non-adjusted EPS": 3924,
        "PE": 9.3,
        "Book Price": 4.7
      }
    },
    {
      "quarter": "Q4 2006",
      "income status": {
        "Net sales": 107806,
        "Cost of goods sold": 81266,
        "Gross Profit": 26540,
        "Financial expenses": 4739,
        "Of which: Interest expense": "N/A",
        "Cost of sales": 12040,
        "Enterprise cost management": 1917,
        "Total Operating Expenses": 18696,
        "Total revenue financing activities": 148,
        "Net profit from business activities": 7992,
        "Profit": 165,
        "Profit before tax": 8157,
        "Present corporate income tax expenses": "N/A",
        "Deferred income taxes expenses": "N/A",
        "The interests of minority shareholders": "N/A",
        "Total Cost of profits": 0,
        "Profit after tax corporate income": 8157,
        "Volume": 2250000,
        "Close of Quarter": 8.7,
        "EPS": 1166.9,
        "Non-adjusted EPS": 3625,
        "PE": 2.4,
        "Book Price": 4.8
      }
    }
  ]
}