{
  "ticker": "SFC",
  "data": [
    {
      "quarter": "Q1 2017",
      "income status": {
        "Net sales": 349685,
        "Cost of goods sold": 322093,
        "Gross Profit": 27593,
        "Financial expenses": 2438,
        "Of which: Interest expense": 2438,
        "Cost of sales": 11513,
        "Enterprise cost management": 2821,
        "Total Operating Expenses": 16772,
        "Total revenue financing activities": 4366,
        "Net profit from business activities": 15186,
        "Profit": 92,
        "Profit before tax": 15278,
        "Present corporate income tax expenses": 3098,
        "Deferred income taxes expenses": "N/A",
        "The interests of minority shareholders": "N/A",
        "Total Cost of profits": 3098,
        "Profit after tax corporate income": 12180,
        "Volume": 11234819,
        "Close of Quarter": 28.7,
        "EPS": 4165,
        "Non-adjusted EPS": 4165,
        "PE": 6.9,
        "Book Price": 19.6
      }
    },
    {
      "quarter": "Q4 2016",
      "income status": {
        "Net sales": 317862,
        "Cost of goods sold": 288268,
        "Gross Profit": 29594,
        "Financial expenses": 2192,
        "Of which: Interest expense": 2192,
        "Cost of sales": 16642,
        "Enterprise cost management": 7673,
        "Total Operating Expenses": 26507,
        "Total revenue financing activities": 4278,
        "Net profit from business activities": 7365,
        "Profit": 2,
        "Profit before tax": 7367,
        "Present corporate income tax expenses": 1497,
        "Deferred income taxes expenses": 31,
        "The interests of minority shareholders": "N/A",
        "Total Cost of profits": 1528,
        "Profit after tax corporate income": 5839,
        "Volume": 11234819,
        "Close of Quarter": 26.2,
        "EPS": 3834,
        "Non-adjusted EPS": 3834,
        "PE": 6.8,
        "Book Price": 18.9
      }
    },
    {
      "quarter": "Q3 2016",
      "income status": {
        "Net sales": 286126,
        "Cost of goods sold": 256981,
        "Gross Profit": 29145,
        "Financial expenses": 1860,
        "Of which: Interest expense": 1860,
        "Cost of sales": 12848,
        "Enterprise cost management": 2784,
        "Total Operating Expenses": 17492,
        "Total revenue financing activities": 4193,
        "Net profit from business activities": 15847,
        "Profit": 196,
        "Profit before tax": 16043,
        "Present corporate income tax expenses": 3220,
        "Deferred income taxes expenses": 22,
        "The interests of minority shareholders": "N/A",
        "Total Cost of profits": 3242,
        "Profit after tax corporate income": 12801,
        "Volume": 11234819,
        "Close of Quarter": 26.2,
        "EPS": 3789,
        "Non-adjusted EPS": 3789,
        "PE": 6.9,
        "Book Price": 18.4
      }
    },
    {
      "quarter": "Q2 2016",
      "income status": {
        "Net sales": 274371,
        "Cost of goods sold": 241405,
        "Gross Profit": 32966,
        "Financial expenses": 1788,
        "Of which: Interest expense": 1788,
        "Cost of sales": 11536,
        "Enterprise cost management": 3208,
        "Total Operating Expenses": 16532,
        "Total revenue financing activities": 3516,
        "Net profit from business activities": 19950,
        "Profit": 59,
        "Profit before tax": 20009,
        "Present corporate income tax expenses": 4010,
        "Deferred income taxes expenses": 22,
        "The interests of minority shareholders": "N/A",
        "Total Cost of profits": 4032,
        "Profit after tax corporate income": 15976,
        "Volume": 11234819,
        "Close of Quarter": 21.7,
        "EPS": 3419,
        "Non-adjusted EPS": 3419,
        "PE": 6.3,
        "Book Price": 18.4
      }
    },
    {
      "quarter": "Q1 2016",
      "income status": {
        "Net sales": 254636,
        "Cost of goods sold": 231821,
        "Gross Profit": 22816,
        "Financial expenses": 1789,
        "Of which: Interest expense": 1789,
        "Cost of sales": 10928,
        "Enterprise cost management": 3040,
        "Total Operating Expenses": 15757,
        "Total revenue financing activities": 3498,
        "Net profit from business activities": 10556,
        "Profit": 62,
        "Profit before tax": 10618,
        "Present corporate income tax expenses": 2139,
        "Deferred income taxes expenses": 22,
        "The interests of minority shareholders": "N/A",
        "Total Cost of profits": 2161,
        "Profit after tax corporate income": 8457,
        "Volume": 11234819,
        "Close of Quarter": 19.9,
        "EPS": 3331,
        "Non-adjusted EPS": 3331,
        "PE": 6.0,
        "Book Price": 18.9
      }
    },
    {
      "quarter": "Q4 2015",
      "income status": {
        "Net sales": 317266,
        "Cost of goods sold": 291695,
        "Gross Profit": 25570,
        "Financial expenses": 2153,
        "Of which: Interest expense": 2153,
        "Cost of sales": 13522,
        "Enterprise cost management": 5736,
        "Total Operating Expenses": 21411,
        "Total revenue financing activities": 4155,
        "Net profit from business activities": 8315,
        "Profit": -1394,
        "Profit before tax": 6922,
        "Present corporate income tax expenses": 1561,
        "Deferred income taxes expenses": 30,
        "The interests of minority shareholders": "N/A",
        "Total Cost of profits": 1591,
        "Profit after tax corporate income": 5330,
        "Volume": 11234819,
        "Close of Quarter": 20.4,
        "EPS": 3522,
        "Non-adjusted EPS": 3522,
        "PE": 5.8,
        "Book Price": 18.2
      }
    },
    {
      "quarter": "Q3 2015",
      "income status": {
        "Net sales": 354243,
        "Cost of goods sold": 328748,
        "Gross Profit": 25495,
        "Financial expenses": 2209,
        "Of which: Interest expense": 2209,
        "Cost of sales": 11955,
        "Enterprise cost management": 4474,
        "Total Operating Expenses": 18638,
        "Total revenue financing activities": 4248,
        "Net profit from business activities": 11105,
        "Profit": 73,
        "Profit before tax": 11178,
        "Present corporate income tax expenses": 2499,
        "Deferred income taxes expenses": 30,
        "The interests of minority shareholders": "N/A",
        "Total Cost of profits": 2529,
        "Profit after tax corporate income": 8649,
        "Volume": 11234819,
        "Close of Quarter": 19.9,
        "EPS": 3983,
        "Non-adjusted EPS": 3983,
        "PE": 5.0,
        "Book Price": 17.7
      }
    },
    {
      "quarter": "Q2 2015",
      "income status": {
        "Net sales": 382329,
        "Cost of goods sold": 347946,
        "Gross Profit": 34384,
        "Financial expenses": 1781,
        "Of which: Interest expense": 1781,
        "Cost of sales": 11844,
        "Enterprise cost management": 4894,
        "Total Operating Expenses": 18519,
        "Total revenue financing activities": 3424,
        "Net profit from business activities": 19289,
        "Profit": 48,
        "Profit before tax": 19337,
        "Present corporate income tax expenses": 4324,
        "Deferred income taxes expenses": 30,
        "The interests of minority shareholders": "N/A",
        "Total Cost of profits": 4354,
        "Profit after tax corporate income": 14983,
        "Volume": 11234819,
        "Close of Quarter": 20.1,
        "EPS": 4050,
        "Non-adjusted EPS": 4050,
        "PE": 5.0,
        "Book Price": 18
      }
    },
    {
      "quarter": "Q1 2015",
      "income status": {
        "Net sales": 355878,
        "Cost of goods sold": 329396,
        "Gross Profit": 26482,
        "Financial expenses": 1322,
        "Of which: Interest expense": 1322,
        "Cost of sales": 11353,
        "Enterprise cost management": 2897,
        "Total Operating Expenses": 15572,
        "Total revenue financing activities": 2878,
        "Net profit from business activities": 13788,
        "Profit": 181,
        "Profit before tax": 13969,
        "Present corporate income tax expenses": 3094,
        "Deferred income taxes expenses": 266,
        "The interests of minority shareholders": "N/A",
        "Total Cost of profits": 3360,
        "Profit after tax corporate income": 10608,
        "Volume": 11234819,
        "Close of Quarter": 19.9,
        "EPS": 3532,
        "Non-adjusted EPS": 3532,
        "PE": 5.6,
        "Book Price": 17.3
      }
    },
    {
      "quarter": "Q4 2014",
      "income status": {
        "Net sales": 597374,
        "Cost of goods sold": 562834,
        "Gross Profit": 34539,
        "Financial expenses": 1611,
        "Of which: Interest expense": 1611,
        "Cost of sales": 15903,
        "Enterprise cost management": 8069,
        "Total Operating Expenses": 25583,
        "Total revenue financing activities": 3286,
        "Net profit from business activities": 12242,
        "Profit": 1415,
        "Profit before tax": 13657,
        "Present corporate income tax expenses": 3490,
        "Deferred income taxes expenses": -340,
        "The interests of minority shareholders": "N/A",
        "Total Cost of profits": 3150,
        "Profit after tax corporate income": 10506,
        "Volume": 11234819,
        "Close of Quarter": 21.7,
        "EPS": 3317,
        "Non-adjusted EPS": 3317,
        "PE": 6.6,
        "Book Price": 16.4
      }
    },
    {
      "quarter": "Q3 2014",
      "income status": {
        "Net sales": 671172,
        "Cost of goods sold": 642184,
        "Gross Profit": 28987,
        "Financial expenses": 2157,
        "Of which: Interest expense": 2157,
        "Cost of sales": 12185,
        "Enterprise cost management": 6232,
        "Total Operating Expenses": 20574,
        "Total revenue financing activities": 3316,
        "Net profit from business activities": 11730,
        "Profit": 201,
        "Profit before tax": 11931,
        "Present corporate income tax expenses": 2649,
        "Deferred income taxes expenses": -121,
        "The interests of minority shareholders": "N/A",
        "Total Cost of profits": 2528,
        "Profit after tax corporate income": 9403,
        "Volume": 11234819,
        "Close of Quarter": 19.8,
        "EPS": 2845,
        "Non-adjusted EPS": 2845,
        "PE": 7.0,
        "Book Price": 17
      }
    },
    {
      "quarter": "Q2 2014",
      "income status": {
        "Net sales": 703939,
        "Cost of goods sold": 678374,
        "Gross Profit": 25566,
        "Financial expenses": 2663,
        "Of which: Interest expense": 2663,
        "Cost of sales": 12698,
        "Enterprise cost management": 2442,
        "Total Operating Expenses": 17803,
        "Total revenue financing activities": 3881,
        "Net profit from business activities": 11643,
        "Profit": 122,
        "Profit before tax": 11764,
        "Present corporate income tax expenses": 2564,
        "Deferred income taxes expenses": 34,
        "The interests of minority shareholders": "N/A",
        "Total Cost of profits": 2598,
        "Profit after tax corporate income": 9167,
        "Volume": 11234819,
        "Close of Quarter": 17.8,
        "EPS": 2612,
        "Non-adjusted EPS": 2612,
        "PE": 6.8,
        "Book Price": 16.3
      }
    },
    {
      "quarter": "Q1 2014",
      "income status": {
        "Net sales": 593391,
        "Cost of goods sold": 569056,
        "Gross Profit": 24336,
        "Financial expenses": 2036,
        "Of which: Interest expense": 2036,
        "Cost of sales": 9402,
        "Enterprise cost management": 5369,
        "Total Operating Expenses": 16807,
        "Total revenue financing activities": 2674,
        "Net profit from business activities": 10203,
        "Profit": 346,
        "Profit before tax": 10549,
        "Present corporate income tax expenses": 2342,
        "Deferred income taxes expenses": 13,
        "The interests of minority shareholders": "N/A",
        "Total Cost of profits": 2355,
        "Profit after tax corporate income": 8194,
        "Volume": 11234819,
        "Close of Quarter": 14.1,
        "EPS": 2347,
        "Non-adjusted EPS": 2347,
        "PE": 6,
        "Book Price": 16.4
      }
    },
    {
      "quarter": "Q4 2013",
      "income status": {
        "Net sales": 686722,
        "Cost of goods sold": 663012,
        "Gross Profit": 23710,
        "Financial expenses": 3816,
        "Of which: Interest expense": 3816,
        "Cost of sales": 10635,
        "Enterprise cost management": 7107,
        "Total Operating Expenses": 21558,
        "Total revenue financing activities": 4271,
        "Net profit from business activities": 6423,
        "Profit": 699,
        "Profit before tax": 7121,
        "Present corporate income tax expenses": 1861,
        "Deferred income taxes expenses": 58,
        "The interests of minority shareholders": "N/A",
        "Total Cost of profits": 1919,
        "Profit after tax corporate income": 5202,
        "Volume": 11234819,
        "Close of Quarter": 17.8,
        "EPS": 1740,
        "Non-adjusted EPS": 1740,
        "PE": 10.2,
        "Book Price": 15.6
      }
    },
    {
      "quarter": "Q3 2013",
      "income status": {
        "Net sales": 644461,
        "Cost of goods sold": 620633,
        "Gross Profit": 23828,
        "Financial expenses": 3630,
        "Of which: Interest expense": 3630,
        "Cost of sales": 9182,
        "Enterprise cost management": 5961,
        "Total Operating Expenses": 18773,
        "Total revenue financing activities": 4243,
        "Net profit from business activities": 9296,
        "Profit": -134,
        "Profit before tax": 9163,
        "Present corporate income tax expenses": 2404,
        "Deferred income taxes expenses": -19,
        "The interests of minority shareholders": "N/A",
        "Total Cost of profits": 2385,
        "Profit after tax corporate income": 6778,
        "Volume": 11234819,
        "Close of Quarter": 14.1,
        "EPS": 1841,
        "Non-adjusted EPS": 1841,
        "PE": 7.7,
        "Book Price": 15.2
      }
    },
    {
      "quarter": "Q2 2013",
      "income status": {
        "Net sales": 539382,
        "Cost of goods sold": 517222,
        "Gross Profit": 22160,
        "Financial expenses": 1470,
        "Of which: Interest expense": 1470,
        "Cost of sales": 8745,
        "Enterprise cost management": 6056,
        "Total Operating Expenses": 16271,
        "Total revenue financing activities": 2243,
        "Net profit from business activities": 8131,
        "Profit": 94,
        "Profit before tax": 8225,
        "Present corporate income tax expenses": 2065,
        "Deferred income taxes expenses": -39,
        "The interests of minority shareholders": "N/A",
        "Total Cost of profits": 2026,
        "Profit after tax corporate income": 6199,
        "Volume": 10213738,
        "Close of Quarter": 14.1,
        "EPS": 1746.4,
        "Non-adjusted EPS": 1921,
        "PE": 7.3,
        "Book Price": 15.6
      }
    },
    {
      "quarter": "Q1 2013",
      "income status": {
        "Net sales": 576657,
        "Cost of goods sold": 561951,
        "Gross Profit": 14706,
        "Financial expenses": 738,
        "Of which: Interest expense": 738,
        "Cost of sales": 8259,
        "Enterprise cost management": 5453,
        "Total Operating Expenses": 14450,
        "Total revenue financing activities": 1516,
        "Net profit from business activities": 1773,
        "Profit": 114,
        "Profit before tax": 1887,
        "Present corporate income tax expenses": 517,
        "Deferred income taxes expenses": "N/A",
        "The interests of minority shareholders": "N/A",
        "Total Cost of profits": 517,
        "Profit after tax corporate income": 1370,
        "Volume": 10213738,
        "Close of Quarter": 12.8,
        "EPS": 1523.7,
        "Non-adjusted EPS": 1676,
        "PE": 7.7,
        "Book Price": 15.3
      }
    },
    {
      "quarter": "Q4 2012",
      "income status": {
        "Net sales": 619086,
        "Cost of goods sold": 599166,
        "Gross Profit": 19920,
        "Financial expenses": 211,
        "Of which: Interest expense": 211,
        "Cost of sales": 8442,
        "Enterprise cost management": 4681,
        "Total Operating Expenses": 13334,
        "Total revenue financing activities": 1983,
        "Net profit from business activities": 8569,
        "Profit": 54,
        "Profit before tax": 8623,
        "Present corporate income tax expenses": 2284,
        "Deferred income taxes expenses": "N/A",
        "The interests of minority shareholders": "N/A",
        "Total Cost of profits": 2284,
        "Profit after tax corporate income": 6339,
        "Volume": 10213738,
        "Close of Quarter": 14.7,
        "EPS": 1722.8,
        "Non-adjusted EPS": 1895,
        "PE": 7.8,
        "Book Price": 15.1
      }
    },
    {
      "quarter": "Q3 2012",
      "income status": {
        "Net sales": 530882,
        "Cost of goods sold": 512447,
        "Gross Profit": 18435,
        "Financial expenses": 158,
        "Of which: Interest expense": 158,
        "Cost of sales": 8185,
        "Enterprise cost management": 4933,
        "Total Operating Expenses": 13276,
        "Total revenue financing activities": 2774,
        "Net profit from business activities": 7932,
        "Profit": -151,
        "Profit before tax": 7782,
        "Present corporate income tax expenses": 2071,
        "Deferred income taxes expenses": "N/A",
        "The interests of minority shareholders": "N/A",
        "Total Cost of profits": 2071,
        "Profit after tax corporate income": 5711,
        "Volume": 10213738,
        "Close of Quarter": 14.1,
        "EPS": 1829.1,
        "Non-adjusted EPS": 2012,
        "PE": 7.0,
        "Book Price": 14.6
      }
    },
    {
      "quarter": "Q2 2012",
      "income status": {
        "Net sales": 495672,
        "Cost of goods sold": 480233,
        "Gross Profit": 15438,
        "Financial expenses": 221,
        "Of which: Interest expense": 221,
        "Cost of sales": 8374,
        "Enterprise cost management": 4498,
        "Total Operating Expenses": 13093,
        "Total revenue financing activities": 2805,
        "Net profit from business activities": 5150,
        "Profit": -204,
        "Profit before tax": 4946,
        "Present corporate income tax expenses": 1243,
        "Deferred income taxes expenses": "N/A",
        "The interests of minority shareholders": "N/A",
        "Total Cost of profits": 1243,
        "Profit after tax corporate income": 3703,
        "Volume": 10213738,
        "Close of Quarter": 15.1,
        "EPS": 1896.4,
        "Non-adjusted EPS": 2086,
        "PE": 7.2,
        "Book Price": 14
      }
    },
    {
      "quarter": "Q1 2012",
      "income status": {
        "Net sales": 450019,
        "Cost of goods sold": 434801,
        "Gross Profit": 15218,
        "Financial expenses": 75,
        "Of which: Interest expense": 75,
        "Cost of sales": 8287,
        "Enterprise cost management": 5104,
        "Total Operating Expenses": 13466,
        "Total revenue financing activities": 3319,
        "Net profit from business activities": 5071,
        "Profit": -138,
        "Profit before tax": 4933,
        "Present corporate income tax expenses": 1326,
        "Deferred income taxes expenses": "N/A",
        "The interests of minority shareholders": "N/A",
        "Total Cost of profits": 1326,
        "Profit after tax corporate income": 3607,
        "Volume": 10213738,
        "Close of Quarter": 11.3,
        "EPS": 2278.2,
        "Non-adjusted EPS": 2506,
        "PE": 4.5,
        "Book Price": 14.7
      }
    },
    {
      "quarter": "Q4 2011",
      "income status": {
        "Net sales": 490419,
        "Cost of goods sold": 479059,
        "Gross Profit": 11360,
        "Financial expenses": 79,
        "Of which: Interest expense": "N/A",
        "Cost of sales": 8212,
        "Enterprise cost management": 3267,
        "Total Operating Expenses": 11558,
        "Total revenue financing activities": 9894,
        "Net profit from business activities": 9695,
        "Profit": 388,
        "Profit before tax": 38811,
        "Present corporate income tax expenses": 2553,
        "Deferred income taxes expenses": "N/A",
        "The interests of minority shareholders": "N/A",
        "Total Cost of profits": 2553,
        "Profit after tax corporate income": 7530,
        "Volume": 10269408,
        "Close of Quarter": 15.5,
        "EPS": 2475.3,
        "Non-adjusted EPS": 2708,
        "PE": 5.7,
        "Book Price": 15.5
      }
    },
    {
      "quarter": "Q3 2011",
      "income status": {
        "Net sales": 492366,
        "Cost of goods sold": 474727,
        "Gross Profit": 17640,
        "Financial expenses": 37,
        "Of which: Interest expense": 26,
        "Cost of sales": 8194,
        "Enterprise cost management": 2979,
        "Total Operating Expenses": 11210,
        "Total revenue financing activities": 2726,
        "Net profit from business activities": 9155,
        "Profit": 140,
        "Profit before tax": 27652,
        "Present corporate income tax expenses": 2826,
        "Deferred income taxes expenses": "N/A",
        "The interests of minority shareholders": "N/A",
        "Total Cost of profits": 2826,
        "Profit after tax corporate income": 6469,
        "Volume": 10269408,
        "Close of Quarter": 13.7,
        "EPS": 2167.3,
        "Non-adjusted EPS": 2371,
        "PE": 5.8,
        "Book Price": 15.1
      }
    },
    {
      "quarter": "Q2 2011",
      "income status": {
        "Net sales": 465374,
        "Cost of goods sold": 446600,
        "Gross Profit": 18774,
        "Financial expenses": 86,
        "Of which: Interest expense": 63,
        "Cost of sales": 8126,
        "Enterprise cost management": 2643,
        "Total Operating Expenses": 10855,
        "Total revenue financing activities": 2529,
        "Net profit from business activities": 10447,
        "Profit": 112,
        "Profit before tax": 10560,
        "Present corporate income tax expenses": 2565,
        "Deferred income taxes expenses": "N/A",
        "The interests of minority shareholders": "N/A",
        "Total Cost of profits": 2565,
        "Profit after tax corporate income": 7994,
        "Volume": 10269408,
        "Close of Quarter": 14.8,
        "EPS": 5040.2,
        "Non-adjusted EPS": 5514,
        "PE": 2.7,
        "Book Price": 14.4
      }
    },
    {
      "quarter": "Q1 2011",
      "income status": {
        "Net sales": 375994,
        "Cost of goods sold": 359519,
        "Gross Profit": 16475,
        "Financial expenses": 697,
        "Of which: Interest expense": 697,
        "Cost of sales": 7558,
        "Enterprise cost management": 3542,
        "Total Operating Expenses": 11797,
        "Total revenue financing activities": 2441,
        "Net profit from business activities": 7120,
        "Profit": 678,
        "Profit before tax": 7798,
        "Present corporate income tax expenses": 1979,
        "Deferred income taxes expenses": "N/A",
        "The interests of minority shareholders": "N/A",
        "Total Cost of profits": 1979,
        "Profit after tax corporate income": 5818,
        "Volume": 10269408,
        "Close of Quarter": 13.1,
        "EPS": 4713.9,
        "Non-adjusted EPS": 5157,
        "PE": 2.5,
        "Book Price": 15.0
      }
    },
    {
      "quarter": "Q4 2010",
      "income status": {
        "Net sales": 356520,
        "Cost of goods sold": 340927,
        "Gross Profit": 15593,
        "Financial expenses": 210,
        "Of which: Interest expense": 210,
        "Cost of sales": 8603,
        "Enterprise cost management": 4212,
        "Total Operating Expenses": 13025,
        "Total revenue financing activities": 2477,
        "Net profit from business activities": 5045,
        "Profit": 563,
        "Profit before tax": 5608,
        "Present corporate income tax expenses": 1545,
        "Deferred income taxes expenses": "N/A",
        "The interests of minority shareholders": "N/A",
        "Total Cost of profits": 1545,
        "Profit after tax corporate income": 4064,
        "Volume": 10269408,
        "Close of Quarter": 15.6,
        "EPS": 4904.0,
        "Non-adjusted EPS": 5365,
        "PE": 2.9,
        "Book Price": 14.5
      }
    },
    {
      "quarter": "Q3 2010",
      "income status": {
        "Net sales": 420697,
        "Cost of goods sold": 359585,
        "Gross Profit": 61112,
        "Financial expenses": 141,
        "Of which: Interest expense": 140,
        "Cost of sales": 8982,
        "Enterprise cost management": 3484,
        "Total Operating Expenses": 12607,
        "Total revenue financing activities": 2820,
        "Net profit from business activities": 51325,
        "Profit": 197,
        "Profit before tax": 51521,
        "Present corporate income tax expenses": 12771,
        "Deferred income taxes expenses": "N/A",
        "The interests of minority shareholders": "N/A",
        "Total Cost of profits": 12771,
        "Profit after tax corporate income": 38751,
        "Volume": 10269408,
        "Close of Quarter": 19.0,
        "EPS": 5735.8,
        "Non-adjusted EPS": 6275,
        "PE": 3.0,
        "Book Price": 15.1
      }
    },
    {
      "quarter": "Q2 2010",
      "income status": {
        "Net sales": 353031,
        "Cost of goods sold": 339803,
        "Gross Profit": 13228,
        "Financial expenses": 112,
        "Of which: Interest expense": 31,
        "Cost of sales": 7010,
        "Enterprise cost management": 3243,
        "Total Operating Expenses": 10365,
        "Total revenue financing activities": 2588,
        "Net profit from business activities": 5452,
        "Profit": 115,
        "Profit before tax": 5567,
        "Present corporate income tax expenses": 1245,
        "Deferred income taxes expenses": "N/A",
        "The interests of minority shareholders": "N/A",
        "Total Cost of profits": 1245,
        "Profit after tax corporate income": 4322,
        "Volume": 8108665,
        "Close of Quarter": 20.3,
        "EPS": 3888.0,
        "Non-adjusted EPS": 5387,
        "PE": 3.8,
        "Book Price": 11.7
      }
    },
    {
      "quarter": "Q1 2010",
      "income status": {
        "Net sales": 332462,
        "Cost of goods sold": 313423,
        "Gross Profit": 19039,
        "Financial expenses": 406,
        "Of which: Interest expense": 403,
        "Cost of sales": 7724,
        "Enterprise cost management": 2659,
        "Total Operating Expenses": 10789,
        "Total revenue financing activities": 2196,
        "Net profit from business activities": 10446,
        "Profit": 41,
        "Profit before tax": 10487,
        "Present corporate income tax expenses": 2528,
        "Deferred income taxes expenses": "N/A",
        "The interests of minority shareholders": "N/A",
        "Total Cost of profits": 2528,
        "Profit after tax corporate income": 7959,
        "Volume": 8108665,
        "Close of Quarter": 23.9,
        "EPS": 3933.5,
        "Non-adjusted EPS": 5450,
        "PE": 4.4,
        "Book Price": 11.8
      }
    },
    {
      "quarter": "Q4 2009",
      "income status": {
        "Net sales": 321393,
        "Cost of goods sold": 301112,
        "Gross Profit": 20281,
        "Financial expenses": 403,
        "Of which: Interest expense": "N/A",
        "Cost of sales": 4511,
        "Enterprise cost management": 2333,
        "Total Operating Expenses": 7247,
        "Total revenue financing activities": 2229,
        "Net profit from business activities": 15263,
        "Profit": 1053,
        "Profit before tax": 16316,
        "Present corporate income tax expenses": 2909,
        "Deferred income taxes expenses": "N/A",
        "The interests of minority shareholders": "N/A",
        "Total Cost of profits": 2909,
        "Profit after tax corporate income": 13407,
        "Volume": 8108665,
        "Close of Quarter": 19.9,
        "EPS": 3877.2,
        "Non-adjusted EPS": 5372,
        "PE": 3.7,
        "Book Price": 11.8
      }
    },
    {
      "quarter": "Q3 2009",
      "income status": {
        "Net sales": 330729,
        "Cost of goods sold": 300740,
        "Gross Profit": 29989,
        "Financial expenses": 243,
        "Of which: Interest expense": 235,
        "Cost of sales": 5237,
        "Enterprise cost management": 2889,
        "Total Operating Expenses": 8369,
        "Total revenue financing activities": 1289,
        "Net profit from business activities": 22909,
        "Profit": -45,
        "Profit before tax": 22864,
        "Present corporate income tax expenses": 4874,
        "Deferred income taxes expenses": "N/A",
        "The interests of minority shareholders": "N/A",
        "Total Cost of profits": 4874,
        "Profit after tax corporate income": 17990,
        "Volume": 4590000,
        "Close of Quarter": 22.7,
        "EPS": 3551.5,
        "Non-adjusted EPS": 8693,
        "PE": 2.6,
        "Book Price": 9.3
      }
    },
    {
      "quarter": "Q2 2009",
      "income status": {
        "Net sales": 242681,
        "Cost of goods sold": 225270,
        "Gross Profit": 17411,
        "Financial expenses": 521,
        "Of which: Interest expense": 208,
        "Cost of sales": 8896,
        "Enterprise cost management": 3593,
        "Total Operating Expenses": 13010,
        "Total revenue financing activities": 1066,
        "Net profit from business activities": 5466,
        "Profit": 327,
        "Profit before tax": 5793,
        "Present corporate income tax expenses": 959,
        "Deferred income taxes expenses": "N/A",
        "The interests of minority shareholders": "N/A",
        "Total Cost of profits": 959,
        "Profit after tax corporate income": 4835,
        "Volume": 4590000,
        "Close of Quarter": 14.5,
        "EPS": 2290.8,
        "Non-adjusted EPS": 5607,
        "PE": 2.6,
        "Book Price": 8.5
      }
    },
    {
      "quarter": "Q1 2009",
      "income status": {
        "Net sales": 213696,
        "Cost of goods sold": 192527,
        "Gross Profit": 21170,
        "Financial expenses": 49,
        "Of which: Interest expense": 37,
        "Cost of sales": 9073,
        "Enterprise cost management": 3406,
        "Total Operating Expenses": 12528,
        "Total revenue financing activities": 166,
        "Net profit from business activities": 8808,
        "Profit": -20,
        "Profit before tax": 8788,
        "Present corporate income tax expenses": 1460,
        "Deferred income taxes expenses": "N/A",
        "The interests of minority shareholders": "N/A",
        "Total Cost of profits": 1460,
        "Profit after tax corporate income": 7328,
        "Volume": 4590000,
        "Close of Quarter": 12.2,
        "EPS": 2028.9,
        "Non-adjusted EPS": 4966,
        "PE": 2.5,
        "Book Price": 8.1
      }
    },
    {
      "quarter": "Q4 2008",
      "income status": {
        "Net sales": 276602,
        "Cost of goods sold": 257207,
        "Gross Profit": 19396,
        "Financial expenses": 4416,
        "Of which: Interest expense": 762,
        "Cost of sales": 3711,
        "Enterprise cost management": 1833,
        "Total Operating Expenses": 9960,
        "Total revenue financing activities": 560,
        "Net profit from business activities": 9996,
        "Profit": 2151,
        "Profit before tax": 12147,
        "Present corporate income tax expenses": 2399,
        "Deferred income taxes expenses": "N/A",
        "The interests of minority shareholders": "N/A",
        "Total Cost of profits": 2399,
        "Profit after tax corporate income": 9748,
        "Volume": 3400000,
        "Close of Quarter": 8.5,
        "EPS": 1635.7,
        "Non-adjusted EPS": 5405,
        "PE": 1.6,
        "Book Price": 7.7
      }
    },
    {
      "quarter": "Q3 2008",
      "income status": {
        "Net sales": 340420,
        "Cost of goods sold": 320366,
        "Gross Profit": 20053,
        "Financial expenses": 1917,
        "Of which: Interest expense": "N/A",
        "Cost of sales": 11458,
        "Enterprise cost management": 2124,
        "Total Operating Expenses": 15499,
        "Total revenue financing activities": 484,
        "Net profit from business activities": 5038,
        "Profit": 94,
        "Profit before tax": 5131,
        "Present corporate income tax expenses": 1304,
        "Deferred income taxes expenses": "N/A",
        "The interests of minority shareholders": "N/A",
        "Total Cost of profits": 1304,
        "Profit after tax corporate income": 3827,
        "Volume": 3400000,
        "Close of Quarter": 6.9,
        "EPS": 1046.8,
        "Non-adjusted EPS": 3459,
        "PE": 2,
        "Book Price": 7.1
      }
    },
    {
      "quarter": "Q2 2008",
      "income status": {
        "Net sales": 319517,
        "Cost of goods sold": 309817,
        "Gross Profit": 9700,
        "Financial expenses": 723,
        "Of which: Interest expense": 570,
        "Cost of sales": 5575,
        "Enterprise cost management": 1552,
        "Total Operating Expenses": 7850,
        "Total revenue financing activities": 571,
        "Net profit from business activities": 2421,
        "Profit": 70,
        "Profit before tax": 2492,
        "Present corporate income tax expenses": 603,
        "Deferred income taxes expenses": "N/A",
        "The interests of minority shareholders": "N/A",
        "Total Cost of profits": 603,
        "Profit after tax corporate income": 1889,
        "Volume": 3400000,
        "Close of Quarter": 4.5,
        "EPS": 840.7,
        "Non-adjusted EPS": 2778,
        "PE": 1.6,
        "Book Price": 6.8
      }
    },
    {
      "quarter": "Q1 2008",
      "income status": {
        "Net sales": 269333,
        "Cost of goods sold": 253186,
        "Gross Profit": 16147,
        "Financial expenses": 530,
        "Of which: Interest expense": 497,
        "Cost of sales": 8716,
        "Enterprise cost management": 2986,
        "Total Operating Expenses": 12232,
        "Total revenue financing activities": 114,
        "Net profit from business activities": 4029,
        "Profit": 4,
        "Profit before tax": 4033,
        "Present corporate income tax expenses": 1120,
        "Deferred income taxes expenses": "N/A",
        "The interests of minority shareholders": "N/A",
        "Total Cost of profits": 1120,
        "Profit after tax corporate income": 2913,
        "Volume": 3400000,
        "Close of Quarter": 6.7,
        "EPS": 805,
        "Non-adjusted EPS": 2660,
        "PE": 2.5,
        "Book Price": 6.7
      }
    },
    {
      "quarter": "Q4 2007",
      "income status": {
        "Net sales": 246757,
        "Cost of goods sold": 234631,
        "Gross Profit": 12126,
        "Financial expenses": 376,
        "Of which: Interest expense": 253,
        "Cost of sales": 7406,
        "Enterprise cost management": 1656,
        "Total Operating Expenses": 9438,
        "Total revenue financing activities": 822,
        "Net profit from business activities": 3511,
        "Profit": 65,
        "Profit before tax": 3576,
        "Present corporate income tax expenses": 443,
        "Deferred income taxes expenses": "N/A",
        "The interests of minority shareholders": "N/A",
        "Total Cost of profits": 443,
        "Profit after tax corporate income": 3132,
        "Volume": 3400000,
        "Close of Quarter": 10.5,
        "EPS": 743.6,
        "Non-adjusted EPS": 2457,
        "PE": 4.3,
        "Book Price": 6.7
      }
    },
    {
      "quarter": "Q3 2007",
      "income status": {
        "Net sales": 209733,
        "Cost of goods sold": 202339,
        "Gross Profit": 7394,
        "Financial expenses": 758,
        "Of which: Interest expense": 758,
        "Cost of sales": 3916,
        "Enterprise cost management": 1099,
        "Total Operating Expenses": 5773,
        "Total revenue financing activities": 57,
        "Net profit from business activities": 1677,
        "Profit": 32,
        "Profit before tax": 1709,
        "Present corporate income tax expenses": 196,
        "Deferred income taxes expenses": "N/A",
        "The interests of minority shareholders": "N/A",
        "Total Cost of profits": 196,
        "Profit after tax corporate income": 1512,
        "Volume": 1700000,
        "Close of Quarter": 10.7,
        "EPS": 619.9,
        "Non-adjusted EPS": 4097,
        "PE": 2.6,
        "Book Price": 3.5
      }
    },
    {
      "quarter": "Q2 2007",
      "income status": {
        "Net sales": 183209,
        "Cost of goods sold": 175700,
        "Gross Profit": 7509,
        "Financial expenses": 602,
        "Of which: Interest expense": 601,
        "Cost of sales": 3994,
        "Enterprise cost management": 1143,
        "Total Operating Expenses": 5739,
        "Total revenue financing activities": 39,
        "Net profit from business activities": 1810,
        "Profit": -74,
        "Profit before tax": 1736,
        "Present corporate income tax expenses": 248,
        "Deferred income taxes expenses": "N/A",
        "The interests of minority shareholders": "N/A",
        "Total Cost of profits": 248,
        "Profit after tax corporate income": 1488,
        "Volume": 1700000,
        "Close of Quarter": 9.7,
        "EPS": 676.5,
        "Non-adjusted EPS": 4471,
        "PE": 2.2,
        "Book Price": 3.5
      }
    },
    {
      "quarter": "Q1 2007",
      "income status": {
        "Net sales": 161427,
        "Cost of goods sold": 152358,
        "Gross Profit": 9068,
        "Financial expenses": 301,
        "Of which: Interest expense": 289,
        "Cost of sales": 4937,
        "Enterprise cost management": 1376,
        "Total Operating Expenses": 6614,
        "Total revenue financing activities": 54,
        "Net profit from business activities": 2508,
        "Profit": 47,
        "Profit before tax": 2555,
        "Present corporate income tax expenses": 334,
        "Deferred income taxes expenses": "N/A",
        "The interests of minority shareholders": "N/A",
        "Total Cost of profits": 334,
        "Profit after tax corporate income": 2221,
        "Volume": 1700000,
        "Close of Quarter": 8.6,
        "EPS": 765.7,
        "Non-adjusted EPS": 5060,
        "PE": 1.7,
        "Book Price": 3.4
      }
    },
    {
      "quarter": "Q4 2006",
      "income status": {
        "Net sales": 169087,
        "Cost of goods sold": 161859,
        "Gross Profit": 7227,
        "Financial expenses": 305,
        "Of which: Interest expense": 204,
        "Cost of sales": 3815,
        "Enterprise cost management": 1269,
        "Total Operating Expenses": 5389,
        "Total revenue financing activities": 85,
        "Net profit from business activities": 1924,
        "Profit": 102,
        "Profit before tax": 2026,
        "Present corporate income tax expenses": 282,
        "Deferred income taxes expenses": "N/A",
        "The interests of minority shareholders": "N/A",
        "Total Cost of profits": 282,
        "Profit after tax corporate income": 1744,
        "Volume": 1700000,
        "Close of Quarter": 4.1,
        "EPS": 702.0,
        "Non-adjusted EPS": 4639,
        "PE": 0.9,
        "Book Price": 3.4
      }
    },
    {
      "quarter": "Q3 2006",
      "income status": {
        "Net sales": 167964,
        "Cost of goods sold": 159244,
        "Gross Profit": 8720,
        "Financial expenses": 396,
        "Of which: Interest expense": 396,
        "Cost of sales": 5057,
        "Enterprise cost management": 937,
        "Total Operating Expenses": 6390,
        "Total revenue financing activities": 20,
        "Net profit from business activities": 2349,
        "Profit": 79,
        "Profit before tax": 2428,
        "Present corporate income tax expenses": 280,
        "Deferred income taxes expenses": "N/A",
        "The interests of minority shareholders": "N/A",
        "Total Cost of profits": 280,
        "Profit after tax corporate income": 2148,
        "Volume": 1700000,
        "Close of Quarter": 4.8,
        "EPS": 546.9,
        "Non-adjusted EPS": 3614,
        "PE": 1.3,
        "Book Price": 3.2
      }
    },
    {
      "quarter": "Q2 2006",
      "income status": {
        "Net sales": 161434,
        "Cost of goods sold": 152158,
        "Gross Profit": 9277,
        "Financial expenses": 465,
        "Of which: Interest expense": 464,
        "Cost of sales": 5248,
        "Enterprise cost management": 868,
        "Total Operating Expenses": 6581,
        "Total revenue financing activities": 27,
        "Net profit from business activities": 2723,
        "Profit": 77,
        "Profit before tax": 2800,
        "Present corporate income tax expenses": 310,
        "Deferred income taxes expenses": "N/A",
        "The interests of minority shareholders": "N/A",
        "Total Cost of profits": 310,
        "Profit after tax corporate income": 2489,
        "Volume": 1700000,
        "Close of Quarter": 4.1,
        "EPS": 355.6,
        "Non-adjusted EPS": 2350,
        "PE": 1.7,
        "Book Price": 3.1
      }
    },
    {
      "quarter": "Q1 2006",
      "income status": {
        "Net sales": 146146,
        "Cost of goods sold": 139844,
        "Gross Profit": 6303,
        "Financial expenses": 339,
        "Of which: Interest expense": 333,
        "Cost of sales": 3358,
        "Enterprise cost management": 1061,
        "Total Operating Expenses": 4758,
        "Total revenue financing activities": 35,
        "Net profit from business activities": 1579,
        "Profit": 113,
        "Profit before tax": 1692,
        "Present corporate income tax expenses": 187,
        "Deferred income taxes expenses": "N/A",
        "The interests of minority shareholders": "N/A",
        "Total Cost of profits": 187,
        "Profit after tax corporate income": 1506,
        "Volume": 1700000,
        "Close of Quarter": 3.7,
        "EPS": 134.1,
        "Non-adjusted EPS": 886,
        "PE": 4.2,
        "Book Price": 2.9
      }
    }
  ]
}