{
  "ticker": "RCL",
  "data": [
    {
      "quarter": "Q1 2017",
      "income status": {
        "Net sales": 34895,
        "Cost of goods sold": 26741,
        "Gross Profit": 8154,
        "Financial expenses": "N/A",
        "Of which: Interest expense": "N/A",
        "Cost of sales": 32,
        "Enterprise cost management": 4258,
        "Total Operating Expenses": 4290,
        "Total revenue financing activities": 375,
        "Net profit from business activities": 4239,
        "Profit": 66,
        "Profit before tax": 4305,
        "Present corporate income tax expenses": 810,
        "Deferred income taxes expenses": 65,
        "The interests of minority shareholders": "N/A",
        "Total Cost of profits": 875,
        "Profit after tax corporate income": 3430,
        "Volume": 7559358,
        "Close of Quarter": 22.4,
        "EPS": 1377,
        "Non-adjusted EPS": 1377,
        "PE": 16.3,
        "Book Price": 29.2
      }
    },
    {
      "quarter": "Q4 2016",
      "income status": {
        "Net sales": 14346,
        "Cost of goods sold": 7605,
        "Gross Profit": 6742,
        "Financial expenses": 31,
        "Of which: Interest expense": 31,
        "Cost of sales": 41,
        "Enterprise cost management": 2939,
        "Total Operating Expenses": 3011,
        "Total revenue financing activities": 1431,
        "Net profit from business activities": 5161,
        "Profit": 666,
        "Profit before tax": 5827,
        "Present corporate income tax expenses": 1036,
        "Deferred income taxes expenses": 63,
        "The interests of minority shareholders": "N/A",
        "Total Cost of profits": 1099,
        "Profit after tax corporate income": 4728,
        "Volume": 7559358,
        "Close of Quarter": 23.0,
        "EPS": 1492,
        "Non-adjusted EPS": 1492,
        "PE": 15.4,
        "Book Price": 28.8
      }
    },
    {
      "quarter": "Q3 2016",
      "income status": {
        "Net sales": 25645,
        "Cost of goods sold": 21186,
        "Gross Profit": 4459,
        "Financial expenses": 8,
        "Of which: Interest expense": 8,
        "Cost of sales": 70,
        "Enterprise cost management": 4286,
        "Total Operating Expenses": 4364,
        "Total revenue financing activities": 340,
        "Net profit from business activities": 434,
        "Profit": -150,
        "Profit before tax": 285,
        "Present corporate income tax expenses": -4,
        "Deferred income taxes expenses": 102,
        "The interests of minority shareholders": "N/A",
        "Total Cost of profits": 98,
        "Profit after tax corporate income": 187,
        "Volume": 5039709,
        "Close of Quarter": 19.8,
        "EPS": 1219.4,
        "Non-adjusted EPS": 1829,
        "PE": 10.8,
        "Book Price": 28.2
      }
    },
    {
      "quarter": "Q2 2016",
      "income status": {
        "Net sales": 13378,
        "Cost of goods sold": 10633,
        "Gross Profit": 2745,
        "Financial expenses": 29,
        "Of which: Interest expense": 29,
        "Cost of sales": 20,
        "Enterprise cost management": 2967,
        "Total Operating Expenses": 3016,
        "Total revenue financing activities": 9159,
        "Net profit from business activities": 8889,
        "Profit": -6323,
        "Profit before tax": 2566,
        "Present corporate income tax expenses": 462,
        "Deferred income taxes expenses": 41,
        "The interests of minority shareholders": "N/A",
        "Total Cost of profits": 503,
        "Profit after tax corporate income": 2062,
        "Volume": 5039709,
        "Close of Quarter": 17.5,
        "EPS": 1476.0,
        "Non-adjusted EPS": 2214,
        "PE": 7.9,
        "Book Price": 23.2
      }
    },
    {
      "quarter": "Q1 2016",
      "income status": {
        "Net sales": 5219,
        "Cost of goods sold": 3364,
        "Gross Profit": 1855,
        "Financial expenses": "N/A",
        "Of which: Interest expense": "N/A",
        "Cost of sales": 56,
        "Enterprise cost management": 2849,
        "Total Operating Expenses": 2905,
        "Total revenue financing activities": 493,
        "Net profit from business activities": -557,
        "Profit": 5985,
        "Profit before tax": 5428,
        "Present corporate income tax expenses": 1108,
        "Deferred income taxes expenses": 16,
        "The interests of minority shareholders": "N/A",
        "Total Cost of profits": 1124,
        "Profit after tax corporate income": 4304,
        "Volume": 5039709,
        "Close of Quarter": 20.4,
        "EPS": 2274.7,
        "Non-adjusted EPS": 3412,
        "PE": 6.0,
        "Book Price": 22.9
      }
    },
    {
      "quarter": "Q4 2015",
      "income status": {
        "Net sales": 22405,
        "Cost of goods sold": 19108,
        "Gross Profit": 3297,
        "Financial expenses": -578,
        "Of which: Interest expense": "N/A",
        "Cost of sales": 102,
        "Enterprise cost management": 4977,
        "Total Operating Expenses": 4501,
        "Total revenue financing activities": 2282,
        "Net profit from business activities": 1078,
        "Profit": 2179,
        "Profit before tax": 3258,
        "Present corporate income tax expenses": 506,
        "Deferred income taxes expenses": 87,
        "The interests of minority shareholders": "N/A",
        "Total Cost of profits": 593,
        "Profit after tax corporate income": 2665,
        "Volume": 5039709,
        "Close of Quarter": 21.2,
        "EPS": 2462.7,
        "Non-adjusted EPS": 3694,
        "PE": 5.7,
        "Book Price": 23.8
      }
    },
    {
      "quarter": "Q3 2015",
      "income status": {
        "Net sales": 17159,
        "Cost of goods sold": 12039,
        "Gross Profit": 5120,
        "Financial expenses": "N/A",
        "Of which: Interest expense": "N/A",
        "Cost of sales": 230,
        "Enterprise cost management": 2946,
        "Total Operating Expenses": 3176,
        "Total revenue financing activities": 645,
        "Net profit from business activities": 2589,
        "Profit": 151,
        "Profit before tax": 2740,
        "Present corporate income tax expenses": 623,
        "Deferred income taxes expenses": -12,
        "The interests of minority shareholders": "N/A",
        "Total Cost of profits": 611,
        "Profit after tax corporate income": 2129,
        "Volume": 5039709,
        "Close of Quarter": 20.5,
        "EPS": 2553.4,
        "Non-adjusted EPS": 3830,
        "PE": 5.4,
        "Book Price": 23.7
      }
    },
    {
      "quarter": "Q2 2015",
      "income status": {
        "Net sales": 29542,
        "Cost of goods sold": 17473,
        "Gross Profit": 12069,
        "Financial expenses": -322,
        "Of which: Interest expense": "N/A",
        "Cost of sales": 111,
        "Enterprise cost management": 4088,
        "Total Operating Expenses": 3877,
        "Total revenue financing activities": 1255,
        "Net profit from business activities": 9447,
        "Profit": 848,
        "Profit before tax": 10295,
        "Present corporate income tax expenses": 2118,
        "Deferred income taxes expenses": 81,
        "The interests of minority shareholders": "N/A",
        "Total Cost of profits": 2199,
        "Profit after tax corporate income": 8096,
        "Volume": 5039709,
        "Close of Quarter": 20.8,
        "EPS": 3082.1,
        "Non-adjusted EPS": 4623,
        "PE": 4.5,
        "Book Price": 23.8
      }
    },
    {
      "quarter": "Q1 2015",
      "income status": {
        "Net sales": 57402,
        "Cost of goods sold": 45483,
        "Gross Profit": 11919,
        "Financial expenses": "N/A",
        "Of which: Interest expense": "N/A",
        "Cost of sales": 36,
        "Enterprise cost management": 5129,
        "Total Operating Expenses": 5165,
        "Total revenue financing activities": 95,
        "Net profit from business activities": 6849,
        "Profit": 504,
        "Profit before tax": 7353,
        "Present corporate income tax expenses": 1630,
        "Deferred income taxes expenses": -5,
        "The interests of minority shareholders": "N/A",
        "Total Cost of profits": 1625,
        "Profit after tax corporate income": 5728,
        "Volume": 5039709,
        "Close of Quarter": 20.6,
        "EPS": 2941.4,
        "Non-adjusted EPS": 4412,
        "PE": 4.7,
        "Book Price": 24.3
      }
    },
    {
      "quarter": "Q4 2014",
      "income status": {
        "Net sales": 42973,
        "Cost of goods sold": 34200,
        "Gross Profit": 8773,
        "Financial expenses": 224,
        "Of which: Interest expense": "N/A",
        "Cost of sales": 260,
        "Enterprise cost management": 6130,
        "Total Operating Expenses": 6614,
        "Total revenue financing activities": 1928,
        "Net profit from business activities": 4088,
        "Profit": 214,
        "Profit before tax": 4303,
        "Present corporate income tax expenses": 1057,
        "Deferred income taxes expenses": -102,
        "The interests of minority shareholders": "N/A",
        "Total Cost of profits": 955,
        "Profit after tax corporate income": 3347,
        "Volume": 5039709,
        "Close of Quarter": 19.9,
        "EPS": 2842.1,
        "Non-adjusted EPS": 4263,
        "PE": 4.7,
        "Book Price": 23.5
      }
    },
    {
      "quarter": "Q3 2014",
      "income status": {
        "Net sales": 58370,
        "Cost of goods sold": 44840,
        "Gross Profit": 13530,
        "Financial expenses": 7,
        "Of which: Interest expense": 7,
        "Cost of sales": 169,
        "Enterprise cost management": 6042,
        "Total Operating Expenses": 6218,
        "Total revenue financing activities": 510,
        "Net profit from business activities": 7823,
        "Profit": 52,
        "Profit before tax": 7874,
        "Present corporate income tax expenses": 1700,
        "Deferred income taxes expenses": 43,
        "The interests of minority shareholders": "N/A",
        "Total Cost of profits": 1743,
        "Profit after tax corporate income": 6130,
        "Volume": 5039709,
        "Close of Quarter": 19.1,
        "EPS": 3026.8,
        "Non-adjusted EPS": 4540,
        "PE": 4.2,
        "Book Price": 23.1
      }
    },
    {
      "quarter": "Q2 2014",
      "income status": {
        "Net sales": 38302,
        "Cost of goods sold": 25216,
        "Gross Profit": 13087,
        "Financial expenses": 115,
        "Of which: Interest expense": "N/A",
        "Cost of sales": 206,
        "Enterprise cost management": 5090,
        "Total Operating Expenses": 5411,
        "Total revenue financing activities": 921,
        "Net profit from business activities": 8597,
        "Profit": 316,
        "Profit before tax": 8913,
        "Present corporate income tax expenses": 1925,
        "Deferred income taxes expenses": -41,
        "The interests of minority shareholders": "N/A",
        "Total Cost of profits": 1884,
        "Profit after tax corporate income": 7029,
        "Volume": 5039709,
        "Close of Quarter": 17.4,
        "EPS": 2710.7,
        "Non-adjusted EPS": 4066,
        "PE": 4.3,
        "Book Price": 22.3
      }
    },
    {
      "quarter": "Q1 2014",
      "income status": {
        "Net sales": 60532,
        "Cost of goods sold": 48035,
        "Gross Profit": 12497,
        "Financial expenses": "N/A",
        "Of which: Interest expense": "N/A",
        "Cost of sales": 100,
        "Enterprise cost management": 6635,
        "Total Operating Expenses": 6735,
        "Total revenue financing activities": 437,
        "Net profit from business activities": 6198,
        "Profit": 183,
        "Profit before tax": 6381,
        "Present corporate income tax expenses": 1434,
        "Deferred income taxes expenses": -29,
        "The interests of minority shareholders": "N/A",
        "Total Cost of profits": 1405,
        "Profit after tax corporate income": 4977,
        "Volume": 5039709,
        "Close of Quarter": 19.0,
        "EPS": 2698.1,
        "Non-adjusted EPS": 4047,
        "PE": 4.7,
        "Book Price": 22.9
      }
    },
    {
      "quarter": "Q4 2013",
      "income status": {
        "Net sales": 73579,
        "Cost of goods sold": 64115,
        "Gross Profit": 9464,
        "Financial expenses": -734,
        "Of which: Interest expense": -734,
        "Cost of sales": 107,
        "Enterprise cost management": 7714,
        "Total Operating Expenses": 7087,
        "Total revenue financing activities": 3545,
        "Net profit from business activities": 5922,
        "Profit": 351,
        "Profit before tax": 6273,
        "Present corporate income tax expenses": 1588,
        "Deferred income taxes expenses": -58,
        "The interests of minority shareholders": "N/A",
        "Total Cost of profits": 1530,
        "Profit after tax corporate income": 4743,
        "Volume": 5039709,
        "Close of Quarter": 13.1,
        "EPS": 2591.4,
        "Non-adjusted EPS": 3887,
        "PE": 3.4,
        "Book Price": 22.3
      }
    },
    {
      "quarter": "Q3 2013",
      "income status": {
        "Net sales": 39342,
        "Cost of goods sold": 30679,
        "Gross Profit": 8663,
        "Financial expenses": "N/A",
        "Of which: Interest expense": "N/A",
        "Cost of sales": 185,
        "Enterprise cost management": 4301,
        "Total Operating Expenses": 4486,
        "Total revenue financing activities": 634,
        "Net profit from business activities": 4811,
        "Profit": 206,
        "Profit before tax": 5017,
        "Present corporate income tax expenses": 1252,
        "Deferred income taxes expenses": 25,
        "The interests of minority shareholders": "N/A",
        "Total Cost of profits": 1277,
        "Profit after tax corporate income": 3740,
        "Volume": 5039709,
        "Close of Quarter": 11.7,
        "EPS": 2684.1,
        "Non-adjusted EPS": 4026,
        "PE": 2.9,
        "Book Price": 21.7
      }
    },
    {
      "quarter": "Q2 2013",
      "income status": {
        "Net sales": 32632,
        "Cost of goods sold": 22592,
        "Gross Profit": 10040,
        "Financial expenses": -270,
        "Of which: Interest expense": 2,
        "Cost of sales": 360,
        "Enterprise cost management": 4681,
        "Total Operating Expenses": 4771,
        "Total revenue financing activities": 1553,
        "Net profit from business activities": 6822,
        "Profit": 2279,
        "Profit before tax": 9102,
        "Present corporate income tax expenses": -1628,
        "Deferred income taxes expenses": 3793,
        "The interests of minority shareholders": "N/A",
        "Total Cost of profits": 2165,
        "Profit after tax corporate income": 6936,
        "Volume": 5039709,
        "Close of Quarter": 12.0,
        "EPS": 2622.7,
        "Non-adjusted EPS": 3934,
        "PE": 3.1,
        "Book Price": 22.2
      }
    },
    {
      "quarter": "Q1 2013",
      "income status": {
        "Net sales": 30841,
        "Cost of goods sold": 22009,
        "Gross Profit": 8832,
        "Financial expenses": "N/A",
        "Of which: Interest expense": "N/A",
        "Cost of sales": 43,
        "Enterprise cost management": 3970,
        "Total Operating Expenses": 4013,
        "Total revenue financing activities": 633,
        "Net profit from business activities": 5452,
        "Profit": 86,
        "Profit before tax": 5538,
        "Present corporate income tax expenses": 1482,
        "Deferred income taxes expenses": -114,
        "The interests of minority shareholders": "N/A",
        "Total Cost of profits": 1368,
        "Profit after tax corporate income": 4170,
        "Volume": 4499763,
        "Close of Quarter": 11.4,
        "EPS": 2886.4,
        "Non-adjusted EPS": 4849,
        "PE": 2.4,
        "Book Price": 22.0
      }
    },
    {
      "quarter": "Q4 2012",
      "income status": {
        "Net sales": 41100,
        "Cost of goods sold": 29866,
        "Gross Profit": 11234,
        "Financial expenses": 7,
        "Of which: Interest expense": 303,
        "Cost of sales": 40,
        "Enterprise cost management": 4353,
        "Total Operating Expenses": 4400,
        "Total revenue financing activities": 455,
        "Net profit from business activities": 7290,
        "Profit": -13,
        "Profit before tax": 7277,
        "Present corporate income tax expenses": 1842,
        "Deferred income taxes expenses": -9,
        "The interests of minority shareholders": "N/A",
        "Total Cost of profits": 1833,
        "Profit after tax corporate income": 5444,
        "Volume": 4499763,
        "Close of Quarter": 10.9,
        "EPS": 3066.8,
        "Non-adjusted EPS": 5152,
        "PE": 2.1,
        "Book Price": 21.5
      }
    },
    {
      "quarter": "Q3 2012",
      "income status": {
        "Net sales": 25662,
        "Cost of goods sold": 17236,
        "Gross Profit": 8426,
        "Financial expenses": 647,
        "Of which: Interest expense": 51,
        "Cost of sales": 151,
        "Enterprise cost management": 3624,
        "Total Operating Expenses": 4422,
        "Total revenue financing activities": 38,
        "Net profit from business activities": 4041,
        "Profit": 335,
        "Profit before tax": 4376,
        "Present corporate income tax expenses": 1067,
        "Deferred income taxes expenses": 35,
        "The interests of minority shareholders": "N/A",
        "Total Cost of profits": 1102,
        "Profit after tax corporate income": 3274,
        "Volume": 4499763,
        "Close of Quarter": 10.2,
        "EPS": 2790.6,
        "Non-adjusted EPS": 4688,
        "PE": 2.2,
        "Book Price": 20.8
      }
    },
    {
      "quarter": "Q2 2012",
      "income status": {
        "Net sales": 24952,
        "Cost of goods sold": 9810,
        "Gross Profit": 15143,
        "Financial expenses": -599,
        "Of which: Interest expense": 52,
        "Cost of sales": 402,
        "Enterprise cost management": 4289,
        "Total Operating Expenses": 4092,
        "Total revenue financing activities": 685,
        "Net profit from business activities": 11735,
        "Profit": -179,
        "Profit before tax": 11556,
        "Present corporate income tax expenses": 2780,
        "Deferred income taxes expenses": -156,
        "The interests of minority shareholders": "N/A",
        "Total Cost of profits": 2624,
        "Profit after tax corporate income": 8932,
        "Volume": 4499763,
        "Close of Quarter": 10.3,
        "EPS": 3143.6,
        "Non-adjusted EPS": 5281,
        "PE": 2.0,
        "Book Price": 20.4
      }
    },
    {
      "quarter": "Q1 2012",
      "income status": {
        "Net sales": 39521,
        "Cost of goods sold": 27969,
        "Gross Profit": 11553,
        "Financial expenses": "N/A",
        "Of which: Interest expense": "N/A",
        "Cost of sales": 29,
        "Enterprise cost management": 4247,
        "Total Operating Expenses": 4276,
        "Total revenue financing activities": 77,
        "Net profit from business activities": 7354,
        "Profit": 41,
        "Profit before tax": 7394,
        "Present corporate income tax expenses": 1375,
        "Deferred income taxes expenses": 486,
        "The interests of minority shareholders": "N/A",
        "Total Cost of profits": 1861,
        "Profit after tax corporate income": 5533,
        "Volume": 4499763,
        "Close of Quarter": 9.3,
        "EPS": 2829.3,
        "Non-adjusted EPS": 4753,
        "PE": 2.0,
        "Book Price": 20.1
      }
    },
    {
      "quarter": "Q4 2011",
      "income status": {
        "Net sales": 57463,
        "Cost of goods sold": 38227,
        "Gross Profit": 19237,
        "Financial expenses": 675,
        "Of which: Interest expense": 166,
        "Cost of sales": 326,
        "Enterprise cost management": 6496,
        "Total Operating Expenses": 7497,
        "Total revenue financing activities": 751,
        "Net profit from business activities": 12491,
        "Profit": -2284,
        "Profit before tax": 10207,
        "Present corporate income tax expenses": 7337,
        "Deferred income taxes expenses": -486,
        "The interests of minority shareholders": "N/A",
        "Total Cost of profits": 6851,
        "Profit after tax corporate income": 3356,
        "Volume": 4499763,
        "Close of Quarter": 7.0,
        "EPS": 3367.4,
        "Non-adjusted EPS": 5657,
        "PE": 1.2,
        "Book Price": 19.4
      }
    },
    {
      "quarter": "Q3 2011",
      "income status": {
        "Net sales": 47528,
        "Cost of goods sold": 34809,
        "Gross Profit": 12719,
        "Financial expenses": 1382,
        "Of which: Interest expense": 592,
        "Cost of sales": 190,
        "Enterprise cost management": 4314,
        "Total Operating Expenses": 5886,
        "Total revenue financing activities": 454,
        "Net profit from business activities": 7287,
        "Profit": 276,
        "Profit before tax": 7563,
        "Present corporate income tax expenses": 1621,
        "Deferred income taxes expenses": "N/A",
        "The interests of minority shareholders": "N/A",
        "Total Cost of profits": 1621,
        "Profit after tax corporate income": 5942,
        "Volume": 4499763,
        "Close of Quarter": 11.0,
        "EPS": 4951.4,
        "Non-adjusted EPS": 8318,
        "PE": 1.3,
        "Book Price": 19.1
      }
    },
    {
      "quarter": "Q2 2011",
      "income status": {
        "Net sales": 21167,
        "Cost of goods sold": 11973,
        "Gross Profit": 9194,
        "Financial expenses": 1627,
        "Of which: Interest expense": 135,
        "Cost of sales": 125,
        "Enterprise cost management": 4799,
        "Total Operating Expenses": 6551,
        "Total revenue financing activities": 2575,
        "Net profit from business activities": 5218,
        "Profit": 2756,
        "Profit before tax": 7974,
        "Present corporate income tax expenses": 1505,
        "Deferred income taxes expenses": -88,
        "The interests of minority shareholders": "N/A",
        "Total Cost of profits": 1417,
        "Profit after tax corporate income": 6556,
        "Volume": 4499763,
        "Close of Quarter": 11.5,
        "EPS": 5119.2,
        "Non-adjusted EPS": 8600,
        "PE": 1.3,
        "Book Price": 18.4
      }
    },
    {
      "quarter": "Q1 2011",
      "income status": {
        "Net sales": 26971,
        "Cost of goods sold": 10992,
        "Gross Profit": 15980,
        "Financial expenses": 15,
        "Of which: Interest expense": 13,
        "Cost of sales": 423,
        "Enterprise cost management": 4246,
        "Total Operating Expenses": 4684,
        "Total revenue financing activities": 800,
        "Net profit from business activities": 12095,
        "Profit": "N/A",
        "Profit before tax": 12095,
        "Present corporate income tax expenses": 2407,
        "Deferred income taxes expenses": 89,
        "The interests of minority shareholders": "N/A",
        "Total Cost of profits": 2496,
        "Profit after tax corporate income": 9600,
        "Volume": 4499763,
        "Close of Quarter": 20.3,
        "EPS": 6088.3,
        "Non-adjusted EPS": 10228,
        "PE": 2.0,
        "Book Price": 18.4
      }
    },
    {
      "quarter": "Q4 2010",
      "income status": {
        "Net sales": 66571,
        "Cost of goods sold": 42969,
        "Gross Profit": 23602,
        "Financial expenses": -1408,
        "Of which: Interest expense": 205,
        "Cost of sales": 901,
        "Enterprise cost management": 7052,
        "Total Operating Expenses": 6545,
        "Total revenue financing activities": 2259,
        "Net profit from business activities": 19315,
        "Profit": 218,
        "Profit before tax": 19533,
        "Present corporate income tax expenses": 4012,
        "Deferred income taxes expenses": 191,
        "The interests of minority shareholders": "N/A",
        "Total Cost of profits": 4203,
        "Profit after tax corporate income": 15330,
        "Volume": 2999974,
        "Close of Quarter": 25.1,
        "EPS": 5831,
        "Non-adjusted EPS": 14693,
        "PE": 1.7,
        "Book Price": 17.1
      }
    },
    {
      "quarter": "Q3 2010",
      "income status": {
        "Net sales": 30272,
        "Cost of goods sold": 16648,
        "Gross Profit": 13625,
        "Financial expenses": 63,
        "Of which: Interest expense": 63,
        "Cost of sales": 809,
        "Enterprise cost management": 3821,
        "Total Operating Expenses": 4693,
        "Total revenue financing activities": 930,
        "Net profit from business activities": 9861,
        "Profit": -276,
        "Profit before tax": 9584,
        "Present corporate income tax expenses": 2243,
        "Deferred income taxes expenses": 129,
        "The interests of minority shareholders": "N/A",
        "Total Cost of profits": 2372,
        "Profit after tax corporate income": 7212,
        "Volume": 2999974,
        "Close of Quarter": 23.2,
        "EPS": 7913.3,
        "Non-adjusted EPS": 19940,
        "PE": 1.2,
        "Book Price": 14.9
      }
    },
    {
      "quarter": "Q2 2010",
      "income status": {
        "Net sales": 29268,
        "Cost of goods sold": 8309,
        "Gross Profit": 20959,
        "Financial expenses": 60,
        "Of which: Interest expense": "N/A",
        "Cost of sales": 141,
        "Enterprise cost management": 2464,
        "Total Operating Expenses": 2665,
        "Total revenue financing activities": 1027,
        "Net profit from business activities": 19321,
        "Profit": -1098,
        "Profit before tax": 18223,
        "Present corporate income tax expenses": 4981,
        "Deferred income taxes expenses": -638,
        "The interests of minority shareholders": "N/A",
        "Total Cost of profits": 4343,
        "Profit after tax corporate income": 13881,
        "Volume": 2999974,
        "Close of Quarter": 30.1,
        "EPS": 8242.7,
        "Non-adjusted EPS": 20770,
        "PE": 1.5,
        "Book Price": 15.0
      }
    },
    {
      "quarter": "Q1 2010",
      "income status": {
        "Net sales": 22797,
        "Cost of goods sold": 10980,
        "Gross Profit": 11816,
        "Financial expenses": 54,
        "Of which: Interest expense": 53,
        "Cost of sales": 96,
        "Enterprise cost management": 3098,
        "Total Operating Expenses": 3248,
        "Total revenue financing activities": 1647,
        "Net profit from business activities": 10216,
        "Profit": 166,
        "Profit before tax": 10382,
        "Present corporate income tax expenses": 2595,
        "Deferred income taxes expenses": 129,
        "The interests of minority shareholders": "N/A",
        "Total Cost of profits": 2724,
        "Profit after tax corporate income": 7657,
        "Volume": 2500000,
        "Close of Quarter": 28.7,
        "EPS": 7309.5,
        "Non-adjusted EPS": 22102,
        "PE": 1.3,
        "Book Price": 14.6
      }
    },
    {
      "quarter": "Q4 2009",
      "income status": {
        "Net sales": 59067,
        "Cost of goods sold": 23551,
        "Gross Profit": 35516,
        "Financial expenses": 250,
        "Of which: Interest expense": "N/A",
        "Cost of sales": 939,
        "Enterprise cost management": 5265,
        "Total Operating Expenses": 6454,
        "Total revenue financing activities": 147,
        "Net profit from business activities": 29209,
        "Profit": -8,
        "Profit before tax": 29202,
        "Present corporate income tax expenses": -2584,
        "Deferred income taxes expenses": 717,
        "The interests of minority shareholders": "N/A",
        "Total Cost of profits": -1867,
        "Profit after tax corporate income": 31069,
        "Volume": 2500000,
        "Close of Quarter": 22.2,
        "EPS": 7309.5,
        "Non-adjusted EPS": 22102,
        "PE": 1,
        "Book Price": 13.8
      }
    },
    {
      "quarter": "Q3 2009",
      "income status": {
        "Net sales": 43168,
        "Cost of goods sold": 27656,
        "Gross Profit": 15512,
        "Financial expenses": -23,
        "Of which: Interest expense": "N/A",
        "Cost of sales": 226,
        "Enterprise cost management": 3730,
        "Total Operating Expenses": 3933,
        "Total revenue financing activities": 1356,
        "Net profit from business activities": 12935,
        "Profit": 2,
        "Profit before tax": 12936,
        "Present corporate income tax expenses": 4051,
        "Deferred income taxes expenses": -817,
        "The interests of minority shareholders": "N/A",
        "Total Cost of profits": 3234,
        "Profit after tax corporate income": 9702,
        "Volume": 2500000,
        "Close of Quarter": 27.5,
        "EPS": 3964.0,
        "Non-adjusted EPS": 11986,
        "PE": 2.3,
        "Book Price": 10.8
      }
    },
    {
      "quarter": "Q2 2009",
      "income status": {
        "Net sales": 19616,
        "Cost of goods sold": 8220,
        "Gross Profit": 11396,
        "Financial expenses": 237,
        "Of which: Interest expense": "N/A",
        "Cost of sales": 456,
        "Enterprise cost management": 2704,
        "Total Operating Expenses": 3397,
        "Total revenue financing activities": 447,
        "Net profit from business activities": 8445,
        "Profit": 172,
        "Profit before tax": 8617,
        "Present corporate income tax expenses": 1789,
        "Deferred income taxes expenses": "N/A",
        "The interests of minority shareholders": "N/A",
        "Total Cost of profits": 1789,
        "Profit after tax corporate income": 6828,
        "Volume": 2500000,
        "Close of Quarter": 20.7,
        "EPS": 3059.8,
        "Non-adjusted EPS": 9252,
        "PE": 2.2,
        "Book Price": 9.2
      }
    },
    {
      "quarter": "Q1 2009",
      "income status": {
        "Net sales": 23633,
        "Cost of goods sold": 8807,
        "Gross Profit": 14826,
        "Financial expenses": 685,
        "Of which: Interest expense": "N/A",
        "Cost of sales": 1467,
        "Enterprise cost management": 2327,
        "Total Operating Expenses": 4479,
        "Total revenue financing activities": 123,
        "Net profit from business activities": 10469,
        "Profit": 136,
        "Profit before tax": 10605,
        "Present corporate income tax expenses": 2948,
        "Deferred income taxes expenses": "N/A",
        "The interests of minority shareholders": "N/A",
        "Total Cost of profits": 2948,
        "Profit after tax corporate income": 7656,
        "Volume": 2500000,
        "Close of Quarter": 8.7,
        "EPS": 2863.3,
        "Non-adjusted EPS": 8658,
        "PE": 1,
        "Book Price": 8.5
      }
    },
    {
      "quarter": "Q4 2008",
      "income status": {
        "Net sales": 43272,
        "Cost of goods sold": 32353,
        "Gross Profit": 10919,
        "Financial expenses": 792,
        "Of which: Interest expense": "N/A",
        "Cost of sales": 637,
        "Enterprise cost management": 2638,
        "Total Operating Expenses": 4067,
        "Total revenue financing activities": 885,
        "Net profit from business activities": 7737,
        "Profit": 56,
        "Profit before tax": 7793,
        "Present corporate income tax expenses": 2014,
        "Deferred income taxes expenses": "N/A",
        "The interests of minority shareholders": "N/A",
        "Total Cost of profits": 2014,
        "Profit after tax corporate income": 5779,
        "Volume": 2500000,
        "Close of Quarter": 8.4,
        "EPS": 2296.8,
        "Non-adjusted EPS": 6945,
        "PE": 1.2,
        "Book Price": 7.3
      }
    },
    {
      "quarter": "Q3 2008",
      "income status": {
        "Net sales": 18202,
        "Cost of goods sold": 12779,
        "Gross Profit": 5423,
        "Financial expenses": -199,
        "Of which: Interest expense": "N/A",
        "Cost of sales": 893,
        "Enterprise cost management": 1081,
        "Total Operating Expenses": 1775,
        "Total revenue financing activities": 396,
        "Net profit from business activities": 4044,
        "Profit": -91,
        "Profit before tax": 3953,
        "Present corporate income tax expenses": 1086,
        "Deferred income taxes expenses": "N/A",
        "The interests of minority shareholders": "N/A",
        "Total Cost of profits": 1086,
        "Profit after tax corporate income": 2867,
        "Volume": 1500000,
        "Close of Quarter": 14.5,
        "EPS": 1783.3,
        "Non-adjusted EPS": 8987,
        "PE": 1.6,
        "Book Price": 6.5
      }
    },
    {
      "quarter": "Q2 2008",
      "income status": {
        "Net sales": 28411,
        "Cost of goods sold": 15914,
        "Gross Profit": 12497,
        "Financial expenses": 1367,
        "Of which: Interest expense": "N/A",
        "Cost of sales": 444,
        "Enterprise cost management": 2711,
        "Total Operating Expenses": 4522,
        "Total revenue financing activities": 581,
        "Net profit from business activities": 8557,
        "Profit": -812,
        "Profit before tax": 7745,
        "Present corporate income tax expenses": 2402,
        "Deferred income taxes expenses": "N/A",
        "The interests of minority shareholders": "N/A",
        "Total Cost of profits": 2402,
        "Profit after tax corporate income": 5343,
        "Volume": 1500000,
        "Close of Quarter": 7.1,
        "EPS": 1560.9,
        "Non-adjusted EPS": 7866,
        "PE": 0.9,
        "Book Price": 5.9
      }
    },
    {
      "quarter": "Q1 2008",
      "income status": {
        "Net sales": 30319,
        "Cost of goods sold": 21328,
        "Gross Profit": 8992,
        "Financial expenses": 2768,
        "Of which: Interest expense": "N/A",
        "Cost of sales": 324,
        "Enterprise cost management": 1882,
        "Total Operating Expenses": 4974,
        "Total revenue financing activities": 571,
        "Net profit from business activities": 4588,
        "Profit": 97,
        "Profit before tax": 4685,
        "Present corporate income tax expenses": 1312,
        "Deferred income taxes expenses": "N/A",
        "The interests of minority shareholders": "N/A",
        "Total Cost of profits": 1312,
        "Profit after tax corporate income": 3373,
        "Volume": 1500000,
        "Close of Quarter": 11.6,
        "EPS": 1772.0,
        "Non-adjusted EPS": 8930,
        "PE": 1.3,
        "Book Price": 5.4
      }
    },
    {
      "quarter": "Q4 2007",
      "income status": {
        "Net sales": 29779,
        "Cost of goods sold": 24509,
        "Gross Profit": 5270,
        "Financial expenses": 468,
        "Of which: Interest expense": "N/A",
        "Cost of sales": 556,
        "Enterprise cost management": 5604,
        "Total Operating Expenses": 6628,
        "Total revenue financing activities": 3475,
        "Net profit from business activities": 2117,
        "Profit": 212,
        "Profit before tax": 2329,
        "Present corporate income tax expenses": 431,
        "Deferred income taxes expenses": "N/A",
        "The interests of minority shareholders": "N/A",
        "Total Cost of profits": 431,
        "Profit after tax corporate income": 1897,
        "Volume": 1500000,
        "Close of Quarter": 50.2,
        "EPS": 1793.4,
        "Non-adjusted EPS": 9038,
        "PE": 5.6,
        "Book Price": 5.1
      }
    },
    {
      "quarter": "Q3 2007",
      "income status": {
        "Net sales": 13569,
        "Cost of goods sold": 11591,
        "Gross Profit": 1978,
        "Financial expenses": 1,
        "Of which: Interest expense": "N/A",
        "Cost of sales": 89,
        "Enterprise cost management": 1667,
        "Total Operating Expenses": 1757,
        "Total revenue financing activities": 1374,
        "Net profit from business activities": 1594,
        "Profit": 53,
        "Profit before tax": 1647,
        "Present corporate income tax expenses": 461,
        "Deferred income taxes expenses": "N/A",
        "The interests of minority shareholders": "N/A",
        "Total Cost of profits": 461,
        "Profit after tax corporate income": 1186,
        "Volume": 1500000,
        "Close of Quarter": 42.4,
        "EPS": 1542.4,
        "Non-adjusted EPS": 7773,
        "PE": 5.5,
        "Book Price": 4.4
      }
    },
    {
      "quarter": "Q2 2007",
      "income status": {
        "Net sales": 39431,
        "Cost of goods sold": 13095,
        "Gross Profit": 26336,
        "Financial expenses": 5,
        "Of which: Interest expense": 1,
        "Cost of sales": 702,
        "Enterprise cost management": 3680,
        "Total Operating Expenses": 4387,
        "Total revenue financing activities": 4768,
        "Net profit from business activities": 26716,
        "Profit": -17052,
        "Profit before tax": 9664,
        "Present corporate income tax expenses": 2725,
        "Deferred income taxes expenses": "N/A",
        "The interests of minority shareholders": "N/A",
        "Total Cost of profits": 2725,
        "Profit after tax corporate income": 6939,
        "Volume": 1500000,
        "Close of Quarter": 40.2,
        "EPS": 1385.6,
        "Non-adjusted EPS": 6983,
        "PE": 5.8,
        "Book Price": 4.5
      }
    },
    {
      "quarter": "Q1 2007",
      "income status": {
        "Net sales": 16345,
        "Cost of goods sold": 5287,
        "Gross Profit": 11058,
        "Financial expenses": 1,
        "Of which: Interest expense": "N/A",
        "Cost of sales": 336,
        "Enterprise cost management": 1373,
        "Total Operating Expenses": 1710,
        "Total revenue financing activities": 863,
        "Net profit from business activities": 10210,
        "Profit": -5301,
        "Profit before tax": 4910,
        "Present corporate income tax expenses": 1375,
        "Deferred income taxes expenses": "N/A",
        "The interests of minority shareholders": "N/A",
        "Total Cost of profits": 1375,
        "Profit after tax corporate income": 3535,
        "Volume": 1500000,
        "Close of Quarter": "N/A",
        "EPS": 467.7,
        "Non-adjusted EPS": 2357,
        "PE": "N/A",
        "Book Price": 4.6
      }
    }
  ]
}