{
  "ticker": "PET",
  "data": [
    {
      "quarter": "Q1 2017",
      "income status": {
        "Net sales": 2339274,
        "Cost of goods sold": 2134174,
        "Gross Profit": 205100,
        "Financial expenses": 30723,
        "Of which: Interest expense": 27460,
        "Cost of sales": 71234,
        "Enterprise cost management": 58997,
        "Total Operating Expenses": 160954,
        "Total revenue financing activities": 16797,
        "Net profit from business activities": 60828,
        "Profit": 3381,
        "Profit before tax": 64210,
        "Present corporate income tax expenses": 12517,
        "Deferred income taxes expenses": -1014,
        "The interests of minority shareholders": 10916,
        "Total Cost of profits": 22419,
        "Profit after tax corporate income": 41791,
        "Volume": 86600124,
        "Close of Quarter": 10.8,
        "EPS": 1648,
        "Non-adjusted EPS": 1648,
        "PE": 6.6,
        "Book Price": 19.5
      }
    },
    {
      "quarter": "Q4 2016",
      "income status": {
        "Net sales": 3539135,
        "Cost of goods sold": 3378010,
        "Gross Profit": 161125,
        "Financial expenses": 24840,
        "Of which: Interest expense": 24116,
        "Cost of sales": 62458,
        "Enterprise cost management": 60520,
        "Total Operating Expenses": 147818,
        "Total revenue financing activities": 22910,
        "Net profit from business activities": 36678,
        "Profit": 2008,
        "Profit before tax": 38686,
        "Present corporate income tax expenses": 9979,
        "Deferred income taxes expenses": "N/A",
        "The interests of minority shareholders": 4287,
        "Total Cost of profits": 14266,
        "Profit after tax corporate income": 24421,
        "Volume": 86600124,
        "Close of Quarter": 10.3,
        "EPS": 1659,
        "Non-adjusted EPS": 1659,
        "PE": 6.2,
        "Book Price": 18.7
      }
    },
    {
      "quarter": "Q3 2016",
      "income status": {
        "Net sales": 2261837,
        "Cost of goods sold": 2100976,
        "Gross Profit": 160861,
        "Financial expenses": 27660,
        "Of which: Interest expense": 21613,
        "Cost of sales": 58663,
        "Enterprise cost management": 48770,
        "Total Operating Expenses": 135093,
        "Total revenue financing activities": 17809,
        "Net profit from business activities": 43307,
        "Profit": 2120,
        "Profit before tax": 45426,
        "Present corporate income tax expenses": 10399,
        "Deferred income taxes expenses": "N/A",
        "The interests of minority shareholders": 1884,
        "Total Cost of profits": 12283,
        "Profit after tax corporate income": 33143,
        "Volume": 86600124,
        "Close of Quarter": 11.6,
        "EPS": 1906,
        "Non-adjusted EPS": 1906,
        "PE": 6.1,
        "Book Price": 18.3
      }
    },
    {
      "quarter": "Q2 2016",
      "income status": {
        "Net sales": 2480393,
        "Cost of goods sold": 2330168,
        "Gross Profit": 150225,
        "Financial expenses": 21261,
        "Of which: Interest expense": 18846,
        "Cost of sales": 62439,
        "Enterprise cost management": 18219,
        "Total Operating Expenses": 101919,
        "Total revenue financing activities": 17738,
        "Net profit from business activities": 65753,
        "Profit": -3831,
        "Profit before tax": 61922,
        "Present corporate income tax expenses": 9020,
        "Deferred income taxes expenses": "N/A",
        "The interests of minority shareholders": 9578,
        "Total Cost of profits": 18598,
        "Profit after tax corporate income": 43324,
        "Volume": 86600124,
        "Close of Quarter": 12.5,
        "EPS": 1909,
        "Non-adjusted EPS": 1909,
        "PE": 6.5,
        "Book Price": 18.9
      }
    },
    {
      "quarter": "Q1 2016",
      "income status": {
        "Net sales": 2318098,
        "Cost of goods sold": 2133068,
        "Gross Profit": 185030,
        "Financial expenses": 22717,
        "Of which: Interest expense": 19333,
        "Cost of sales": 58800,
        "Enterprise cost management": 49515,
        "Total Operating Expenses": 131032,
        "Total revenue financing activities": 11042,
        "Net profit from business activities": 64767,
        "Profit": 1592,
        "Profit before tax": 66359,
        "Present corporate income tax expenses": 14226,
        "Deferred income taxes expenses": "N/A",
        "The interests of minority shareholders": 9336,
        "Total Cost of profits": 23562,
        "Profit after tax corporate income": 42797,
        "Volume": 84600124,
        "Close of Quarter": 11.8,
        "EPS": 2201.0,
        "Non-adjusted EPS": 2253,
        "PE": 5.3,
        "Book Price": 18.6
      }
    },
    {
      "quarter": "Q4 2015",
      "income status": {
        "Net sales": 2771695,
        "Cost of goods sold": 2560721,
        "Gross Profit": 210973,
        "Financial expenses": 28422,
        "Of which: Interest expense": 24489,
        "Cost of sales": 77581,
        "Enterprise cost management": 68837,
        "Total Operating Expenses": 174840,
        "Total revenue financing activities": 22106,
        "Net profit from business activities": 56764,
        "Profit": 727,
        "Profit before tax": 57491,
        "Present corporate income tax expenses": 8291,
        "Deferred income taxes expenses": "N/A",
        "The interests of minority shareholders": 3395,
        "Total Cost of profits": 11686,
        "Profit after tax corporate income": 45805,
        "Volume": 84600124,
        "Close of Quarter": 12.2,
        "EPS": 2075.9,
        "Non-adjusted EPS": 2125,
        "PE": 5.7,
        "Book Price": 18.2
      }
    },
    {
      "quarter": "Q3 2015",
      "income status": {
        "Net sales": 2691622,
        "Cost of goods sold": 2525088,
        "Gross Profit": 166534,
        "Financial expenses": 32396,
        "Of which: Interest expense": 33691,
        "Cost of sales": 55150,
        "Enterprise cost management": 50215,
        "Total Operating Expenses": 137761,
        "Total revenue financing activities": 22476,
        "Net profit from business activities": 51113,
        "Profit": 2810,
        "Profit before tax": 53923,
        "Present corporate income tax expenses": 13275,
        "Deferred income taxes expenses": "N/A",
        "The interests of minority shareholders": 7235,
        "Total Cost of profits": 20510,
        "Profit after tax corporate income": 33412,
        "Volume": 84600124,
        "Close of Quarter": 14.3,
        "EPS": 2021.2,
        "Non-adjusted EPS": 2069,
        "PE": 6.9,
        "Book Price": 18.1
      }
    },
    {
      "quarter": "Q2 2015",
      "income status": {
        "Net sales": 2864782,
        "Cost of goods sold": 2633895,
        "Gross Profit": 230886,
        "Financial expenses": 30313,
        "Of which: Interest expense": 21232,
        "Cost of sales": 68693,
        "Enterprise cost management": 54629,
        "Total Operating Expenses": 153635,
        "Total revenue financing activities": 19428,
        "Net profit from business activities": 96692,
        "Profit": 8840,
        "Profit before tax": 105532,
        "Present corporate income tax expenses": 18781,
        "Deferred income taxes expenses": 3208,
        "The interests of minority shareholders": 14948,
        "Total Cost of profits": 36937,
        "Profit after tax corporate income": 68596,
        "Volume": 69842000,
        "Close of Quarter": 15.0,
        "EPS": 2167.8,
        "Non-adjusted EPS": 2688,
        "PE": 5.6,
        "Book Price": 18.3
      }
    },
    {
      "quarter": "Q1 2015",
      "income status": {
        "Net sales": 2501566,
        "Cost of goods sold": 2316556,
        "Gross Profit": 185011,
        "Financial expenses": 31000,
        "Of which: Interest expense": 29368,
        "Cost of sales": 63209,
        "Enterprise cost management": 44584,
        "Total Operating Expenses": 138793,
        "Total revenue financing activities": 18137,
        "Net profit from business activities": 64418,
        "Profit": -8111,
        "Profit before tax": 56308,
        "Present corporate income tax expenses": 19173,
        "Deferred income taxes expenses": "N/A",
        "The interests of minority shareholders": 5202,
        "Total Cost of profits": 24375,
        "Profit after tax corporate income": 31933,
        "Volume": 69842000,
        "Close of Quarter": 14.3,
        "EPS": 2029.9,
        "Non-adjusted EPS": 2517,
        "PE": 5.7,
        "Book Price": 17.7
      }
    },
    {
      "quarter": "Q4 2014",
      "income status": {
        "Net sales": 3018611,
        "Cost of goods sold": 2753023,
        "Gross Profit": 265588,
        "Financial expenses": 37608,
        "Of which: Interest expense": 31020,
        "Cost of sales": 95539,
        "Enterprise cost management": 72183,
        "Total Operating Expenses": 205330,
        "Total revenue financing activities": 18608,
        "Net profit from business activities": 78633,
        "Profit": 4022,
        "Profit before tax": 82655,
        "Present corporate income tax expenses": 18262,
        "Deferred income taxes expenses": "N/A",
        "The interests of minority shareholders": 23268,
        "Total Cost of profits": 41530,
        "Profit after tax corporate income": 41125,
        "Volume": 69842000,
        "Close of Quarter": 15.1,
        "EPS": 2124.3,
        "Non-adjusted EPS": 2634,
        "PE": 5.7,
        "Book Price": 17.4
      }
    },
    {
      "quarter": "Q3 2014",
      "income status": {
        "Net sales": 2893814,
        "Cost of goods sold": 2686874,
        "Gross Profit": 206940,
        "Financial expenses": 31869,
        "Of which: Interest expense": 35392,
        "Cost of sales": 78530,
        "Enterprise cost management": 46403,
        "Total Operating Expenses": 156802,
        "Total revenue financing activities": 17139,
        "Net profit from business activities": 67421,
        "Profit": 7775,
        "Profit before tax": 75196,
        "Present corporate income tax expenses": 16822,
        "Deferred income taxes expenses": "N/A",
        "The interests of minority shareholders": 12305,
        "Total Cost of profits": 29127,
        "Profit after tax corporate income": 46069,
        "Volume": 69842000,
        "Close of Quarter": 16.7,
        "EPS": 1945.3,
        "Non-adjusted EPS": 2412,
        "PE": 6.9,
        "Book Price": 17.2
      }
    },
    {
      "quarter": "Q2 2014",
      "income status": {
        "Net sales": 3120813,
        "Cost of goods sold": 2878981,
        "Gross Profit": 241832,
        "Financial expenses": 36352,
        "Of which: Interest expense": 30125,
        "Cost of sales": 88540,
        "Enterprise cost management": 47945,
        "Total Operating Expenses": 172837,
        "Total revenue financing activities": 16041,
        "Net profit from business activities": 85171,
        "Profit": 4286,
        "Profit before tax": 89457,
        "Present corporate income tax expenses": 22147,
        "Deferred income taxes expenses": "N/A",
        "The interests of minority shareholders": 10660,
        "Total Cost of profits": 32807,
        "Profit after tax corporate income": 56650,
        "Volume": 69842000,
        "Close of Quarter": 12.9,
        "EPS": 1879.1,
        "Non-adjusted EPS": 2330,
        "PE": 5.5,
        "Book Price": 16.5
      }
    },
    {
      "quarter": "Q1 2014",
      "income status": {
        "Net sales": 2550852,
        "Cost of goods sold": 2408877,
        "Gross Profit": 141975,
        "Financial expenses": 40291,
        "Of which: Interest expense": 36510,
        "Cost of sales": 62108,
        "Enterprise cost management": 37327,
        "Total Operating Expenses": 139726,
        "Total revenue financing activities": 24092,
        "Net profit from business activities": 26341,
        "Profit": 38530,
        "Profit before tax": 65030,
        "Present corporate income tax expenses": 15884,
        "Deferred income taxes expenses": "N/A",
        "The interests of minority shareholders": 9036,
        "Total Cost of profits": 24920,
        "Profit after tax corporate income": 40110,
        "Volume": 69842000,
        "Close of Quarter": 15.0,
        "EPS": 1757.3,
        "Non-adjusted EPS": 2179,
        "PE": 6.9,
        "Book Price": 14.7
      }
    },
    {
      "quarter": "Q4 2013",
      "income status": {
        "Net sales": 3113517,
        "Cost of goods sold": 2915117,
        "Gross Profit": 198400,
        "Financial expenses": 32339,
        "Of which: Interest expense": 23164,
        "Cost of sales": 62731,
        "Enterprise cost management": 74222,
        "Total Operating Expenses": 169292,
        "Total revenue financing activities": 33143,
        "Net profit from business activities": 62250,
        "Profit": -7224,
        "Profit before tax": 55105,
        "Present corporate income tax expenses": 22668,
        "Deferred income taxes expenses": "N/A",
        "The interests of minority shareholders": 6811,
        "Total Cost of profits": 29479,
        "Profit after tax corporate income": 25626,
        "Volume": 69842000,
        "Close of Quarter": 14.5,
        "EPS": 1830.7,
        "Non-adjusted EPS": 2270,
        "PE": 6.4,
        "Book Price": 14.3
      }
    },
    {
      "quarter": "Q3 2013",
      "income status": {
        "Net sales": 2939434,
        "Cost of goods sold": 2758394,
        "Gross Profit": 181040,
        "Financial expenses": 32985,
        "Of which: Interest expense": 28386,
        "Cost of sales": 58490,
        "Enterprise cost management": 46733,
        "Total Operating Expenses": 138208,
        "Total revenue financing activities": 26256,
        "Net profit from business activities": 69089,
        "Profit": 1256,
        "Profit before tax": 70610,
        "Present corporate income tax expenses": 20057,
        "Deferred income taxes expenses": "N/A",
        "The interests of minority shareholders": 10173,
        "Total Cost of profits": 30230,
        "Profit after tax corporate income": 40379,
        "Volume": 69842000,
        "Close of Quarter": 15.1,
        "EPS": 1929.1,
        "Non-adjusted EPS": 2392,
        "PE": 6.3,
        "Book Price": 15.1
      }
    },
    {
      "quarter": "Q2 2013",
      "income status": {
        "Net sales": 2708117,
        "Cost of goods sold": 2514193,
        "Gross Profit": 193923,
        "Financial expenses": 35189,
        "Of which: Interest expense": 26702,
        "Cost of sales": 56798,
        "Enterprise cost management": 52445,
        "Total Operating Expenses": 144432,
        "Total revenue financing activities": 28432,
        "Net profit from business activities": 77925,
        "Profit": 5096,
        "Profit before tax": 83202,
        "Present corporate income tax expenses": 22425,
        "Deferred income taxes expenses": "N/A",
        "The interests of minority shareholders": 14728,
        "Total Cost of profits": 37153,
        "Profit after tax corporate income": 46049,
        "Volume": 69842000,
        "Close of Quarter": 14.2,
        "EPS": 1986.4,
        "Non-adjusted EPS": 2463,
        "PE": 5.8,
        "Book Price": 14.6
      }
    },
    {
      "quarter": "Q1 2013",
      "income status": {
        "Net sales": 2753094,
        "Cost of goods sold": 2586939,
        "Gross Profit": 166155,
        "Financial expenses": 25423,
        "Of which: Interest expense": 19977,
        "Cost of sales": 40318,
        "Enterprise cost management": 48507,
        "Total Operating Expenses": 114248,
        "Total revenue financing activities": 15944,
        "Net profit from business activities": 67851,
        "Profit": 2884,
        "Profit before tax": 70990,
        "Present corporate income tax expenses": 18136,
        "Deferred income taxes expenses": "N/A",
        "The interests of minority shareholders": 6401,
        "Total Cost of profits": 24537,
        "Profit after tax corporate income": 46453,
        "Volume": 69053120,
        "Close of Quarter": 10.0,
        "EPS": 1995.8,
        "Non-adjusted EPS": 2503,
        "PE": 4.0,
        "Book Price": 14.2
      }
    },
    {
      "quarter": "Q4 2012",
      "income status": {
        "Net sales": 2526253,
        "Cost of goods sold": 2299202,
        "Gross Profit": 227051,
        "Financial expenses": 39893,
        "Of which: Interest expense": 21764,
        "Cost of sales": 78626,
        "Enterprise cost management": 67484,
        "Total Operating Expenses": 186003,
        "Total revenue financing activities": 43257,
        "Net profit from business activities": 84306,
        "Profit": 396,
        "Profit before tax": 85321,
        "Present corporate income tax expenses": 27706,
        "Deferred income taxes expenses": "N/A",
        "The interests of minority shareholders": 23451,
        "Total Cost of profits": 51157,
        "Profit after tax corporate income": 34164,
        "Volume": 69053120,
        "Close of Quarter": 7.5,
        "EPS": 2021.4,
        "Non-adjusted EPS": 2535,
        "PE": 3.0,
        "Book Price": 14.4
      }
    },
    {
      "quarter": "Q3 2012",
      "income status": {
        "Net sales": 2428128,
        "Cost of goods sold": 2246920,
        "Gross Profit": 181208,
        "Financial expenses": 29540,
        "Of which: Interest expense": 26756,
        "Cost of sales": 67546,
        "Enterprise cost management": 47603,
        "Total Operating Expenses": 144689,
        "Total revenue financing activities": 13905,
        "Net profit from business activities": 50424,
        "Profit": 19522,
        "Profit before tax": 70668,
        "Present corporate income tax expenses": 17167,
        "Deferred income taxes expenses": "N/A",
        "The interests of minority shareholders": 8134,
        "Total Cost of profits": 25301,
        "Profit after tax corporate income": 45367,
        "Volume": 69053120,
        "Close of Quarter": 6.4,
        "EPS": 2124.2,
        "Non-adjusted EPS": 2664,
        "PE": 2.4,
        "Book Price": 14.0
      }
    },
    {
      "quarter": "Q2 2012",
      "income status": {
        "Net sales": 2869803,
        "Cost of goods sold": 2666316,
        "Gross Profit": 203487,
        "Financial expenses": 35947,
        "Of which: Interest expense": 30496,
        "Cost of sales": 59271,
        "Enterprise cost management": 44044,
        "Total Operating Expenses": 139262,
        "Total revenue financing activities": 11140,
        "Net profit from business activities": 75364,
        "Profit": 5224,
        "Profit before tax": 80720,
        "Present corporate income tax expenses": 29346,
        "Deferred income taxes expenses": "N/A",
        "The interests of minority shareholders": 4529,
        "Total Cost of profits": 33875,
        "Profit after tax corporate income": 46845,
        "Volume": 69053120,
        "Close of Quarter": 7.3,
        "EPS": 2462.3,
        "Non-adjusted EPS": 3088,
        "PE": 2.4,
        "Book Price": 13.6
      }
    },
    {
      "quarter": "Q1 2012",
      "income status": {
        "Net sales": 2336513,
        "Cost of goods sold": 2138319,
        "Gross Profit": 198194,
        "Financial expenses": 34252,
        "Of which: Interest expense": 25161,
        "Cost of sales": 55810,
        "Enterprise cost management": 53049,
        "Total Operating Expenses": 143111,
        "Total revenue financing activities": 12066,
        "Net profit from business activities": 67148,
        "Profit": 2573,
        "Profit before tax": 70611,
        "Present corporate income tax expenses": 18685,
        "Deferred income taxes expenses": "N/A",
        "The interests of minority shareholders": 3238,
        "Total Cost of profits": 21923,
        "Profit after tax corporate income": 48688,
        "Volume": 69053120,
        "Close of Quarter": 7.4,
        "EPS": 2610.6,
        "Non-adjusted EPS": 3274,
        "PE": 2.3,
        "Book Price": 14.5
      }
    },
    {
      "quarter": "Q4 2011",
      "income status": {
        "Net sales": 2820104,
        "Cost of goods sold": 2532257,
        "Gross Profit": 287846,
        "Financial expenses": 70086,
        "Of which: Interest expense": 45191,
        "Cost of sales": 128457,
        "Enterprise cost management": 51155,
        "Total Operating Expenses": 249698,
        "Total revenue financing activities": 37886,
        "Net profit from business activities": 76034,
        "Profit": -9441,
        "Profit before tax": 69097,
        "Present corporate income tax expenses": 25896,
        "Deferred income taxes expenses": "N/A",
        "The interests of minority shareholders": 116,
        "Total Cost of profits": 26012,
        "Profit after tax corporate income": 43085,
        "Volume": 69053120,
        "Close of Quarter": 6.5,
        "EPS": 3263.7,
        "Non-adjusted EPS": 4093,
        "PE": 1.6,
        "Book Price": 14.0
      }
    },
    {
      "quarter": "Q3 2011",
      "income status": {
        "Net sales": 2807230,
        "Cost of goods sold": 2543130,
        "Gross Profit": 264100,
        "Financial expenses": 39547,
        "Of which: Interest expense": 36883,
        "Cost of sales": 69902,
        "Enterprise cost management": 78154,
        "Total Operating Expenses": 187603,
        "Total revenue financing activities": 22358,
        "Net profit from business activities": 98856,
        "Profit": 3364,
        "Profit before tax": 337869,
        "Present corporate income tax expenses": 25330,
        "Deferred income taxes expenses": "N/A",
        "The interests of minority shareholders": 3158,
        "Total Cost of profits": 28488,
        "Profit after tax corporate income": 74631,
        "Volume": 69053120,
        "Close of Quarter": 6.7,
        "EPS": 3455.8,
        "Non-adjusted EPS": 4334,
        "PE": 1.6,
        "Book Price": 13.9
      }
    },
    {
      "quarter": "Q2 2011",
      "income status": {
        "Net sales": 2221482,
        "Cost of goods sold": 1999127,
        "Gross Profit": 222355,
        "Financial expenses": 82875,
        "Of which: Interest expense": 37052,
        "Cost of sales": 55976,
        "Enterprise cost management": 27557,
        "Total Operating Expenses": 166408,
        "Total revenue financing activities": 15477,
        "Net profit from business activities": 71424,
        "Profit": 5369,
        "Profit before tax": 76793,
        "Present corporate income tax expenses": 14623,
        "Deferred income taxes expenses": "N/A",
        "The interests of minority shareholders": 2499,
        "Total Cost of profits": 17122,
        "Profit after tax corporate income": 59671,
        "Volume": 69560800,
        "Close of Quarter": 7.5,
        "EPS": 3128.6,
        "Non-adjusted EPS": 3895,
        "PE": 1.9,
        "Book Price": 13.2
      }
    },
    {
      "quarter": "Q1 2011",
      "income status": {
        "Net sales": 2478477,
        "Cost of goods sold": 2199180,
        "Gross Profit": 279297,
        "Financial expenses": 120503,
        "Of which: Interest expense": 37911,
        "Cost of sales": 40484,
        "Enterprise cost management": 58402,
        "Total Operating Expenses": 219389,
        "Total revenue financing activities": 15432,
        "Net profit from business activities": 75340,
        "Profit": 82279,
        "Profit before tax": 157619,
        "Present corporate income tax expenses": 38535,
        "Deferred income taxes expenses": 12201,
        "The interests of minority shareholders": 1637,
        "Total Cost of profits": 52373,
        "Profit after tax corporate income": 105246,
        "Volume": 69560800,
        "Close of Quarter": 6.8,
        "EPS": 2833.0,
        "Non-adjusted EPS": 3527,
        "PE": 1.9,
        "Book Price": 13.7
      }
    },
    {
      "quarter": "Q4 2010",
      "income status": {
        "Net sales": 2790593,
        "Cost of goods sold": 2478111,
        "Gross Profit": 312482,
        "Financial expenses": 64032,
        "Of which: Interest expense": 35885,
        "Cost of sales": 95828,
        "Enterprise cost management": 104021,
        "Total Operating Expenses": 263881,
        "Total revenue financing activities": 29499,
        "Net profit from business activities": 78101,
        "Profit": -2275,
        "Profit before tax": 75826,
        "Present corporate income tax expenses": 16253,
        "Deferred income taxes expenses": "N/A",
        "The interests of minority shareholders": -190,
        "Total Cost of profits": 16063,
        "Profit after tax corporate income": 59762,
        "Volume": 69560800,
        "Close of Quarter": 8.2,
        "EPS": 2127.0,
        "Non-adjusted EPS": 2648,
        "PE": 3.1,
        "Book Price": 12.3
      }
    },
    {
      "quarter": "Q3 2010",
      "income status": {
        "Net sales": 2564733,
        "Cost of goods sold": 2368940,
        "Gross Profit": 195792,
        "Financial expenses": 43340,
        "Of which: Interest expense": 26551,
        "Cost of sales": 58864,
        "Enterprise cost management": 47826,
        "Total Operating Expenses": 150030,
        "Total revenue financing activities": 16147,
        "Net profit from business activities": 61910,
        "Profit": 2869,
        "Profit before tax": 64779,
        "Present corporate income tax expenses": 18113,
        "Deferred income taxes expenses": "N/A",
        "The interests of minority shareholders": 407,
        "Total Cost of profits": 18520,
        "Profit after tax corporate income": 46259,
        "Volume": 55190800,
        "Close of Quarter": 8.7,
        "EPS": 1569.7,
        "Non-adjusted EPS": 2463,
        "PE": 3.5,
        "Book Price": 9.5
      }
    },
    {
      "quarter": "Q2 2010",
      "income status": {
        "Net sales": 2364790,
        "Cost of goods sold": 2189443,
        "Gross Profit": 175347,
        "Financial expenses": 32755,
        "Of which: Interest expense": 26855,
        "Cost of sales": 84812,
        "Enterprise cost management": 25264,
        "Total Operating Expenses": 142831,
        "Total revenue financing activities": 12395,
        "Net profit from business activities": 44911,
        "Profit": 5069,
        "Profit before tax": 49981,
        "Present corporate income tax expenses": 15686,
        "Deferred income taxes expenses": "N/A",
        "The interests of minority shareholders": 244,
        "Total Cost of profits": 15930,
        "Profit after tax corporate income": 34050,
        "Volume": 55203500,
        "Close of Quarter": 12.2,
        "EPS": 1445.7,
        "Non-adjusted EPS": 2268,
        "PE": 5.4,
        "Book Price": 9.2
      }
    },
    {
      "quarter": "Q1 2010",
      "income status": {
        "Net sales": 2164979,
        "Cost of goods sold": 1987236,
        "Gross Profit": 177742,
        "Financial expenses": 42841,
        "Of which: Interest expense": 25570,
        "Cost of sales": 57618,
        "Enterprise cost management": 34651,
        "Total Operating Expenses": 135110,
        "Total revenue financing activities": 12181,
        "Net profit from business activities": 54812,
        "Profit": 3079,
        "Profit before tax": 57891,
        "Present corporate income tax expenses": 13953,
        "Deferred income taxes expenses": "N/A",
        "The interests of minority shareholders": -200,
        "Total Cost of profits": 13753,
        "Profit after tax corporate income": 44137,
        "Volume": 55203500,
        "Close of Quarter": 11.4,
        "EPS": 1528.6,
        "Non-adjusted EPS": 2398,
        "PE": 4.8,
        "Book Price": 9.4
      }
    },
    {
      "quarter": "Q4 2009",
      "income status": {
        "Net sales": 2023627,
        "Cost of goods sold": 1847597,
        "Gross Profit": 176031,
        "Financial expenses": 37215,
        "Of which: Interest expense": "N/A",
        "Cost of sales": 72414,
        "Enterprise cost management": 70678,
        "Total Operating Expenses": 180307,
        "Total revenue financing activities": 23034,
        "Net profit from business activities": 18757,
        "Profit": -492,
        "Profit before tax": 18265,
        "Present corporate income tax expenses": 8574,
        "Deferred income taxes expenses": "N/A",
        "The interests of minority shareholders": -1822,
        "Total Cost of profits": 6752,
        "Profit after tax corporate income": 11513,
        "Volume": 55238500,
        "Close of Quarter": 10.4,
        "EPS": 1390.5,
        "Non-adjusted EPS": 2180,
        "PE": 4.8,
        "Book Price": 8.7
      }
    },
    {
      "quarter": "Q3 2009",
      "income status": {
        "Net sales": 1708521,
        "Cost of goods sold": 1599028,
        "Gross Profit": 109493,
        "Financial expenses": 23369,
        "Of which: Interest expense": 20420,
        "Cost of sales": 23373,
        "Enterprise cost management": 38911,
        "Total Operating Expenses": 85653,
        "Total revenue financing activities": 15200,
        "Net profit from business activities": 39040,
        "Profit": 7422,
        "Profit before tax": 46462,
        "Present corporate income tax expenses": 10938,
        "Deferred income taxes expenses": "N/A",
        "The interests of minority shareholders": "N/A",
        "Total Cost of profits": 10938,
        "Profit after tax corporate income": 35524,
        "Volume": 48253500,
        "Close of Quarter": 14.8,
        "EPS": 1312.2,
        "Non-adjusted EPS": 2355,
        "PE": 6.3,
        "Book Price": 7.6
      }
    },
    {
      "quarter": "Q2 2009",
      "income status": {
        "Net sales": 1986628,
        "Cost of goods sold": 1828307,
        "Gross Profit": 158321,
        "Financial expenses": 25926,
        "Of which: Interest expense": 17802,
        "Cost of sales": 88282,
        "Enterprise cost management": 19547,
        "Total Operating Expenses": 133755,
        "Total revenue financing activities": 20245,
        "Net profit from business activities": 44812,
        "Profit": 2077,
        "Profit before tax": 46889,
        "Present corporate income tax expenses": 5712,
        "Deferred income taxes expenses": "N/A",
        "The interests of minority shareholders": "N/A",
        "Total Cost of profits": 5712,
        "Profit after tax corporate income": 41177,
        "Volume": 47238530,
        "Close of Quarter": 8.6,
        "EPS": 1110.1,
        "Non-adjusted EPS": 2035,
        "PE": 4.2,
        "Book Price": 7.0
      }
    },
    {
      "quarter": "Q1 2009",
      "income status": {
        "Net sales": 1835515,
        "Cost of goods sold": 1694650,
        "Gross Profit": 140866,
        "Financial expenses": 30510,
        "Of which: Interest expense": 17632,
        "Cost of sales": 86684,
        "Enterprise cost management": 2802,
        "Total Operating Expenses": 119996,
        "Total revenue financing activities": 14157,
        "Net profit from business activities": 35027,
        "Profit": 1795,
        "Profit before tax": 36822,
        "Present corporate income tax expenses": 4603,
        "Deferred income taxes expenses": "N/A",
        "The interests of minority shareholders": "N/A",
        "Total Cost of profits": 4603,
        "Profit after tax corporate income": 32219,
        "Volume": 47238530,
        "Close of Quarter": 6.2,
        "EPS": 790.4,
        "Non-adjusted EPS": 1449,
        "PE": 4.3,
        "Book Price": 7.0
      }
    },
    {
      "quarter": "Q4 2008",
      "income status": {
        "Net sales": 1227476,
        "Cost of goods sold": 1109664,
        "Gross Profit": 117812,
        "Financial expenses": 46171,
        "Of which: Interest expense": 25802,
        "Cost of sales": 78400,
        "Enterprise cost management": 6076,
        "Total Operating Expenses": 130647,
        "Total revenue financing activities": 5496,
        "Net profit from business activities": -7339,
        "Profit": 12042,
        "Profit before tax": 4703,
        "Present corporate income tax expenses": "N/A",
        "Deferred income taxes expenses": "N/A",
        "The interests of minority shareholders": "N/A",
        "Total Cost of profits": 0,
        "Profit after tax corporate income": 4703,
        "Volume": 47238530,
        "Close of Quarter": 6.1,
        "EPS": 1002.0,
        "Non-adjusted EPS": 1837,
        "PE": 3.3,
        "Book Price": 6.7
      }
    },
    {
      "quarter": "Q3 2008",
      "income status": {
        "Net sales": 1292289,
        "Cost of goods sold": 1184733,
        "Gross Profit": 107556,
        "Financial expenses": 53419,
        "Of which: Interest expense": "N/A",
        "Cost of sales": 56546,
        "Enterprise cost management": 7037,
        "Total Operating Expenses": 117002,
        "Total revenue financing activities": 27255,
        "Net profit from business activities": 17809,
        "Profit": 204,
        "Profit before tax": 18013,
        "Present corporate income tax expenses": "N/A",
        "Deferred income taxes expenses": "N/A",
        "The interests of minority shareholders": "N/A",
        "Total Cost of profits": 0,
        "Profit after tax corporate income": 18013,
        "Volume": 47757890,
        "Close of Quarter": 10.4,
        "EPS": 1136.6,
        "Non-adjusted EPS": 2061,
        "PE": 5.1,
        "Book Price": 6.6
      }
    },
    {
      "quarter": "Q2 2008",
      "income status": {
        "Net sales": 1422238,
        "Cost of goods sold": 1296628,
        "Gross Profit": 125611,
        "Financial expenses": 45367,
        "Of which: Interest expense": 27048,
        "Cost of sales": 83671,
        "Enterprise cost management": 1214,
        "Total Operating Expenses": 130252,
        "Total revenue financing activities": 18125,
        "Net profit from business activities": 13484,
        "Profit": 10,
        "Profit before tax": 13494,
        "Present corporate income tax expenses": "N/A",
        "Deferred income taxes expenses": "N/A",
        "The interests of minority shareholders": "N/A",
        "Total Cost of profits": 0,
        "Profit after tax corporate income": 13494,
        "Volume": 48253500,
        "Close of Quarter": 6.7,
        "EPS": 1133.9,
        "Non-adjusted EPS": 2035,
        "PE": 3.3,
        "Book Price": 6.7
      }
    },
    {
      "quarter": "Q1 2008",
      "income status": {
        "Net sales": 1385047,
        "Cost of goods sold": 1258760,
        "Gross Profit": 126288,
        "Financial expenses": 28994,
        "Of which: Interest expense": 15083,
        "Cost of sales": 66277,
        "Enterprise cost management": 515,
        "Total Operating Expenses": 95786,
        "Total revenue financing activities": 19980,
        "Net profit from business activities": 50481,
        "Profit": 97,
        "Profit before tax": 50579,
        "Present corporate income tax expenses": "N/A",
        "Deferred income taxes expenses": "N/A",
        "The interests of minority shareholders": "N/A",
        "Total Cost of profits": 0,
        "Profit after tax corporate income": 50579,
        "Volume": 48253500,
        "Close of Quarter": 9.2,
        "EPS": 1116.6,
        "Non-adjusted EPS": 2004,
        "PE": 4.6,
        "Book Price": 6.9
      }
    },
    {
      "quarter": "Q4 2007",
      "income status": {
        "Net sales": 1018204,
        "Cost of goods sold": 936811,
        "Gross Profit": 81393,
        "Financial expenses": 20105,
        "Of which: Interest expense": 9694,
        "Cost of sales": 38639,
        "Enterprise cost management": 24428,
        "Total Operating Expenses": 83172,
        "Total revenue financing activities": 15273,
        "Net profit from business activities": 13494,
        "Profit": 2828,
        "Profit before tax": 16322,
        "Present corporate income tax expenses": "N/A",
        "Deferred income taxes expenses": "N/A",
        "The interests of minority shareholders": "N/A",
        "Total Cost of profits": 0,
        "Profit after tax corporate income": 16322,
        "Volume": 25530000,
        "Close of Quarter": 22.9,
        "EPS": 576.1,
        "Non-adjusted EPS": 1954,
        "PE": 11.7,
        "Book Price": 6.3
      }
    },
    {
      "quarter": "Q3 2007",
      "income status": {
        "Net sales": 831298,
        "Cost of goods sold": 767674,
        "Gross Profit": 63624,
        "Financial expenses": 12744,
        "Of which: Interest expense": 11562,
        "Cost of sales": 37158,
        "Enterprise cost management": 2668,
        "Total Operating Expenses": 52570,
        "Total revenue financing activities": 6651,
        "Net profit from business activities": 17704,
        "Profit": 98,
        "Profit before tax": 17802,
        "Present corporate income tax expenses": "N/A",
        "Deferred income taxes expenses": "N/A",
        "The interests of minority shareholders": "N/A",
        "Total Cost of profits": 0,
        "Profit after tax corporate income": 17802,
        "Volume": 25245720,
        "Close of Quarter": 20.8,
        "EPS": 397.6,
        "Non-adjusted EPS": 1364,
        "PE": 15.2,
        "Book Price": 3.1
      }
    },
    {
      "quarter": "Q2 2007",
      "income status": {
        "Net sales": 431605,
        "Cost of goods sold": 395257,
        "Gross Profit": 36348,
        "Financial expenses": 7966,
        "Of which: Interest expense": 2224,
        "Cost of sales": 24184,
        "Enterprise cost management": 5855,
        "Total Operating Expenses": 38005,
        "Total revenue financing activities": 10450,
        "Net profit from business activities": 8793,
        "Profit": 3207,
        "Profit before tax": 11999,
        "Present corporate income tax expenses": "N/A",
        "Deferred income taxes expenses": "N/A",
        "The interests of minority shareholders": "N/A",
        "Total Cost of profits": 0,
        "Profit after tax corporate income": 11999,
        "Volume": 25530000,
        "Close of Quarter": "N/A",
        "EPS": 202.2,
        "Non-adjusted EPS": 686,
        "PE": "N/A",
        "Book Price": 2.9
      }
    },
    {
      "quarter": "Q1 2007",
      "income status": {
        "Net sales": 230431,
        "Cost of goods sold": 194201,
        "Gross Profit": 36230,
        "Financial expenses": 2360,
        "Of which: Interest expense": 2180,
        "Cost of sales": 29060,
        "Enterprise cost management": 2459,
        "Total Operating Expenses": 33879,
        "Total revenue financing activities": 398,
        "Net profit from business activities": 2748,
        "Profit": 1008,
        "Profit before tax": 3756,
        "Present corporate income tax expenses": "N/A",
        "Deferred income taxes expenses": "N/A",
        "The interests of minority shareholders": "N/A",
        "Total Cost of profits": 0,
        "Profit after tax corporate income": 3756,
        "Volume": 25530000,
        "Close of Quarter": "N/A",
        "EPS": 82.0,
        "Non-adjusted EPS": 278,
        "PE": "N/A",
        "Book Price": "N/A"
      }
    },
    {
      "quarter": "Q4 2006",
      "income status": {
        "Net sales": 236908,
        "Cost of goods sold": 227575,
        "Gross Profit": 9333,
        "Financial expenses": 852,
        "Of which: Interest expense": 844,
        "Cost of sales": 5900,
        "Enterprise cost management": 1895,
        "Total Operating Expenses": 8647,
        "Total revenue financing activities": 504,
        "Net profit from business activities": 1190,
        "Profit": 31,
        "Profit before tax": 1221,
        "Present corporate income tax expenses": 342,
        "Deferred income taxes expenses": "N/A",
        "The interests of minority shareholders": "N/A",
        "Total Cost of profits": 342,
        "Profit after tax corporate income": 879,
        "Volume": 25530000,
        "Close of Quarter": "N/A",
        "EPS": 57.2,
        "Non-adjusted EPS": 194,
        "PE": "N/A",
        "Book Price": 3.0
      }
    },
    {
      "quarter": "Q3 2006",
      "income status": {
        "Net sales": 106875,
        "Cost of goods sold": 97436,
        "Gross Profit": 9438,
        "Financial expenses": 43,
        "Of which: Interest expense": 40,
        "Cost of sales": 7318,
        "Enterprise cost management": 1483,
        "Total Operating Expenses": 8844,
        "Total revenue financing activities": 574,
        "Net profit from business activities": 1169,
        "Profit": 48,
        "Profit before tax": 1217,
        "Present corporate income tax expenses": 341,
        "Deferred income taxes expenses": "N/A",
        "The interests of minority shareholders": "N/A",
        "Total Cost of profits": 341,
        "Profit after tax corporate income": 876,
        "Volume": 25530000,
        "Close of Quarter": "N/A",
        "EPS": 47.2,
        "Non-adjusted EPS": 160,
        "PE": "N/A",
        "Book Price": 3.1
      }
    },
    {
      "quarter": "Q2 2006",
      "income status": {
        "Net sales": 128554,
        "Cost of goods sold": 116090,
        "Gross Profit": 12464,
        "Financial expenses": 54,
        "Of which: Interest expense": 45,
        "Cost of sales": 9656,
        "Enterprise cost management": 1557,
        "Total Operating Expenses": 11267,
        "Total revenue financing activities": 887,
        "Net profit from business activities": 2084,
        "Profit": 128,
        "Profit before tax": 2212,
        "Present corporate income tax expenses": 619,
        "Deferred income taxes expenses": "N/A",
        "The interests of minority shareholders": "N/A",
        "Total Cost of profits": 619,
        "Profit after tax corporate income": 1593,
        "Volume": 25530000,
        "Close of Quarter": "N/A",
        "EPS": 36.9,
        "Non-adjusted EPS": 125,
        "PE": "N/A",
        "Book Price": 2.9
      }
    },
    {
      "quarter": "Q1 2006",
      "income status": {
        "Net sales": 268187,
        "Cost of goods sold": 228666,
        "Gross Profit": 39521,
        "Financial expenses": 328,
        "Of which: Interest expense": 328,
        "Cost of sales": 33981,
        "Enterprise cost management": 1785,
        "Total Operating Expenses": 36094,
        "Total revenue financing activities": 249,
        "Net profit from business activities": "N/A",
        "Profit": "N/A",
        "Profit before tax": 3644,
        "Present corporate income tax expenses": "N/A",
        "Deferred income taxes expenses": "N/A",
        "The interests of minority shareholders": 1020,
        "Total Cost of profits": 1020,
        "Profit after tax corporate income": 1604,
        "Volume": 25530000,
        "Close of Quarter": "N/A",
        "EPS": 18.6,
        "Non-adjusted EPS": 63,
        "PE": "N/A",
        "Book Price": "N/A"
      }
    }
  ]
}