{
  "ticker": "SJ1",
  "data": [
    {
      "quarter": "Q1 2017",
      "income status": {
        "Net sales": 184320,
        "Cost of goods sold": 167733,
        "Gross Profit": 16587,
        "Financial expenses": 10132,
        "Of which: Interest expense": "N/A",
        "Cost of sales": 5164,
        "Enterprise cost management": 3591,
        "Total Operating Expenses": 18887,
        "Total revenue financing activities": 12087,
        "Net profit from business activities": 9787,
        "Profit": -143,
        "Profit before tax": 9644,
        "Present corporate income tax expenses": 1749,
        "Deferred income taxes expenses": "N/A",
        "The interests of minority shareholders": "N/A",
        "Total Cost of profits": 1749,
        "Profit after tax corporate income": 7895,
        "Volume": 10455371,
        "Close of Quarter": 17.8,
        "EPS": 2527,
        "Non-adjusted EPS": 2527,
        "PE": 7.0,
        "Book Price": 14.8
      }
    },
    {
      "quarter": "Q4 2016",
      "income status": {
        "Net sales": 251599,
        "Cost of goods sold": 229352,
        "Gross Profit": 22247,
        "Financial expenses": 9488,
        "Of which: Interest expense": 8837,
        "Cost of sales": 6730,
        "Enterprise cost management": 3605,
        "Total Operating Expenses": 19823,
        "Total revenue financing activities": 607,
        "Net profit from business activities": 3031,
        "Profit": -61,
        "Profit before tax": 2970,
        "Present corporate income tax expenses": 594,
        "Deferred income taxes expenses": "N/A",
        "The interests of minority shareholders": "N/A",
        "Total Cost of profits": 594,
        "Profit after tax corporate income": 2376,
        "Volume": 10455371,
        "Close of Quarter": 20,
        "EPS": 2078,
        "Non-adjusted EPS": 2078,
        "PE": 9.6,
        "Book Price": 14.1
      }
    },
    {
      "quarter": "Q3 2016",
      "income status": {
        "Net sales": 260782,
        "Cost of goods sold": 235101,
        "Gross Profit": 25681,
        "Financial expenses": 6802,
        "Of which: Interest expense": 6579,
        "Cost of sales": 3389,
        "Enterprise cost management": 2819,
        "Total Operating Expenses": 13010,
        "Total revenue financing activities": 720,
        "Net profit from business activities": 13391,
        "Profit": 206,
        "Profit before tax": 13597,
        "Present corporate income tax expenses": 2611,
        "Deferred income taxes expenses": "N/A",
        "The interests of minority shareholders": "N/A",
        "Total Cost of profits": 2611,
        "Profit after tax corporate income": 10985,
        "Volume": 10455371,
        "Close of Quarter": 18.1,
        "EPS": 2435,
        "Non-adjusted EPS": 2435,
        "PE": 7.4,
        "Book Price": 14.7
      }
    },
    {
      "quarter": "Q2 2016",
      "income status": {
        "Net sales": 150369,
        "Cost of goods sold": 133980,
        "Gross Profit": 16389,
        "Financial expenses": 5400,
        "Of which: Interest expense": 5258,
        "Cost of sales": 2688,
        "Enterprise cost management": 2679,
        "Total Operating Expenses": 10767,
        "Total revenue financing activities": 693,
        "Net profit from business activities": 6314,
        "Profit": -50,
        "Profit before tax": 6264,
        "Present corporate income tax expenses": 1097,
        "Deferred income taxes expenses": "N/A",
        "The interests of minority shareholders": "N/A",
        "Total Cost of profits": 1097,
        "Profit after tax corporate income": 5167,
        "Volume": 7745184,
        "Close of Quarter": 14,
        "EPS": 1754.9,
        "Non-adjusted EPS": 2369,
        "PE": 5.9,
        "Book Price": 13.6
      }
    },
    {
      "quarter": "Q1 2016",
      "income status": {
        "Net sales": 125721,
        "Cost of goods sold": 113351,
        "Gross Profit": 12369,
        "Financial expenses": 4001,
        "Of which: Interest expense": 3731,
        "Cost of sales": 2054,
        "Enterprise cost management": 3145,
        "Total Operating Expenses": 9200,
        "Total revenue financing activities": 877,
        "Net profit from business activities": 4046,
        "Profit": -43,
        "Profit before tax": 4003,
        "Present corporate income tax expenses": 801,
        "Deferred income taxes expenses": "N/A",
        "The interests of minority shareholders": "N/A",
        "Total Cost of profits": 801,
        "Profit after tax corporate income": 3203,
        "Volume": 7745184,
        "Close of Quarter": 14.7,
        "EPS": 1569.7,
        "Non-adjusted EPS": 2119,
        "PE": 6.9,
        "Book Price": 13.3
      }
    },
    {
      "quarter": "Q4 2015",
      "income status": {
        "Net sales": 130788,
        "Cost of goods sold": 115743,
        "Gross Profit": 15045,
        "Financial expenses": 4407,
        "Of which: Interest expense": "N/A",
        "Cost of sales": 1949,
        "Enterprise cost management": 4564,
        "Total Operating Expenses": 10920,
        "Total revenue financing activities": 1028,
        "Net profit from business activities": 5154,
        "Profit": 2854,
        "Profit before tax": 8009,
        "Present corporate income tax expenses": 1907,
        "Deferred income taxes expenses": "N/A",
        "The interests of minority shareholders": "N/A",
        "Total Cost of profits": 1907,
        "Profit after tax corporate income": 6102,
        "Volume": 7745184,
        "Close of Quarter": 13.7,
        "EPS": 1494.2,
        "Non-adjusted EPS": 2017,
        "PE": 6.8,
        "Book Price": 13.3
      }
    },
    {
      "quarter": "Q3 2015",
      "income status": {
        "Net sales": 141056,
        "Cost of goods sold": 127223,
        "Gross Profit": 13833,
        "Financial expenses": 4547,
        "Of which: Interest expense": 3285,
        "Cost of sales": 2899,
        "Enterprise cost management": 3413,
        "Total Operating Expenses": 10859,
        "Total revenue financing activities": 886,
        "Net profit from business activities": 3860,
        "Profit": 1114,
        "Profit before tax": 4974,
        "Present corporate income tax expenses": 1094,
        "Deferred income taxes expenses": "N/A",
        "The interests of minority shareholders": "N/A",
        "Total Cost of profits": 1094,
        "Profit after tax corporate income": 3880,
        "Volume": 7745184,
        "Close of Quarter": 12.3,
        "EPS": 1413.4,
        "Non-adjusted EPS": 1908,
        "PE": 6.5,
        "Book Price": 12.8
      }
    },
    {
      "quarter": "Q2 2015",
      "income status": {
        "Net sales": 129224,
        "Cost of goods sold": 117416,
        "Gross Profit": 11808,
        "Financial expenses": 4770,
        "Of which: Interest expense": 3282,
        "Cost of sales": 1945,
        "Enterprise cost management": 2748,
        "Total Operating Expenses": 9463,
        "Total revenue financing activities": 533,
        "Net profit from business activities": 2877,
        "Profit": 1255,
        "Profit before tax": 4133,
        "Present corporate income tax expenses": 909,
        "Deferred income taxes expenses": "N/A",
        "The interests of minority shareholders": "N/A",
        "Total Cost of profits": 909,
        "Profit after tax corporate income": 3224,
        "Volume": 6978653,
        "Close of Quarter": 11.4,
        "EPS": 1206.8,
        "Non-adjusted EPS": 1808,
        "PE": 6.3,
        "Book Price": 12.2
      }
    },
    {
      "quarter": "Q1 2015",
      "income status": {
        "Net sales": 112248,
        "Cost of goods sold": 104593,
        "Gross Profit": 7655,
        "Financial expenses": 1931,
        "Of which: Interest expense": 1836,
        "Cost of sales": 1818,
        "Enterprise cost management": 2512,
        "Total Operating Expenses": 6261,
        "Total revenue financing activities": 361,
        "Net profit from business activities": 1756,
        "Profit": 1337,
        "Profit before tax": 3094,
        "Present corporate income tax expenses": 681,
        "Deferred income taxes expenses": "N/A",
        "The interests of minority shareholders": "N/A",
        "Total Cost of profits": 681,
        "Profit after tax corporate income": 2413,
        "Volume": 5583200,
        "Close of Quarter": 10.3,
        "EPS": 1265.1,
        "Non-adjusted EPS": 2369,
        "PE": 4.3,
        "Book Price": 12.3
      }
    },
    {
      "quarter": "Q4 2014",
      "income status": {
        "Net sales": 105528,
        "Cost of goods sold": 92382,
        "Gross Profit": 13146,
        "Financial expenses": 2998,
        "Of which: Interest expense": 2239,
        "Cost of sales": 2704,
        "Enterprise cost management": 3491,
        "Total Operating Expenses": 9193,
        "Total revenue financing activities": 842,
        "Net profit from business activities": 4795,
        "Profit": 2035,
        "Profit before tax": 6829,
        "Present corporate income tax expenses": 1571,
        "Deferred income taxes expenses": "N/A",
        "The interests of minority shareholders": "N/A",
        "Total Cost of profits": 1571,
        "Profit after tax corporate income": 5259,
        "Volume": 5583200,
        "Close of Quarter": 11.8,
        "EPS": 1180.2,
        "Non-adjusted EPS": 2210,
        "PE": 5.4,
        "Book Price": 12.1
      }
    },
    {
      "quarter": "Q3 2014",
      "income status": {
        "Net sales": 124891,
        "Cost of goods sold": 115652,
        "Gross Profit": 9239,
        "Financial expenses": 2157,
        "Of which: Interest expense": 1916,
        "Cost of sales": 3312,
        "Enterprise cost management": 3452,
        "Total Operating Expenses": 8921,
        "Total revenue financing activities": 632,
        "Net profit from business activities": 949,
        "Profit": 1260,
        "Profit before tax": 2209,
        "Present corporate income tax expenses": 486,
        "Deferred income taxes expenses": "N/A",
        "The interests of minority shareholders": "N/A",
        "Total Cost of profits": 486,
        "Profit after tax corporate income": 1723,
        "Volume": 5583200,
        "Close of Quarter": 10.3,
        "EPS": 1142.8,
        "Non-adjusted EPS": 2140,
        "PE": 4.8,
        "Book Price": 11.6
      }
    },
    {
      "quarter": "Q2 2014",
      "income status": {
        "Net sales": 123061,
        "Cost of goods sold": 115362,
        "Gross Profit": 7699,
        "Financial expenses": 2470,
        "Of which: Interest expense": 1682,
        "Cost of sales": 2395,
        "Enterprise cost management": 1535,
        "Total Operating Expenses": 6400,
        "Total revenue financing activities": 2128,
        "Net profit from business activities": 3426,
        "Profit": 1487,
        "Profit before tax": 4913,
        "Present corporate income tax expenses": 1081,
        "Deferred income taxes expenses": "N/A",
        "The interests of minority shareholders": "N/A",
        "Total Cost of profits": 1081,
        "Profit after tax corporate income": 3832,
        "Volume": 5583200,
        "Close of Quarter": 9.2,
        "EPS": 1073.4,
        "Non-adjusted EPS": 2010,
        "PE": 4.6,
        "Book Price": 11.5
      }
    },
    {
      "quarter": "Q1 2014",
      "income status": {
        "Net sales": 80169,
        "Cost of goods sold": 73598,
        "Gross Profit": 6571,
        "Financial expenses": 1539,
        "Of which: Interest expense": 1471,
        "Cost of sales": 2571,
        "Enterprise cost management": 2323,
        "Total Operating Expenses": 6433,
        "Total revenue financing activities": 221,
        "Net profit from business activities": 360,
        "Profit": 1594,
        "Profit before tax": 1954,
        "Present corporate income tax expenses": 430,
        "Deferred income taxes expenses": "N/A",
        "The interests of minority shareholders": "N/A",
        "Total Cost of profits": 430,
        "Profit after tax corporate income": 1524,
        "Volume": 3850000,
        "Close of Quarter": 10.2,
        "EPS": 891.9,
        "Non-adjusted EPS": 2422,
        "PE": 4.2,
        "Book Price": 9.8
      }
    },
    {
      "quarter": "Q4 2013",
      "income status": {
        "Net sales": 100273,
        "Cost of goods sold": 90330,
        "Gross Profit": 9943,
        "Financial expenses": 1344,
        "Of which: Interest expense": 1324,
        "Cost of sales": 2977,
        "Enterprise cost management": 3094,
        "Total Operating Expenses": 7415,
        "Total revenue financing activities": 286,
        "Net profit from business activities": 2814,
        "Profit": 3796,
        "Profit before tax": 6610,
        "Present corporate income tax expenses": 1743,
        "Deferred income taxes expenses": "N/A",
        "The interests of minority shareholders": "N/A",
        "Total Cost of profits": 1743,
        "Profit after tax corporate income": 4867,
        "Volume": 3850000,
        "Close of Quarter": 10.1,
        "EPS": 789.5,
        "Non-adjusted EPS": 2144,
        "PE": 4.7,
        "Book Price": 9.7
      }
    },
    {
      "quarter": "Q3 2013",
      "income status": {
        "Net sales": 104339,
        "Cost of goods sold": 96139,
        "Gross Profit": 8200,
        "Financial expenses": 1883,
        "Of which: Interest expense": "N/A",
        "Cost of sales": 3305,
        "Enterprise cost management": 2830,
        "Total Operating Expenses": 8018,
        "Total revenue financing activities": 475,
        "Net profit from business activities": 657,
        "Profit": 680,
        "Profit before tax": 1337,
        "Present corporate income tax expenses": 334,
        "Deferred income taxes expenses": "N/A",
        "The interests of minority shareholders": "N/A",
        "Total Cost of profits": 334,
        "Profit after tax corporate income": 1002,
        "Volume": 3850000,
        "Close of Quarter": 9.4,
        "EPS": 813.8,
        "Non-adjusted EPS": 2210,
        "PE": 4.2,
        "Book Price": 9.2
      }
    },
    {
      "quarter": "Q2 2013",
      "income status": {
        "Net sales": 89826,
        "Cost of goods sold": 80716,
        "Gross Profit": 9110,
        "Financial expenses": 1482,
        "Of which: Interest expense": 2218,
        "Cost of sales": 3155,
        "Enterprise cost management": 2459,
        "Total Operating Expenses": 7096,
        "Total revenue financing activities": 267,
        "Net profit from business activities": 2281,
        "Profit": 407,
        "Profit before tax": 2687,
        "Present corporate income tax expenses": 754,
        "Deferred income taxes expenses": "N/A",
        "The interests of minority shareholders": "N/A",
        "Total Cost of profits": 754,
        "Profit after tax corporate income": 1933,
        "Volume": 3850000,
        "Close of Quarter": 9.7,
        "EPS": 784.0,
        "Non-adjusted EPS": 2129,
        "PE": 4.6,
        "Book Price": 9.1
      }
    },
    {
      "quarter": "Q1 2013",
      "income status": {
        "Net sales": 80395,
        "Cost of goods sold": 74098,
        "Gross Profit": 6297,
        "Financial expenses": 981,
        "Of which: Interest expense": "N/A",
        "Cost of sales": 2691,
        "Enterprise cost management": 2628,
        "Total Operating Expenses": 6300,
        "Total revenue financing activities": 255,
        "Net profit from business activities": 252,
        "Profit": 349,
        "Profit before tax": 601,
        "Present corporate income tax expenses": 150,
        "Deferred income taxes expenses": "N/A",
        "The interests of minority shareholders": "N/A",
        "Total Cost of profits": 150,
        "Profit after tax corporate income": 451,
        "Volume": 3850000,
        "Close of Quarter": 8.2,
        "EPS": 934.6,
        "Non-adjusted EPS": 2538,
        "PE": 3.2,
        "Book Price": 9.4
      }
    },
    {
      "quarter": "Q4 2012",
      "income status": {
        "Net sales": 108696,
        "Cost of goods sold": 96102,
        "Gross Profit": 12594,
        "Financial expenses": 1141,
        "Of which: Interest expense": "N/A",
        "Cost of sales": 3539,
        "Enterprise cost management": 2723,
        "Total Operating Expenses": 7403,
        "Total revenue financing activities": 468,
        "Net profit from business activities": 5659,
        "Profit": 341,
        "Profit before tax": 6000,
        "Present corporate income tax expenses": 879,
        "Deferred income taxes expenses": "N/A",
        "The interests of minority shareholders": "N/A",
        "Total Cost of profits": 879,
        "Profit after tax corporate income": 5121,
        "Volume": 3850000,
        "Close of Quarter": 8.1,
        "EPS": 1113.2,
        "Non-adjusted EPS": 3023,
        "PE": 2.7,
        "Book Price": 9.5
      }
    },
    {
      "quarter": "Q3 2012",
      "income status": {
        "Net sales": 83382,
        "Cost of goods sold": 77263,
        "Gross Profit": 6120,
        "Financial expenses": 970,
        "Of which: Interest expense": "N/A",
        "Cost of sales": 3445,
        "Enterprise cost management": 2295,
        "Total Operating Expenses": 6710,
        "Total revenue financing activities": 302,
        "Net profit from business activities": -287,
        "Profit": 1123,
        "Profit before tax": 836,
        "Present corporate income tax expenses": 146,
        "Deferred income taxes expenses": "N/A",
        "The interests of minority shareholders": "N/A",
        "Total Cost of profits": 146,
        "Profit after tax corporate income": 690,
        "Volume": 3500000,
        "Close of Quarter": 9.2,
        "EPS": 1111.1,
        "Non-adjusted EPS": 3319,
        "PE": 2.8,
        "Book Price": 9.1
      }
    },
    {
      "quarter": "Q2 2012",
      "income status": {
        "Net sales": 82193,
        "Cost of goods sold": 72651,
        "Gross Profit": 9541,
        "Financial expenses": 693,
        "Of which: Interest expense": 998,
        "Cost of sales": 2895,
        "Enterprise cost management": 3009,
        "Total Operating Expenses": 6597,
        "Total revenue financing activities": 375,
        "Net profit from business activities": 3320,
        "Profit": 1360,
        "Profit before tax": 4680,
        "Present corporate income tax expenses": 1170,
        "Deferred income taxes expenses": "N/A",
        "The interests of minority shareholders": "N/A",
        "Total Cost of profits": 1170,
        "Profit after tax corporate income": 3510,
        "Volume": 3500000,
        "Close of Quarter": 9.9,
        "EPS": 1217.2,
        "Non-adjusted EPS": 3636,
        "PE": 2.7,
        "Book Price": 9.0
      }
    },
    {
      "quarter": "Q1 2012",
      "income status": {
        "Net sales": 55912,
        "Cost of goods sold": 48261,
        "Gross Profit": 7650,
        "Financial expenses": 566,
        "Of which: Interest expense": "N/A",
        "Cost of sales": 1402,
        "Enterprise cost management": 3804,
        "Total Operating Expenses": 5772,
        "Total revenue financing activities": 322,
        "Net profit from business activities": 2200,
        "Profit": 891,
        "Profit before tax": 3091,
        "Present corporate income tax expenses": 773,
        "Deferred income taxes expenses": "N/A",
        "The interests of minority shareholders": "N/A",
        "Total Cost of profits": 773,
        "Profit after tax corporate income": 2318,
        "Volume": 3500000,
        "Close of Quarter": 9.0,
        "EPS": 1083.9,
        "Non-adjusted EPS": 3238,
        "PE": 2.8,
        "Book Price": 9.0
      }
    },
    {
      "quarter": "Q4 2011",
      "income status": {
        "Net sales": 89051,
        "Cost of goods sold": 78429,
        "Gross Profit": 10622,
        "Financial expenses": 792,
        "Of which: Interest expense": "N/A",
        "Cost of sales": 2008,
        "Enterprise cost management": 4432,
        "Total Operating Expenses": 7232,
        "Total revenue financing activities": 780,
        "Net profit from business activities": 4170,
        "Profit": 1222,
        "Profit before tax": 5392,
        "Present corporate income tax expenses": 293,
        "Deferred income taxes expenses": "N/A",
        "The interests of minority shareholders": "N/A",
        "Total Cost of profits": 293,
        "Profit after tax corporate income": 5099,
        "Volume": 3500000,
        "Close of Quarter": 10.1,
        "EPS": 1120.4,
        "Non-adjusted EPS": 3347,
        "PE": 3.0,
        "Book Price": 8.8
      }
    },
    {
      "quarter": "Q3 2011",
      "income status": {
        "Net sales": 64297,
        "Cost of goods sold": 56462,
        "Gross Profit": 7835,
        "Financial expenses": 436,
        "Of which: Interest expense": "N/A",
        "Cost of sales": 1509,
        "Enterprise cost management": 3731,
        "Total Operating Expenses": 5676,
        "Total revenue financing activities": 219,
        "Net profit from business activities": 2379,
        "Profit": 21,
        "Profit before tax": 2399,
        "Present corporate income tax expenses": 600,
        "Deferred income taxes expenses": "N/A",
        "The interests of minority shareholders": "N/A",
        "Total Cost of profits": 600,
        "Profit after tax corporate income": 1799,
        "Volume": 3500000,
        "Close of Quarter": 8.3,
        "EPS": 804.1,
        "Non-adjusted EPS": 2402,
        "PE": 3.5,
        "Book Price": 8.3
      }
    },
    {
      "quarter": "Q2 2011",
      "income status": {
        "Net sales": 51225,
        "Cost of goods sold": 44260,
        "Gross Profit": 6965,
        "Financial expenses": 312,
        "Of which: Interest expense": "N/A",
        "Cost of sales": 1453,
        "Enterprise cost management": 3139,
        "Total Operating Expenses": 4904,
        "Total revenue financing activities": 740,
        "Net profit from business activities": 2801,
        "Profit": 23,
        "Profit before tax": 2824,
        "Present corporate income tax expenses": 706,
        "Deferred income taxes expenses": "N/A",
        "The interests of minority shareholders": "N/A",
        "Total Cost of profits": 706,
        "Profit after tax corporate income": 2118,
        "Volume": 3500000,
        "Close of Quarter": 8.0,
        "EPS": 842.6,
        "Non-adjusted EPS": 2517,
        "PE": 3.2,
        "Book Price": 8.1
      }
    },
    {
      "quarter": "Q1 2011",
      "income status": {
        "Net sales": 38184,
        "Cost of goods sold": 31861,
        "Gross Profit": 6323,
        "Financial expenses": 67,
        "Of which: Interest expense": "N/A",
        "Cost of sales": 1266,
        "Enterprise cost management": 2854,
        "Total Operating Expenses": 4187,
        "Total revenue financing activities": 1451,
        "Net profit from business activities": 3589,
        "Profit": 8,
        "Profit before tax": 3596,
        "Present corporate income tax expenses": 899,
        "Deferred income taxes expenses": "N/A",
        "The interests of minority shareholders": "N/A",
        "Total Cost of profits": 899,
        "Profit after tax corporate income": 2697,
        "Volume": 3500000,
        "Close of Quarter": 9.4,
        "EPS": 933.0,
        "Non-adjusted EPS": 2787,
        "PE": 3.4,
        "Book Price": 7.9
      }
    },
    {
      "quarter": "Q4 2010",
      "income status": {
        "Net sales": 66475,
        "Cost of goods sold": 63080,
        "Gross Profit": 3395,
        "Financial expenses": 79,
        "Of which: Interest expense": "N/A",
        "Cost of sales": 2197,
        "Enterprise cost management": 1045,
        "Total Operating Expenses": 3321,
        "Total revenue financing activities": 2337,
        "Net profit from business activities": 2410,
        "Profit": "N/A",
        "Profit before tax": 2410,
        "Present corporate income tax expenses": 618,
        "Deferred income taxes expenses": "N/A",
        "The interests of minority shareholders": "N/A",
        "Total Cost of profits": 618,
        "Profit after tax corporate income": 1792,
        "Volume": 3500000,
        "Close of Quarter": 7.6,
        "EPS": 1004.9,
        "Non-adjusted EPS": 3002,
        "PE": 2.5,
        "Book Price": 8.4
      }
    },
    {
      "quarter": "Q3 2010",
      "income status": {
        "Net sales": 45190,
        "Cost of goods sold": 40391,
        "Gross Profit": 4799,
        "Financial expenses": 45,
        "Of which: Interest expense": "N/A",
        "Cost of sales": 1035,
        "Enterprise cost management": 1256,
        "Total Operating Expenses": 2336,
        "Total revenue financing activities": 474,
        "Net profit from business activities": 2936,
        "Profit": "N/A",
        "Profit before tax": 2936,
        "Present corporate income tax expenses": 734,
        "Deferred income taxes expenses": "N/A",
        "The interests of minority shareholders": "N/A",
        "Total Cost of profits": 734,
        "Profit after tax corporate income": 2202,
        "Volume": 3350730,
        "Close of Quarter": 8.3,
        "EPS": 1168.8,
        "Non-adjusted EPS": 3647,
        "PE": 2.3,
        "Book Price": 7.9
      }
    },
    {
      "quarter": "Q2 2010",
      "income status": {
        "Net sales": 46234,
        "Cost of goods sold": "N/A",
        "Gross Profit": 8173,
        "Financial expenses": "N/A",
        "Of which: Interest expense": "N/A",
        "Cost of sales": "N/A",
        "Enterprise cost management": 3478,
        "Total Operating Expenses": 3478,
        "Total revenue financing activities": "N/A",
        "Net profit from business activities": 4084,
        "Profit": "N/A",
        "Profit before tax": 4084,
        "Present corporate income tax expenses": "N/A",
        "Deferred income taxes expenses": 1021,
        "The interests of minority shareholders": "N/A",
        "Total Cost of profits": 1021,
        "Profit after tax corporate income": 3063,
        "Volume": 3350730,
        "Close of Quarter": 7.7,
        "EPS": 1251.2,
        "Non-adjusted EPS": 3904,
        "PE": 2.0,
        "Book Price": 7.7
      }
    },
    {
      "quarter": "Q1 2010",
      "income status": {
        "Net sales": 38263,
        "Cost of goods sold": "N/A",
        "Gross Profit": 7710,
        "Financial expenses": "N/A",
        "Of which: Interest expense": "N/A",
        "Cost of sales": "N/A",
        "Enterprise cost management": 2539,
        "Total Operating Expenses": 2539,
        "Total revenue financing activities": "N/A",
        "Net profit from business activities": 4599,
        "Profit": "N/A",
        "Profit before tax": 4599,
        "Present corporate income tax expenses": "N/A",
        "Deferred income taxes expenses": 1150,
        "The interests of minority shareholders": "N/A",
        "Total Cost of profits": 1150,
        "Profit after tax corporate income": 3449,
        "Volume": 3350730,
        "Close of Quarter": 7.8,
        "EPS": 1131.6,
        "Non-adjusted EPS": 3531,
        "PE": 2.2,
        "Book Price": 7.4
      }
    },
    {
      "quarter": "Q4 2009",
      "income status": {
        "Net sales": 45328,
        "Cost of goods sold": "N/A",
        "Gross Profit": 4427,
        "Financial expenses": "N/A",
        "Of which: Interest expense": "N/A",
        "Cost of sales": "N/A",
        "Enterprise cost management": 2347,
        "Total Operating Expenses": 2347,
        "Total revenue financing activities": "N/A",
        "Net profit from business activities": 4011,
        "Profit": 936,
        "Profit before tax": 4947,
        "Present corporate income tax expenses": "N/A",
        "Deferred income taxes expenses": 1442,
        "The interests of minority shareholders": "N/A",
        "Total Cost of profits": 1442,
        "Profit after tax corporate income": 3505,
        "Volume": 3350730,
        "Close of Quarter": 6.6,
        "EPS": 993.5,
        "Non-adjusted EPS": 3100,
        "PE": 2.1,
        "Book Price": 7.9
      }
    },
    {
      "quarter": "Q3 2009",
      "income status": {
        "Net sales": 38063,
        "Cost of goods sold": "N/A",
        "Gross Profit": 6192,
        "Financial expenses": "N/A",
        "Of which: Interest expense": "N/A",
        "Cost of sales": "N/A",
        "Enterprise cost management": 1628,
        "Total Operating Expenses": 1628,
        "Total revenue financing activities": "N/A",
        "Net profit from business activities": 3799,
        "Profit": 30,
        "Profit before tax": 3829,
        "Present corporate income tax expenses": "N/A",
        "Deferred income taxes expenses": 766,
        "The interests of minority shareholders": "N/A",
        "Total Cost of profits": 766,
        "Profit after tax corporate income": 3063,
        "Volume": 3350730,
        "Close of Quarter": 6.9,
        "EPS": 981.0,
        "Non-adjusted EPS": 3061,
        "PE": 2.3,
        "Book Price": 7.6
      }
    },
    {
      "quarter": "Q2 2009",
      "income status": {
        "Net sales": 28887,
        "Cost of goods sold": "N/A",
        "Gross Profit": 2459,
        "Financial expenses": "N/A",
        "Of which: Interest expense": "N/A",
        "Cost of sales": "N/A",
        "Enterprise cost management": 2526,
        "Total Operating Expenses": 2526,
        "Total revenue financing activities": "N/A",
        "Net profit from business activities": 2270,
        "Profit": "N/A",
        "Profit before tax": 2270,
        "Present corporate income tax expenses": "N/A",
        "Deferred income taxes expenses": 454,
        "The interests of minority shareholders": "N/A",
        "Total Cost of profits": 454,
        "Profit after tax corporate income": 1816,
        "Volume": 3350730,
        "Close of Quarter": 5.1,
        "EPS": 1216.5,
        "Non-adjusted EPS": 3796,
        "PE": 1.4,
        "Book Price": 7.3
      }
    },
    {
      "quarter": "Q1 2009",
      "income status": {
        "Net sales": 46279,
        "Cost of goods sold": 40065,
        "Gross Profit": 6214,
        "Financial expenses": "N/A",
        "Of which: Interest expense": "N/A",
        "Cost of sales": 1621,
        "Enterprise cost management": 2184,
        "Total Operating Expenses": 3805,
        "Total revenue financing activities": 40,
        "Net profit from business activities": 2449,
        "Profit": 54,
        "Profit before tax": 2502,
        "Present corporate income tax expenses": 500,
        "Deferred income taxes expenses": "N/A",
        "The interests of minority shareholders": "N/A",
        "Total Cost of profits": 500,
        "Profit after tax corporate income": 2002,
        "Volume": 3350730,
        "Close of Quarter": 4.2,
        "EPS": 1336.7,
        "Non-adjusted EPS": 4171,
        "PE": 1,
        "Book Price": 7.1
      }
    },
    {
      "quarter": "Q4 2008",
      "income status": {
        "Net sales": 55247,
        "Cost of goods sold": 50716,
        "Gross Profit": 4531,
        "Financial expenses": 143,
        "Of which: Interest expense": "N/A",
        "Cost of sales": 1721,
        "Enterprise cost management": 555,
        "Total Operating Expenses": 2419,
        "Total revenue financing activities": 1621,
        "Net profit from business activities": 3732,
        "Profit": 253,
        "Profit before tax": 3985,
        "Present corporate income tax expenses": 609,
        "Deferred income taxes expenses": "N/A",
        "The interests of minority shareholders": "N/A",
        "Total Cost of profits": 609,
        "Profit after tax corporate income": 3376,
        "Volume": 3350730,
        "Close of Quarter": 3.6,
        "EPS": 1275.8,
        "Non-adjusted EPS": 3981,
        "PE": 0.9,
        "Book Price": 7.6
      }
    },
    {
      "quarter": "Q3 2008",
      "income status": {
        "Net sales": 47143,
        "Cost of goods sold": 40041,
        "Gross Profit": 7102,
        "Financial expenses": 15,
        "Of which: Interest expense": "N/A",
        "Cost of sales": 1980,
        "Enterprise cost management": 1558,
        "Total Operating Expenses": 3553,
        "Total revenue financing activities": 2232,
        "Net profit from business activities": 5781,
        "Profit": 100,
        "Profit before tax": 5881,
        "Present corporate income tax expenses": 357,
        "Deferred income taxes expenses": "N/A",
        "The interests of minority shareholders": "N/A",
        "Total Cost of profits": 357,
        "Profit after tax corporate income": 5525,
        "Volume": 3450730,
        "Close of Quarter": 4.7,
        "EPS": 1106.0,
        "Non-adjusted EPS": 3351,
        "PE": 1.4,
        "Book Price": 7.4
      }
    },
    {
      "quarter": "Q2 2008",
      "income status": {
        "Net sales": 39009,
        "Cost of goods sold": 36010,
        "Gross Profit": 2999,
        "Financial expenses": 81,
        "Of which: Interest expense": "N/A",
        "Cost of sales": 1832,
        "Enterprise cost management": 3136,
        "Total Operating Expenses": 5049,
        "Total revenue financing activities": 137,
        "Net profit from business activities": -1913,
        "Profit": 9077,
        "Profit before tax": 7164,
        "Present corporate income tax expenses": 4091,
        "Deferred income taxes expenses": "N/A",
        "The interests of minority shareholders": "N/A",
        "Total Cost of profits": 4091,
        "Profit after tax corporate income": 3073,
        "Volume": 3450730,
        "Close of Quarter": 5.1,
        "EPS": 725.1,
        "Non-adjusted EPS": 2197,
        "PE": 2.3,
        "Book Price": 7.0
      }
    },
    {
      "quarter": "Q1 2008",
      "income status": {
        "Net sales": 22902,
        "Cost of goods sold": 20183,
        "Gross Profit": 2718,
        "Financial expenses": 11,
        "Of which: Interest expense": "N/A",
        "Cost of sales": 1177,
        "Enterprise cost management": 602,
        "Total Operating Expenses": 1790,
        "Total revenue financing activities": 619,
        "Net profit from business activities": 1548,
        "Profit": "N/A",
        "Profit before tax": 1549,
        "Present corporate income tax expenses": 184,
        "Deferred income taxes expenses": "N/A",
        "The interests of minority shareholders": "N/A",
        "Total Cost of profits": 184,
        "Profit after tax corporate income": 1364,
        "Volume": 3500000,
        "Close of Quarter": 7.4,
        "EPS": 593.2,
        "Non-adjusted EPS": 1772,
        "PE": 4.2,
        "Book Price": 6.8
      }
    },
    {
      "quarter": "Q4 2007",
      "income status": {
        "Net sales": 38187,
        "Cost of goods sold": 33953,
        "Gross Profit": 4234,
        "Financial expenses": 265,
        "Of which: Interest expense": "N/A",
        "Cost of sales": 1732,
        "Enterprise cost management": 824,
        "Total Operating Expenses": 2821,
        "Total revenue financing activities": 192,
        "Net profit from business activities": 1605,
        "Profit": 239,
        "Profit before tax": 1844,
        "Present corporate income tax expenses": 243,
        "Deferred income taxes expenses": "N/A",
        "The interests of minority shareholders": "N/A",
        "Total Cost of profits": 243,
        "Profit after tax corporate income": 1601,
        "Volume": 3500000,
        "Close of Quarter": 10.2,
        "EPS": 556.4,
        "Non-adjusted EPS": 1662,
        "PE": 6.1,
        "Book Price": 7.1
      }
    },
    {
      "quarter": "Q3 2007",
      "income status": {
        "Net sales": 44009,
        "Cost of goods sold": 39912,
        "Gross Profit": 4097,
        "Financial expenses": "N/A",
        "Of which: Interest expense": "N/A",
        "Cost of sales": 1767,
        "Enterprise cost management": 653,
        "Total Operating Expenses": 2420,
        "Total revenue financing activities": 39,
        "Net profit from business activities": 1716,
        "Profit": "N/A",
        "Profit before tax": 1716,
        "Present corporate income tax expenses": 172,
        "Deferred income taxes expenses": "N/A",
        "The interests of minority shareholders": "N/A",
        "Total Cost of profits": 172,
        "Profit after tax corporate income": 1544,
        "Volume": 2000000,
        "Close of Quarter": 11.2,
        "EPS": 486.1,
        "Non-adjusted EPS": 2541,
        "PE": 4.4,
        "Book Price": 3.2
      }
    },
    {
      "quarter": "Q2 2007",
      "income status": {
        "Net sales": 35596,
        "Cost of goods sold": 31609,
        "Gross Profit": 3986,
        "Financial expenses": 17,
        "Of which: Interest expense": "N/A",
        "Cost of sales": 1459,
        "Enterprise cost management": 757,
        "Total Operating Expenses": 2233,
        "Total revenue financing activities": 127,
        "Net profit from business activities": 1881,
        "Profit": "N/A",
        "Profit before tax": 1881,
        "Present corporate income tax expenses": 188,
        "Deferred income taxes expenses": "N/A",
        "The interests of minority shareholders": "N/A",
        "Total Cost of profits": 188,
        "Profit after tax corporate income": 1693,
        "Volume": 2000000,
        "Close of Quarter": 10.4,
        "EPS": 488.0,
        "Non-adjusted EPS": 2551,
        "PE": 4.1,
        "Book Price": 3.0
      }
    },
    {
      "quarter": "Q1 2007",
      "income status": {
        "Net sales": 27761,
        "Cost of goods sold": 24645,
        "Gross Profit": 3116,
        "Financial expenses": 37,
        "Of which: Interest expense": "N/A",
        "Cost of sales": 1525,
        "Enterprise cost management": 477,
        "Total Operating Expenses": 2039,
        "Total revenue financing activities": 11,
        "Net profit from business activities": 1088,
        "Profit": "N/A",
        "Profit before tax": 1088,
        "Present corporate income tax expenses": 109,
        "Deferred income taxes expenses": "N/A",
        "The interests of minority shareholders": "N/A",
        "Total Cost of profits": 109,
        "Profit after tax corporate income": 979,
        "Volume": 2000000,
        "Close of Quarter": 11.4,
        "EPS": 485.7,
        "Non-adjusted EPS": 2539,
        "PE": 4.5,
        "Book Price": 2.9
      }
    },
    {
      "quarter": "Q4 2006",
      "income status": {
        "Net sales": 37880,
        "Cost of goods sold": 33989,
        "Gross Profit": 3892,
        "Financial expenses": 31,
        "Of which: Interest expense": "N/A",
        "Cost of sales": 1903,
        "Enterprise cost management": 1068,
        "Total Operating Expenses": 3002,
        "Total revenue financing activities": 73,
        "Net profit from business activities": 962,
        "Profit": "N/A",
        "Profit before tax": 962,
        "Present corporate income tax expenses": 96,
        "Deferred income taxes expenses": "N/A",
        "The interests of minority shareholders": "N/A",
        "Total Cost of profits": 96,
        "Profit after tax corporate income": 866,
        "Volume": 2000000,
        "Close of Quarter": 7.6,
        "EPS": 476.9,
        "Non-adjusted EPS": 2493,
        "PE": 3.0,
        "Book Price": 2.9
      }
    },
    {
      "quarter": "Q3 2006",
      "income status": {
        "Net sales": 39914,
        "Cost of goods sold": 35813,
        "Gross Profit": 4101,
        "Financial expenses": 13,
        "Of which: Interest expense": "N/A",
        "Cost of sales": 1676,
        "Enterprise cost management": 705,
        "Total Operating Expenses": 2394,
        "Total revenue financing activities": 9,
        "Net profit from business activities": 1717,
        "Profit": "N/A",
        "Profit before tax": 1717,
        "Present corporate income tax expenses": 154,
        "Deferred income taxes expenses": "N/A",
        "The interests of minority shareholders": "N/A",
        "Total Cost of profits": 154,
        "Profit after tax corporate income": 1563,
        "Volume": 2000000,
        "Close of Quarter": "N/A",
        "EPS": 394.1,
        "Non-adjusted EPS": 2060,
        "PE": "N/A",
        "Book Price": 3.0
      }
    },
    {
      "quarter": "Q2 2006",
      "income status": {
        "Net sales": 37614,
        "Cost of goods sold": 34621,
        "Gross Profit": 2993,
        "Financial expenses": 14,
        "Of which: Interest expense": "N/A",
        "Cost of sales": 1567,
        "Enterprise cost management": 351,
        "Total Operating Expenses": 1932,
        "Total revenue financing activities": 45,
        "Net profit from business activities": 1106,
        "Profit": 749,
        "Profit before tax": 1855,
        "Present corporate income tax expenses": 186,
        "Deferred income taxes expenses": "N/A",
        "The interests of minority shareholders": "N/A",
        "Total Cost of profits": 186,
        "Profit after tax corporate income": 1670,
        "Volume": 2000000,
        "Close of Quarter": "N/A",
        "EPS": 244.5,
        "Non-adjusted EPS": 1278,
        "PE": "N/A",
        "Book Price": "N/A"
      }
    },
    {
      "quarter": "Q1 2006",
      "income status": {
        "Net sales": 32486,
        "Cost of goods sold": 29931,
        "Gross Profit": 2555,
        "Financial expenses": 5,
        "Of which: Interest expense": "N/A",
        "Cost of sales": 1175,
        "Enterprise cost management": 393,
        "Total Operating Expenses": 1573,
        "Total revenue financing activities": 6,
        "Net profit from business activities": 989,
        "Profit": -4,
        "Profit before tax": 985,
        "Present corporate income tax expenses": 98,
        "Deferred income taxes expenses": "N/A",
        "The interests of minority shareholders": "N/A",
        "Total Cost of profits": 98,
        "Profit after tax corporate income": 886,
        "Volume": 2000000,
        "Close of Quarter": "N/A",
        "EPS": 84.7,
        "Non-adjusted EPS": 443,
        "PE": "N/A",
        "Book Price": "N/A"
      }
    }
  ]
}