{
  "ticker": "CLP",
  "data": [
    {
      "quarter": "Q4 2013",
      "income status": {
        "Net sales": 322055,
        "Cost of goods sold": 334465,
        "Gross Profit": -12410,
        "Financial expenses": 7870,
        "Of which: Interest expense": 6733,
        "Cost of sales": 6675,
        "Enterprise cost management": 4609,
        "Total Operating Expenses": 19154,
        "Total revenue financing activities": 1348,
        "Net profit from business activities": -30215,
        "Profit": 8,
        "Profit before tax": -30262,
        "Present corporate income tax expenses": "N/A",
        "Deferred income taxes expenses": -105,
        "The interests of minority shareholders": "N/A",
        "Total Cost of profits": -105,
        "Profit after tax corporate income": -30157,
        "Volume": 8000000,
        "Close of Quarter": 9.9,
        "EPS": -9849,
        "Non-adjusted EPS": -9849,
        "PE": -1.0,
        "Book Price": 5.6
      }
    },
    {
      "quarter": "Q3 2013",
      "income status": {
        "Net sales": 433600,
        "Cost of goods sold": 451196,
        "Gross Profit": -17596,
        "Financial expenses": 8482,
        "Of which: Interest expense": 6882,
        "Cost of sales": 12226,
        "Enterprise cost management": 4745,
        "Total Operating Expenses": 25453,
        "Total revenue financing activities": 1631,
        "Net profit from business activities": -41419,
        "Profit": 11,
        "Profit before tax": -41408,
        "Present corporate income tax expenses": "N/A",
        "Deferred income taxes expenses": -1427,
        "The interests of minority shareholders": "N/A",
        "Total Cost of profits": -1427,
        "Profit after tax corporate income": -39981,
        "Volume": 8000000,
        "Close of Quarter": 8.1,
        "EPS": -7438,
        "Non-adjusted EPS": -7438,
        "PE": -1.1,
        "Book Price": 9.3
      }
    },
    {
      "quarter": "Q2 2013",
      "income status": {
        "Net sales": 211735,
        "Cost of goods sold": 194141,
        "Gross Profit": 17593,
        "Financial expenses": 7661,
        "Of which: Interest expense": 6342,
        "Cost of sales": 8171,
        "Enterprise cost management": 4403,
        "Total Operating Expenses": 20235,
        "Total revenue financing activities": 477,
        "Net profit from business activities": -2165,
        "Profit": 432,
        "Profit before tax": -1653,
        "Present corporate income tax expenses": 489,
        "Deferred income taxes expenses": "N/A",
        "The interests of minority shareholders": -84,
        "Total Cost of profits": 405,
        "Profit after tax corporate income": -2058,
        "Volume": 8000000,
        "Close of Quarter": 5.6,
        "EPS": -2381,
        "Non-adjusted EPS": -2381,
        "PE": -2.4,
        "Book Price": 14.3
      }
    },
    {
      "quarter": "Q1 2013",
      "income status": {
        "Net sales": 155607,
        "Cost of goods sold": 145193,
        "Gross Profit": 10414,
        "Financial expenses": 7190,
        "Of which: Interest expense": 6688,
        "Cost of sales": 6020,
        "Enterprise cost management": 4388,
        "Total Operating Expenses": 17598,
        "Total revenue financing activities": 616,
        "Net profit from business activities": -6568,
        "Profit": -341,
        "Profit before tax": -6894,
        "Present corporate income tax expenses": "N/A",
        "Deferred income taxes expenses": "N/A",
        "The interests of minority shareholders": -297,
        "Total Cost of profits": -297,
        "Profit after tax corporate income": -6597,
        "Volume": 8000000,
        "Close of Quarter": 7.2,
        "EPS": -2002,
        "Non-adjusted EPS": -2002,
        "PE": -3.6,
        "Book Price": 14.7
      }
    },
    {
      "quarter": "Q4 2012",
      "income status": {
        "Net sales": 262478,
        "Cost of goods sold": 250689,
        "Gross Profit": 11790,
        "Financial expenses": 10114,
        "Of which: Interest expense": 9731,
        "Cost of sales": 10887,
        "Enterprise cost management": 4478,
        "Total Operating Expenses": 25479,
        "Total revenue financing activities": 160,
        "Net profit from business activities": -13530,
        "Profit": 813,
        "Profit before tax": -11967,
        "Present corporate income tax expenses": "N/A",
        "Deferred income taxes expenses": "N/A",
        "The interests of minority shareholders": -1100,
        "Total Cost of profits": -1100,
        "Profit after tax corporate income": -10867,
        "Volume": 8000000,
        "Close of Quarter": 7.2,
        "EPS": -1111,
        "Non-adjusted EPS": -1111,
        "PE": -6.5,
        "Book Price": 15.5
      }
    },
    {
      "quarter": "Q3 2012",
      "income status": {
        "Net sales": 352110,
        "Cost of goods sold": 323920,
        "Gross Profit": 28191,
        "Financial expenses": 11063,
        "Of which: Interest expense": 10647,
        "Cost of sales": 12630,
        "Enterprise cost management": 4946,
        "Total Operating Expenses": 28639,
        "Total revenue financing activities": 269,
        "Net profit from business activities": -179,
        "Profit": 259,
        "Profit before tax": 569,
        "Present corporate income tax expenses": 140,
        "Deferred income taxes expenses": "N/A",
        "The interests of minority shareholders": -48,
        "Total Cost of profits": 92,
        "Profit after tax corporate income": 477,
        "Volume": 8000000,
        "Close of Quarter": "N/A",
        "EPS": 247,
        "Non-adjusted EPS": 247,
        "PE": "N/A",
        "Book Price": 16.8
      }
    },
    {
      "quarter": "Q2 2012",
      "income status": {
        "Net sales": 257841,
        "Cost of goods sold": 239536,
        "Gross Profit": 18305,
        "Financial expenses": 10680,
        "Of which: Interest expense": 10293,
        "Cost of sales": 7501,
        "Enterprise cost management": 4803,
        "Total Operating Expenses": 22984,
        "Total revenue financing activities": 5554,
        "Net profit from business activities": 876,
        "Profit": -3,
        "Profit before tax": 1132,
        "Present corporate income tax expenses": 149,
        "Deferred income taxes expenses": "N/A",
        "The interests of minority shareholders": 15,
        "Total Cost of profits": 164,
        "Profit after tax corporate income": 969,
        "Volume": 8000000,
        "Close of Quarter": "N/A",
        "EPS": 188,
        "Non-adjusted EPS": 188,
        "PE": "N/A",
        "Book Price": 16.8
      }
    },
    {
      "quarter": "Q1 2012",
      "income status": {
        "Net sales": 104626,
        "Cost of goods sold": 86084,
        "Gross Profit": 18542,
        "Financial expenses": 12924,
        "Of which: Interest expense": 12446,
        "Cost of sales": 4221,
        "Enterprise cost management": 4459,
        "Total Operating Expenses": 21604,
        "Total revenue financing activities": 3768,
        "Net profit from business activities": 706,
        "Profit": -1,
        "Profit before tax": 710,
        "Present corporate income tax expenses": 146,
        "Deferred income taxes expenses": "N/A",
        "The interests of minority shareholders": 32,
        "Total Cost of profits": 178,
        "Profit after tax corporate income": 532,
        "Volume": 8000000,
        "Close of Quarter": "N/A",
        "EPS": 67,
        "Non-adjusted EPS": 67,
        "PE": "N/A",
        "Book Price": "N/A"
      }
    }
  ]
}