{
  "ticker": "PGC",
  "data": [
    {
      "quarter": "Q1 2017",
      "income status": {
        "Net sales": 727222,
        "Cost of goods sold": 583035,
        "Gross Profit": 144188,
        "Financial expenses": 11573,
        "Of which: Interest expense": 10664,
        "Cost of sales": 79910,
        "Enterprise cost management": 25184,
        "Total Operating Expenses": 116667,
        "Total revenue financing activities": 12728,
        "Net profit from business activities": 40248,
        "Profit": 161,
        "Profit before tax": 40409,
        "Present corporate income tax expenses": 8463,
        "Deferred income taxes expenses": 780,
        "The interests of minority shareholders": 2558,
        "Total Cost of profits": 11801,
        "Profit after tax corporate income": 28608,
        "Volume": 60339285,
        "Close of Quarter": 13.3,
        "EPS": 1814,
        "Non-adjusted EPS": 1814,
        "PE": 7.3,
        "Book Price": 11.3
      }
    },
    {
      "quarter": "Q4 2016",
      "income status": {
        "Net sales": 657353,
        "Cost of goods sold": 479924,
        "Gross Profit": 177430,
        "Financial expenses": 11126,
        "Of which: Interest expense": 10008,
        "Cost of sales": 94016,
        "Enterprise cost management": 51371,
        "Total Operating Expenses": 156513,
        "Total revenue financing activities": 11190,
        "Net profit from business activities": 32106,
        "Profit": 5044,
        "Profit before tax": 37151,
        "Present corporate income tax expenses": 7734,
        "Deferred income taxes expenses": -33,
        "The interests of minority shareholders": 940,
        "Total Cost of profits": 8641,
        "Profit after tax corporate income": 28510,
        "Volume": 60339285,
        "Close of Quarter": 11.8,
        "EPS": 1641,
        "Non-adjusted EPS": 1641,
        "PE": 7.2,
        "Book Price": 12.4
      }
    },
    {
      "quarter": "Q3 2016",
      "income status": {
        "Net sales": 571832,
        "Cost of goods sold": 435023,
        "Gross Profit": 136809,
        "Financial expenses": 10527,
        "Of which: Interest expense": 10807,
        "Cost of sales": 88852,
        "Enterprise cost management": 23190,
        "Total Operating Expenses": 122569,
        "Total revenue financing activities": 11261,
        "Net profit from business activities": 25501,
        "Profit": 529,
        "Profit before tax": 26030,
        "Present corporate income tax expenses": 4800,
        "Deferred income taxes expenses": 67,
        "The interests of minority shareholders": 1311,
        "Total Cost of profits": 6178,
        "Profit after tax corporate income": 19852,
        "Volume": 60339285,
        "Close of Quarter": 10.7,
        "EPS": 1475,
        "Non-adjusted EPS": 1475,
        "PE": 7.2,
        "Book Price": 11.9
      }
    },
    {
      "quarter": "Q2 2016",
      "income status": {
        "Net sales": 567343,
        "Cost of goods sold": 409090,
        "Gross Profit": 158253,
        "Financial expenses": 11587,
        "Of which: Interest expense": 11587,
        "Cost of sales": 79017,
        "Enterprise cost management": 36329,
        "Total Operating Expenses": 126933,
        "Total revenue financing activities": 13365,
        "Net profit from business activities": 44685,
        "Profit": 203,
        "Profit before tax": 44888,
        "Present corporate income tax expenses": 8121,
        "Deferred income taxes expenses": -37,
        "The interests of minority shareholders": 4299,
        "Total Cost of profits": 12383,
        "Profit after tax corporate income": 32504,
        "Volume": 60339285,
        "Close of Quarter": 9.9,
        "EPS": 1496,
        "Non-adjusted EPS": 1496,
        "PE": 6.6,
        "Book Price": 11.5
      }
    },
    {
      "quarter": "Q1 2016",
      "income status": {
        "Net sales": 582043,
        "Cost of goods sold": 455204,
        "Gross Profit": 126840,
        "Financial expenses": 11194,
        "Of which: Interest expense": 11194,
        "Cost of sales": 72990,
        "Enterprise cost management": 27013,
        "Total Operating Expenses": 111197,
        "Total revenue financing activities": 13412,
        "Net profit from business activities": 29055,
        "Profit": -309,
        "Profit before tax": 28746,
        "Present corporate income tax expenses": 6644,
        "Deferred income taxes expenses": 118,
        "The interests of minority shareholders": 3835,
        "Total Cost of profits": 10597,
        "Profit after tax corporate income": 18148,
        "Volume": 60339285,
        "Close of Quarter": 9.8,
        "EPS": 1419,
        "Non-adjusted EPS": 1419,
        "PE": 6.9,
        "Book Price": 11.1
      }
    },
    {
      "quarter": "Q4 2015",
      "income status": {
        "Net sales": 767578,
        "Cost of goods sold": 626498,
        "Gross Profit": 141080,
        "Financial expenses": 11303,
        "Of which: Interest expense": 10265,
        "Cost of sales": 82537,
        "Enterprise cost management": 38816,
        "Total Operating Expenses": 132656,
        "Total revenue financing activities": 13266,
        "Net profit from business activities": 21691,
        "Profit": 5983,
        "Profit before tax": 27673,
        "Present corporate income tax expenses": 7027,
        "Deferred income taxes expenses": 123,
        "The interests of minority shareholders": 2019,
        "Total Cost of profits": 9169,
        "Profit after tax corporate income": 18505,
        "Volume": 50284150,
        "Close of Quarter": 10.1,
        "EPS": 1468.4,
        "Non-adjusted EPS": 1762,
        "PE": 5.8,
        "Book Price": 10.8
      }
    },
    {
      "quarter": "Q3 2015",
      "income status": {
        "Net sales": 583816,
        "Cost of goods sold": 461756,
        "Gross Profit": 122060,
        "Financial expenses": 14681,
        "Of which: Interest expense": 9064,
        "Cost of sales": 71960,
        "Enterprise cost management": 24650,
        "Total Operating Expenses": 111291,
        "Total revenue financing activities": 12366,
        "Net profit from business activities": 23134,
        "Profit": 7574,
        "Profit before tax": 30708,
        "Present corporate income tax expenses": 6742,
        "Deferred income taxes expenses": 101,
        "The interests of minority shareholders": 2745,
        "Total Cost of profits": 9588,
        "Profit after tax corporate income": 21120,
        "Volume": 50284150,
        "Close of Quarter": 9.9,
        "EPS": 1497.5,
        "Non-adjusted EPS": 1797,
        "PE": 5.5,
        "Book Price": 11.6
      }
    },
    {
      "quarter": "Q2 2015",
      "income status": {
        "Net sales": 611018,
        "Cost of goods sold": 474686,
        "Gross Profit": 136332,
        "Financial expenses": 6173,
        "Of which: Interest expense": 6815,
        "Cost of sales": 72862,
        "Enterprise cost management": 28326,
        "Total Operating Expenses": 107361,
        "Total revenue financing activities": 10617,
        "Net profit from business activities": 39587,
        "Profit": -393,
        "Profit before tax": 39194,
        "Present corporate income tax expenses": 8877,
        "Deferred income taxes expenses": -295,
        "The interests of minority shareholders": 2744,
        "Total Cost of profits": 11326,
        "Profit after tax corporate income": 27867,
        "Volume": 50284150,
        "Close of Quarter": 9.9,
        "EPS": 1151.7,
        "Non-adjusted EPS": 1382,
        "PE": 7.2,
        "Book Price": 11.1
      }
    },
    {
      "quarter": "Q1 2015",
      "income status": {
        "Net sales": 615516,
        "Cost of goods sold": 497863,
        "Gross Profit": 117653,
        "Financial expenses": 10110,
        "Of which: Interest expense": 9468,
        "Cost of sales": 64478,
        "Enterprise cost management": 27024,
        "Total Operating Expenses": 101612,
        "Total revenue financing activities": 12668,
        "Net profit from business activities": 28709,
        "Profit": -78,
        "Profit before tax": 28631,
        "Present corporate income tax expenses": 6311,
        "Deferred income taxes expenses": 41,
        "The interests of minority shareholders": 1195,
        "Total Cost of profits": 7547,
        "Profit after tax corporate income": 21084,
        "Volume": 50284150,
        "Close of Quarter": 9.4,
        "EPS": 1418.4,
        "Non-adjusted EPS": 1702,
        "PE": 5.5,
        "Book Price": 10.8
      }
    },
    {
      "quarter": "Q4 2014",
      "income status": {
        "Net sales": 705285,
        "Cost of goods sold": 581717,
        "Gross Profit": 123568,
        "Financial expenses": 12279,
        "Of which: Interest expense": 9515,
        "Cost of sales": 79979,
        "Enterprise cost management": 19242,
        "Total Operating Expenses": 111500,
        "Total revenue financing activities": 11939,
        "Net profit from business activities": 24008,
        "Profit": 3204,
        "Profit before tax": 27212,
        "Present corporate income tax expenses": 6467,
        "Deferred income taxes expenses": -161,
        "The interests of minority shareholders": 616,
        "Total Cost of profits": 6922,
        "Profit after tax corporate income": 20290,
        "Volume": 50284150,
        "Close of Quarter": 9.5,
        "EPS": 1075.9,
        "Non-adjusted EPS": 1291,
        "PE": 7.4,
        "Book Price": 10.4
      }
    },
    {
      "quarter": "Q3 2014",
      "income status": {
        "Net sales": 767685,
        "Cost of goods sold": 658477,
        "Gross Profit": 109208,
        "Financial expenses": 6115,
        "Of which: Interest expense": 7171,
        "Cost of sales": 66501,
        "Enterprise cost management": 19419,
        "Total Operating Expenses": 92035,
        "Total revenue financing activities": 8339,
        "Net profit from business activities": 25513,
        "Profit": -801,
        "Profit before tax": 24712,
        "Present corporate income tax expenses": 5905,
        "Deferred income taxes expenses": "N/A",
        "The interests of minority shareholders": 18564,
        "Total Cost of profits": 24469,
        "Profit after tax corporate income": 242,
        "Volume": 50284150,
        "Close of Quarter": 9.2,
        "EPS": 975.9,
        "Non-adjusted EPS": 1171,
        "PE": 7.9,
        "Book Price": 11.1
      }
    },
    {
      "quarter": "Q2 2014",
      "income status": {
        "Net sales": 755266,
        "Cost of goods sold": 647196,
        "Gross Profit": 108070,
        "Financial expenses": 10945,
        "Of which: Interest expense": 8721,
        "Cost of sales": 59663,
        "Enterprise cost management": 14927,
        "Total Operating Expenses": 85535,
        "Total revenue financing activities": 13110,
        "Net profit from business activities": 35645,
        "Profit": 718,
        "Profit before tax": 36363,
        "Present corporate income tax expenses": 7870,
        "Deferred income taxes expenses": 100,
        "The interests of minority shareholders": -15559,
        "Total Cost of profits": -7589,
        "Profit after tax corporate income": 43952,
        "Volume": 50284150,
        "Close of Quarter": 8.0,
        "EPS": 1310.0,
        "Non-adjusted EPS": 1572,
        "PE": 5.1,
        "Book Price": 10.8
      }
    },
    {
      "quarter": "Q1 2014",
      "income status": {
        "Net sales": 789857,
        "Cost of goods sold": 690612,
        "Gross Profit": 99245,
        "Financial expenses": 12288,
        "Of which: Interest expense": 10829,
        "Cost of sales": 58049,
        "Enterprise cost management": 22762,
        "Total Operating Expenses": 93099,
        "Total revenue financing activities": 12989,
        "Net profit from business activities": 19134,
        "Profit": 2485,
        "Profit before tax": 21620,
        "Present corporate income tax expenses": 4926,
        "Deferred income taxes expenses": -68,
        "The interests of minority shareholders": 16326,
        "Total Cost of profits": 21184,
        "Profit after tax corporate income": 435,
        "Volume": 50284150,
        "Close of Quarter": 9.1,
        "EPS": 957.5,
        "Non-adjusted EPS": 1149,
        "PE": 7.9,
        "Book Price": 11.5
      }
    },
    {
      "quarter": "Q4 2013",
      "income status": {
        "Net sales": 789177,
        "Cost of goods sold": 672660,
        "Gross Profit": 116517,
        "Financial expenses": 4959,
        "Of which: Interest expense": 7543,
        "Cost of sales": 71579,
        "Enterprise cost management": 35854,
        "Total Operating Expenses": 112392,
        "Total revenue financing activities": 10611,
        "Net profit from business activities": 14735,
        "Profit": 4631,
        "Profit before tax": 19347,
        "Present corporate income tax expenses": 4613,
        "Deferred income taxes expenses": 41,
        "The interests of minority shareholders": 452,
        "Total Cost of profits": 5106,
        "Profit after tax corporate income": 14241,
        "Volume": 50284150,
        "Close of Quarter": 7.4,
        "EPS": 1289.2,
        "Non-adjusted EPS": 1547,
        "PE": 4.8,
        "Book Price": 11
      }
    },
    {
      "quarter": "Q3 2013",
      "income status": {
        "Net sales": 743059,
        "Cost of goods sold": 636894,
        "Gross Profit": 106165,
        "Financial expenses": 7282,
        "Of which: Interest expense": 10699,
        "Cost of sales": 60986,
        "Enterprise cost management": 22349,
        "Total Operating Expenses": 90617,
        "Total revenue financing activities": 11925,
        "Net profit from business activities": 27473,
        "Profit": 400,
        "Profit before tax": 28225,
        "Present corporate income tax expenses": 7757,
        "Deferred income taxes expenses": "N/A",
        "The interests of minority shareholders": 64,
        "Total Cost of profits": 7821,
        "Profit after tax corporate income": 20404,
        "Volume": 50284150,
        "Close of Quarter": 6.6,
        "EPS": 1470.9,
        "Non-adjusted EPS": 1765,
        "PE": 3.7,
        "Book Price": 10.8
      }
    },
    {
      "quarter": "Q2 2013",
      "income status": {
        "Net sales": 708666,
        "Cost of goods sold": 607826,
        "Gross Profit": 100840,
        "Financial expenses": 11070,
        "Of which: Interest expense": 7547,
        "Cost of sales": 50904,
        "Enterprise cost management": 16722,
        "Total Operating Expenses": 78696,
        "Total revenue financing activities": 9006,
        "Net profit from business activities": 31150,
        "Profit": -62,
        "Profit before tax": 31070,
        "Present corporate income tax expenses": 7986,
        "Deferred income taxes expenses": "N/A",
        "The interests of minority shareholders": 372,
        "Total Cost of profits": 8358,
        "Profit after tax corporate income": 22712,
        "Volume": 50284150,
        "Close of Quarter": 5.5,
        "EPS": 1425.9,
        "Non-adjusted EPS": 1711,
        "PE": 3.2,
        "Book Price": 10.4
      }
    },
    {
      "quarter": "Q1 2013",
      "income status": {
        "Net sales": 885038,
        "Cost of goods sold": 776384,
        "Gross Profit": 108654,
        "Financial expenses": 5944,
        "Of which: Interest expense": 5730,
        "Cost of sales": 57133,
        "Enterprise cost management": 26119,
        "Total Operating Expenses": 89196,
        "Total revenue financing activities": 8403,
        "Net profit from business activities": 27861,
        "Profit": 301,
        "Profit before tax": 28161,
        "Present corporate income tax expenses": 7270,
        "Deferred income taxes expenses": "N/A",
        "The interests of minority shareholders": 446,
        "Total Cost of profits": 7716,
        "Profit after tax corporate income": 20445,
        "Volume": 50284150,
        "Close of Quarter": 5.1,
        "EPS": 1346.7,
        "Non-adjusted EPS": 1616,
        "PE": 3.2,
        "Book Price": 10.4
      }
    },
    {
      "quarter": "Q4 2012",
      "income status": {
        "Net sales": 876146,
        "Cost of goods sold": 737632,
        "Gross Profit": 138514,
        "Financial expenses": 4409,
        "Of which: Interest expense": 4814,
        "Cost of sales": 82612,
        "Enterprise cost management": 32954,
        "Total Operating Expenses": 119975,
        "Total revenue financing activities": 9695,
        "Net profit from business activities": 28236,
        "Profit": 3802,
        "Profit before tax": 32028,
        "Present corporate income tax expenses": 7118,
        "Deferred income taxes expenses": -816,
        "The interests of minority shareholders": 511,
        "Total Cost of profits": 6813,
        "Profit after tax corporate income": 25215,
        "Volume": 34443346,
        "Close of Quarter": 4.0,
        "EPS": 1280.4,
        "Non-adjusted EPS": 2243,
        "PE": 1.8,
        "Book Price": 10.1
      }
    },
    {
      "quarter": "Q3 2012",
      "income status": {
        "Net sales": 878071,
        "Cost of goods sold": 746542,
        "Gross Profit": 131530,
        "Financial expenses": 5036,
        "Of which: Interest expense": 2414,
        "Cost of sales": 84267,
        "Enterprise cost management": 19311,
        "Total Operating Expenses": 108614,
        "Total revenue financing activities": 1020,
        "Net profit from business activities": 23934,
        "Profit": 490,
        "Profit before tax": 24419,
        "Present corporate income tax expenses": 6061,
        "Deferred income taxes expenses": "N/A",
        "The interests of minority shareholders": 686,
        "Total Cost of profits": 6747,
        "Profit after tax corporate income": 17672,
        "Volume": 34443346,
        "Close of Quarter": 3.6,
        "EPS": 1058.3,
        "Non-adjusted EPS": 1854,
        "PE": 2.0,
        "Book Price": 9.9
      }
    },
    {
      "quarter": "Q2 2012",
      "income status": {
        "Net sales": 755037,
        "Cost of goods sold": 649364,
        "Gross Profit": 105673,
        "Financial expenses": 3266,
        "Of which: Interest expense": 3631,
        "Cost of sales": 66943,
        "Enterprise cost management": 14711,
        "Total Operating Expenses": 84920,
        "Total revenue financing activities": 1637,
        "Net profit from business activities": 22389,
        "Profit": -695,
        "Profit before tax": 21691,
        "Present corporate income tax expenses": 3508,
        "Deferred income taxes expenses": -403,
        "The interests of minority shareholders": 663,
        "Total Cost of profits": 3768,
        "Profit after tax corporate income": 17923,
        "Volume": 34443346,
        "Close of Quarter": 3.4,
        "EPS": 1013.8,
        "Non-adjusted EPS": 1776,
        "PE": 1.9,
        "Book Price": 9.5
      }
    },
    {
      "quarter": "Q1 2012",
      "income status": {
        "Net sales": 757509,
        "Cost of goods sold": 643976,
        "Gross Profit": 113534,
        "Financial expenses": 6510,
        "Of which: Interest expense": 5890,
        "Cost of sales": 69002,
        "Enterprise cost management": 20309,
        "Total Operating Expenses": 95821,
        "Total revenue financing activities": 2482,
        "Net profit from business activities": 20194,
        "Profit": 854,
        "Profit before tax": 21119,
        "Present corporate income tax expenses": 4221,
        "Deferred income taxes expenses": "N/A",
        "The interests of minority shareholders": 441,
        "Total Cost of profits": 4662,
        "Profit after tax corporate income": 16457,
        "Volume": 34443346,
        "Close of Quarter": 2.4,
        "EPS": 907.1,
        "Non-adjusted EPS": 1589,
        "PE": 1.5,
        "Book Price": 9.7
      }
    },
    {
      "quarter": "Q4 2011",
      "income status": {
        "Net sales": 711013,
        "Cost of goods sold": 592855,
        "Gross Profit": 118158,
        "Financial expenses": 11370,
        "Of which: Interest expense": 3129,
        "Cost of sales": 72372,
        "Enterprise cost management": 21350,
        "Total Operating Expenses": 105092,
        "Total revenue financing activities": -1244,
        "Net profit from business activities": 11822,
        "Profit": 3618,
        "Profit before tax": 49208,
        "Present corporate income tax expenses": 2213,
        "Deferred income taxes expenses": 933,
        "The interests of minority shareholders": 621,
        "Total Cost of profits": 3767,
        "Profit after tax corporate income": 11809,
        "Volume": 34443346,
        "Close of Quarter": 1.7,
        "EPS": 635.9,
        "Non-adjusted EPS": 1114,
        "PE": 1.5,
        "Book Price": 9.5
      }
    },
    {
      "quarter": "Q3 2011",
      "income status": {
        "Net sales": 714134,
        "Cost of goods sold": 598754,
        "Gross Profit": 115380,
        "Financial expenses": 11638,
        "Of which: Interest expense": 9946,
        "Cost of sales": 66315,
        "Enterprise cost management": 17096,
        "Total Operating Expenses": 95049,
        "Total revenue financing activities": 767,
        "Net profit from business activities": 21099,
        "Profit": 243,
        "Profit before tax": 33632,
        "Present corporate income tax expenses": 5622,
        "Deferred income taxes expenses": "N/A",
        "The interests of minority shareholders": 789,
        "Total Cost of profits": 6411,
        "Profit after tax corporate income": 14990,
        "Volume": 34443346,
        "Close of Quarter": 2.1,
        "EPS": 655.3,
        "Non-adjusted EPS": 1148,
        "PE": 1.9,
        "Book Price": 9.3
      }
    },
    {
      "quarter": "Q2 2011",
      "income status": {
        "Net sales": 734408,
        "Cost of goods sold": 622632,
        "Gross Profit": 111776,
        "Financial expenses": 8318,
        "Of which: Interest expense": 3016,
        "Cost of sales": 67775,
        "Enterprise cost management": 21827,
        "Total Operating Expenses": 97920,
        "Total revenue financing activities": 5000,
        "Net profit from business activities": 18856,
        "Profit": -161,
        "Profit before tax": 17643,
        "Present corporate income tax expenses": 5637,
        "Deferred income taxes expenses": "N/A",
        "The interests of minority shareholders": 521,
        "Total Cost of profits": 6158,
        "Profit after tax corporate income": 11485,
        "Volume": 34443346,
        "Close of Quarter": 2.2,
        "EPS": 544.6,
        "Non-adjusted EPS": 954,
        "PE": 2.3,
        "Book Price": 9.1
      }
    },
    {
      "quarter": "Q1 2011",
      "income status": {
        "Net sales": 650962,
        "Cost of goods sold": 550159,
        "Gross Profit": 100803,
        "Financial expenses": 39702,
        "Of which: Interest expense": 3122,
        "Cost of sales": 58200,
        "Enterprise cost management": 11251,
        "Total Operating Expenses": 109153,
        "Total revenue financing activities": 1064,
        "Net profit from business activities": -7285,
        "Profit": 5221,
        "Profit before tax": -1332,
        "Present corporate income tax expenses": 1519,
        "Deferred income taxes expenses": "N/A",
        "The interests of minority shareholders": -2939,
        "Total Cost of profits": -1420,
        "Profit after tax corporate income": 89,
        "Volume": 29144052,
        "Close of Quarter": 3.1,
        "EPS": 622.6,
        "Non-adjusted EPS": 1289,
        "PE": 2.4,
        "Book Price": 9.1
      }
    },
    {
      "quarter": "Q4 2010",
      "income status": {
        "Net sales": 659836,
        "Cost of goods sold": 567393,
        "Gross Profit": 92443,
        "Financial expenses": 4310,
        "Of which: Interest expense": 2339,
        "Cost of sales": 58767,
        "Enterprise cost management": 17922,
        "Total Operating Expenses": 80999,
        "Total revenue financing activities": 1082,
        "Net profit from business activities": 12526,
        "Profit": 489,
        "Profit before tax": 13829,
        "Present corporate income tax expenses": 1192,
        "Deferred income taxes expenses": -96,
        "The interests of minority shareholders": -236,
        "Total Cost of profits": 860,
        "Profit after tax corporate income": 12969,
        "Volume": 26496470,
        "Close of Quarter": 3.5,
        "EPS": 772.0,
        "Non-adjusted EPS": 1758,
        "PE": 2.0,
        "Book Price": 9.1
      }
    },
    {
      "quarter": "Q3 2010",
      "income status": {
        "Net sales": 574065,
        "Cost of goods sold": 482719,
        "Gross Profit": 91346,
        "Financial expenses": 7799,
        "Of which: Interest expense": 1985,
        "Cost of sales": 65096,
        "Enterprise cost management": 9100,
        "Total Operating Expenses": 81995,
        "Total revenue financing activities": 1688,
        "Net profit from business activities": 11038,
        "Profit": 66,
        "Profit before tax": 11237,
        "Present corporate income tax expenses": 2142,
        "Deferred income taxes expenses": "N/A",
        "The interests of minority shareholders": 763,
        "Total Cost of profits": 2905,
        "Profit after tax corporate income": 8331,
        "Volume": 26496470,
        "Close of Quarter": 4.2,
        "EPS": 721.0,
        "Non-adjusted EPS": 1642,
        "PE": 2.5,
        "Book Price": 8.9
      }
    },
    {
      "quarter": "Q2 2010",
      "income status": {
        "Net sales": 590585,
        "Cost of goods sold": 516584,
        "Gross Profit": 74001,
        "Financial expenses": -1017,
        "Of which: Interest expense": 2232,
        "Cost of sales": 55037,
        "Enterprise cost management": 8850,
        "Total Operating Expenses": 62870,
        "Total revenue financing activities": 6290,
        "Net profit from business activities": 17421,
        "Profit": 1224,
        "Profit before tax": 18819,
        "Present corporate income tax expenses": 2045,
        "Deferred income taxes expenses": "N/A",
        "The interests of minority shareholders": 589,
        "Total Cost of profits": 2634,
        "Profit after tax corporate income": 16185,
        "Volume": 26496470,
        "Close of Quarter": 5.5,
        "EPS": 897.6,
        "Non-adjusted EPS": 2044,
        "PE": 2.7,
        "Book Price": 8.8
      }
    },
    {
      "quarter": "Q1 2010",
      "income status": {
        "Net sales": 582617,
        "Cost of goods sold": 502123,
        "Gross Profit": 80494,
        "Financial expenses": 11390,
        "Of which: Interest expense": 3415,
        "Cost of sales": 49687,
        "Enterprise cost management": 8477,
        "Total Operating Expenses": 69554,
        "Total revenue financing activities": 744,
        "Net profit from business activities": 11683,
        "Profit": -369,
        "Profit before tax": 11750,
        "Present corporate income tax expenses": 1709,
        "Deferred income taxes expenses": "N/A",
        "The interests of minority shareholders": 933,
        "Total Cost of profits": 2642,
        "Profit after tax corporate income": 9108,
        "Volume": 26496470,
        "Close of Quarter": 7.0,
        "EPS": 1009.6,
        "Non-adjusted EPS": 2299,
        "PE": 3.0,
        "Book Price": 9.2
      }
    },
    {
      "quarter": "Q4 2009",
      "income status": {
        "Net sales": 512372,
        "Cost of goods sold": 424769,
        "Gross Profit": 87603,
        "Financial expenses": 6310,
        "Of which: Interest expense": "N/A",
        "Cost of sales": 64523,
        "Enterprise cost management": 9418,
        "Total Operating Expenses": 80251,
        "Total revenue financing activities": 1679,
        "Net profit from business activities": 9032,
        "Profit": 2193,
        "Profit before tax": 12091,
        "Present corporate income tax expenses": 957,
        "Deferred income taxes expenses": -598,
        "The interests of minority shareholders": 1860,
        "Total Cost of profits": 2219,
        "Profit after tax corporate income": 9872,
        "Volume": 26496470,
        "Close of Quarter": 5.0,
        "EPS": 1061.8,
        "Non-adjusted EPS": 2418,
        "PE": 2.1,
        "Book Price": 9.1
      }
    },
    {
      "quarter": "Q3 2009",
      "income status": {
        "Net sales": 419749,
        "Cost of goods sold": 336990,
        "Gross Profit": 82759,
        "Financial expenses": 517,
        "Of which: Interest expense": 400,
        "Cost of sales": 52902,
        "Enterprise cost management": 7130,
        "Total Operating Expenses": 60549,
        "Total revenue financing activities": 747,
        "Net profit from business activities": 22957,
        "Profit": -26,
        "Profit before tax": 23117,
        "Present corporate income tax expenses": 1849,
        "Deferred income taxes expenses": "N/A",
        "The interests of minority shareholders": 2276,
        "Total Cost of profits": 4125,
        "Profit after tax corporate income": 18991,
        "Volume": 25000000,
        "Close of Quarter": 6.1,
        "EPS": 519.2,
        "Non-adjusted EPS": 1253,
        "PE": 4.8,
        "Book Price": 8.9
      }
    },
    {
      "quarter": "Q2 2009",
      "income status": {
        "Net sales": 384392,
        "Cost of goods sold": 303223,
        "Gross Profit": 81169,
        "Financial expenses": -4578,
        "Of which: Interest expense": "N/A",
        "Cost of sales": 44048,
        "Enterprise cost management": 14159,
        "Total Operating Expenses": 53629,
        "Total revenue financing activities": 1331,
        "Net profit from business activities": 28871,
        "Profit": -446,
        "Profit before tax": 28712,
        "Present corporate income tax expenses": 3324,
        "Deferred income taxes expenses": "N/A",
        "The interests of minority shareholders": 2436,
        "Total Cost of profits": 5760,
        "Profit after tax corporate income": 22953,
        "Volume": 25000000,
        "Close of Quarter": 3.4,
        "EPS": 336.9,
        "Non-adjusted EPS": 813,
        "PE": 4.1,
        "Book Price": 8.8
      }
    },
    {
      "quarter": "Q1 2009",
      "income status": {
        "Net sales": 340717,
        "Cost of goods sold": 277155,
        "Gross Profit": 63562,
        "Financial expenses": 6681,
        "Of which: Interest expense": 1784,
        "Cost of sales": 37500,
        "Enterprise cost management": 8163,
        "Total Operating Expenses": 52344,
        "Total revenue financing activities": 2460,
        "Net profit from business activities": 13678,
        "Profit": 251,
        "Profit before tax": 13786,
        "Present corporate income tax expenses": 1340,
        "Deferred income taxes expenses": "N/A",
        "The interests of minority shareholders": 199,
        "Total Cost of profits": 1539,
        "Profit after tax corporate income": 12247,
        "Volume": 25000000,
        "Close of Quarter": 1.9,
        "EPS": 42.3,
        "Non-adjusted EPS": 102,
        "PE": 18.8,
        "Book Price": 8.5
      }
    },
    {
      "quarter": "Q4 2008",
      "income status": {
        "Net sales": 324039,
        "Cost of goods sold": 291362,
        "Gross Profit": 32677,
        "Financial expenses": 19922,
        "Of which: Interest expense": 484,
        "Cost of sales": 34467,
        "Enterprise cost management": 4153,
        "Total Operating Expenses": 58542,
        "Total revenue financing activities": 2887,
        "Net profit from business activities": -22978,
        "Profit": -2334,
        "Profit before tax": -25084,
        "Present corporate income tax expenses": -3044,
        "Deferred income taxes expenses": 776,
        "The interests of minority shareholders": 52,
        "Total Cost of profits": -2216,
        "Profit after tax corporate income": -22867,
        "Volume": 25000000,
        "Close of Quarter": 2.2,
        "EPS": 22.8,
        "Non-adjusted EPS": 55,
        "PE": 39.3,
        "Book Price": 8.3
      }
    },
    {
      "quarter": "Q3 2008",
      "income status": {
        "Net sales": 428936,
        "Cost of goods sold": 384468,
        "Gross Profit": 44468,
        "Financial expenses": 8787,
        "Of which: Interest expense": 1309,
        "Cost of sales": 30459,
        "Enterprise cost management": 6113,
        "Total Operating Expenses": 45359,
        "Total revenue financing activities": 9510,
        "Net profit from business activities": 8618,
        "Profit": 404,
        "Profit before tax": 9265,
        "Present corporate income tax expenses": 1215,
        "Deferred income taxes expenses": "N/A",
        "The interests of minority shareholders": 56,
        "Total Cost of profits": 1271,
        "Profit after tax corporate income": 7995,
        "Volume": 25000000,
        "Close of Quarter": 2.9,
        "EPS": 565.6,
        "Non-adjusted EPS": 1365,
        "PE": 2.2,
        "Book Price": 8.7
      }
    },
    {
      "quarter": "Q2 2008",
      "income status": {
        "Net sales": 437848,
        "Cost of goods sold": 391228,
        "Gross Profit": 46620,
        "Financial expenses": 16103,
        "Of which: Interest expense": 1046,
        "Cost of sales": 30272,
        "Enterprise cost management": 3677,
        "Total Operating Expenses": 50052,
        "Total revenue financing activities": 7361,
        "Net profit from business activities": 3930,
        "Profit": 1647,
        "Profit before tax": 6034,
        "Present corporate income tax expenses": 581,
        "Deferred income taxes expenses": "N/A",
        "The interests of minority shareholders": 266,
        "Total Cost of profits": 847,
        "Profit after tax corporate income": 5187,
        "Volume": 25000000,
        "Close of Quarter": 3.0,
        "EPS": 639.7,
        "Non-adjusted EPS": 1544,
        "PE": 2.0,
        "Book Price": 8.6
      }
    },
    {
      "quarter": "Q1 2008",
      "income status": {
        "Net sales": 466501,
        "Cost of goods sold": 418684,
        "Gross Profit": 47817,
        "Financial expenses": 8389,
        "Of which: Interest expense": 3264,
        "Cost of sales": 30915,
        "Enterprise cost management": 4917,
        "Total Operating Expenses": 44221,
        "Total revenue financing activities": 9075,
        "Net profit from business activities": 12671,
        "Profit": -276,
        "Profit before tax": 12920,
        "Present corporate income tax expenses": 1675,
        "Deferred income taxes expenses": "N/A",
        "The interests of minority shareholders": 176,
        "Total Cost of profits": 1851,
        "Profit after tax corporate income": 11070,
        "Volume": 25000000,
        "Close of Quarter": 4.7,
        "EPS": 763.2,
        "Non-adjusted EPS": 1842,
        "PE": 2.6,
        "Book Price": 9.0
      }
    },
    {
      "quarter": "Q4 2007",
      "income status": {
        "Net sales": 445936,
        "Cost of goods sold": 390780,
        "Gross Profit": 55157,
        "Financial expenses": 8591,
        "Of which: Interest expense": 915,
        "Cost of sales": 32349,
        "Enterprise cost management": 11201,
        "Total Operating Expenses": 52141,
        "Total revenue financing activities": 7344,
        "Net profit from business activities": 10360,
        "Profit": 1175,
        "Profit before tax": 11535,
        "Present corporate income tax expenses": 2353,
        "Deferred income taxes expenses": -680,
        "The interests of minority shareholders": "N/A",
        "Total Cost of profits": 1673,
        "Profit after tax corporate income": 9863,
        "Volume": 25000000,
        "Close of Quarter": 10.4,
        "EPS": 743.7,
        "Non-adjusted EPS": 1795,
        "PE": 5.8,
        "Book Price": 8.8
      }
    },
    {
      "quarter": "Q3 2007",
      "income status": {
        "Net sales": 349261,
        "Cost of goods sold": 306038,
        "Gross Profit": 43223,
        "Financial expenses": 4489,
        "Of which: Interest expense": 1194,
        "Cost of sales": 28162,
        "Enterprise cost management": 6498,
        "Total Operating Expenses": 39149,
        "Total revenue financing activities": 7648,
        "Net profit from business activities": 11722,
        "Profit": 2788,
        "Profit before tax": 14509,
        "Present corporate income tax expenses": 2033,
        "Deferred income taxes expenses": "N/A",
        "The interests of minority shareholders": "N/A",
        "Total Cost of profits": 2033,
        "Profit after tax corporate income": 12477,
        "Volume": 25000000,
        "Close of Quarter": 12.0,
        "EPS": 661.7,
        "Non-adjusted EPS": 1597,
        "PE": 7.5,
        "Book Price": 8.7
      }
    },
    {
      "quarter": "Q2 2007",
      "income status": {
        "Net sales": 303700,
        "Cost of goods sold": 258450,
        "Gross Profit": 45249,
        "Financial expenses": 3734,
        "Of which: Interest expense": 1259,
        "Cost of sales": 27725,
        "Enterprise cost management": 6012,
        "Total Operating Expenses": 37471,
        "Total revenue financing activities": 4367,
        "Net profit from business activities": 12145,
        "Profit": 2552,
        "Profit before tax": 14696,
        "Present corporate income tax expenses": 2057,
        "Deferred income taxes expenses": "N/A",
        "The interests of minority shareholders": "N/A",
        "Total Cost of profits": 2057,
        "Profit after tax corporate income": 12639,
        "Volume": 25000000,
        "Close of Quarter": 10.9,
        "EPS": 654.6,
        "Non-adjusted EPS": 1580,
        "PE": 6.9,
        "Book Price": 8.5
      }
    },
    {
      "quarter": "Q1 2007",
      "income status": {
        "Net sales": 306669,
        "Cost of goods sold": 269650,
        "Gross Profit": 37019,
        "Financial expenses": 2355,
        "Of which: Interest expense": 796,
        "Cost of sales": 24759,
        "Enterprise cost management": 5128,
        "Total Operating Expenses": 32242,
        "Total revenue financing activities": 3891,
        "Net profit from business activities": 8669,
        "Profit": 2849,
        "Profit before tax": 11518,
        "Present corporate income tax expenses": 1613,
        "Deferred income taxes expenses": "N/A",
        "The interests of minority shareholders": "N/A",
        "Total Cost of profits": 1613,
        "Profit after tax corporate income": 9905,
        "Volume": 20000000,
        "Close of Quarter": 14.5,
        "EPS": 652.3,
        "Non-adjusted EPS": 1968,
        "PE": 7.4,
        "Book Price": 5.5
      }
    },
    {
      "quarter": "Q4 2006",
      "income status": {
        "Net sales": 317154,
        "Cost of goods sold": 278452,
        "Gross Profit": 38702,
        "Financial expenses": 2342,
        "Of which: Interest expense": 1404,
        "Cost of sales": 28771,
        "Enterprise cost management": 6341,
        "Total Operating Expenses": 37454,
        "Total revenue financing activities": 4352,
        "Net profit from business activities": 5600,
        "Profit": 2294,
        "Profit before tax": 7893,
        "Present corporate income tax expenses": 1262,
        "Deferred income taxes expenses": 1716,
        "The interests of minority shareholders": "N/A",
        "Total Cost of profits": 2978,
        "Profit after tax corporate income": 4915,
        "Volume": 20000000,
        "Close of Quarter": 10.7,
        "EPS": 565.5,
        "Non-adjusted EPS": 1706,
        "PE": 6.3,
        "Book Price": 5.7
      }
    },
    {
      "quarter": "Q3 2006",
      "income status": {
        "Net sales": 345171,
        "Cost of goods sold": 303578,
        "Gross Profit": 41593,
        "Financial expenses": 2885,
        "Of which: Interest expense": 1023,
        "Cost of sales": 29828,
        "Enterprise cost management": 2480,
        "Total Operating Expenses": 35193,
        "Total revenue financing activities": 3964,
        "Net profit from business activities": 10364,
        "Profit": 3641,
        "Profit before tax": 14004,
        "Present corporate income tax expenses": 1961,
        "Deferred income taxes expenses": "N/A",
        "The interests of minority shareholders": "N/A",
        "Total Cost of profits": 1961,
        "Profit after tax corporate income": 12044,
        "Volume": 20000000,
        "Close of Quarter": "N/A",
        "EPS": 483.9,
        "Non-adjusted EPS": 1460,
        "PE": "N/A",
        "Book Price": "N/A"
      }
    },
    {
      "quarter": "Q2 2006",
      "income status": {
        "Net sales": 301085,
        "Cost of goods sold": 259504,
        "Gross Profit": 41581,
        "Financial expenses": 3074,
        "Of which: Interest expense": 2605,
        "Cost of sales": 22518,
        "Enterprise cost management": 7612,
        "Total Operating Expenses": 33204,
        "Total revenue financing activities": 2157,
        "Net profit from business activities": 10534,
        "Profit": 3960,
        "Profit before tax": 14494,
        "Present corporate income tax expenses": 2003,
        "Deferred income taxes expenses": "N/A",
        "The interests of minority shareholders": "N/A",
        "Total Cost of profits": 2003,
        "Profit after tax corporate income": 12491,
        "Volume": 20000000,
        "Close of Quarter": "N/A",
        "EPS": 284.4,
        "Non-adjusted EPS": 858,
        "PE": "N/A",
        "Book Price": 4.2
      }
    },
    {
      "quarter": "Q1 2006",
      "income status": {
        "Net sales": 299757,
        "Cost of goods sold": 270789,
        "Gross Profit": 28968,
        "Financial expenses": 2534,
        "Of which: Interest expense": 2160,
        "Cost of sales": 19001,
        "Enterprise cost management": 5383,
        "Total Operating Expenses": 26918,
        "Total revenue financing activities": 1398,
        "Net profit from business activities": 3448,
        "Profit": 2002,
        "Profit before tax": 5450,
        "Present corporate income tax expenses": 789,
        "Deferred income taxes expenses": "N/A",
        "The interests of minority shareholders": "N/A",
        "Total Cost of profits": 789,
        "Profit after tax corporate income": 4661,
        "Volume": 20000000,
        "Close of Quarter": "N/A",
        "EPS": 77.2,
        "Non-adjusted EPS": 233,
        "PE": "N/A",
        "Book Price": "N/A"
      }
    }
  ]
}