{
  "ticker": "ST8",
  "data": [
    {
      "quarter": "Q1 2017",
      "income status": {
        "Net sales": 360811,
        "Cost of goods sold": 326135,
        "Gross Profit": 34676,
        "Financial expenses": "N/A",
        "Of which: Interest expense": "N/A",
        "Cost of sales": 23488,
        "Enterprise cost management": 14280,
        "Total Operating Expenses": 37768,
        "Total revenue financing activities": 448,
        "Net profit from business activities": -2645,
        "Profit": 3937,
        "Profit before tax": 1292,
        "Present corporate income tax expenses": 1109,
        "Deferred income taxes expenses": "N/A",
        "The interests of minority shareholders": 1180,
        "Total Cost of profits": 2289,
        "Profit after tax corporate income": -997,
        "Volume": 19724549,
        "Close of Quarter": 24.7,
        "EPS": 2372,
        "Non-adjusted EPS": 2372,
        "PE": 10.4,
        "Book Price": 17.1
      }
    },
    {
      "quarter": "Q4 2016",
      "income status": {
        "Net sales": 453485,
        "Cost of goods sold": 387424,
        "Gross Profit": 66061,
        "Financial expenses": "N/A",
        "Of which: Interest expense": "N/A",
        "Cost of sales": 33253,
        "Enterprise cost management": 19372,
        "Total Operating Expenses": 52625,
        "Total revenue financing activities": 1327,
        "Net profit from business activities": 14763,
        "Profit": 2526,
        "Profit before tax": 17290,
        "Present corporate income tax expenses": 3269,
        "Deferred income taxes expenses": 300,
        "The interests of minority shareholders": 1701,
        "Total Cost of profits": 5270,
        "Profit after tax corporate income": 12020,
        "Volume": 19724549,
        "Close of Quarter": 21.0,
        "EPS": 2639,
        "Non-adjusted EPS": 2639,
        "PE": 7.9,
        "Book Price": 17.1
      }
    },
    {
      "quarter": "Q3 2016",
      "income status": {
        "Net sales": 417410,
        "Cost of goods sold": 370668,
        "Gross Profit": 46742,
        "Financial expenses": "N/A",
        "Of which: Interest expense": "N/A",
        "Cost of sales": 23683,
        "Enterprise cost management": 15025,
        "Total Operating Expenses": 38708,
        "Total revenue financing activities": 1476,
        "Net profit from business activities": 9509,
        "Profit": 2801,
        "Profit before tax": 12310,
        "Present corporate income tax expenses": 2639,
        "Deferred income taxes expenses": "N/A",
        "The interests of minority shareholders": 2982,
        "Total Cost of profits": 5621,
        "Profit after tax corporate income": 6688,
        "Volume": 19724549,
        "Close of Quarter": 19.3,
        "EPS": 2746,
        "Non-adjusted EPS": 2746,
        "PE": 7.0,
        "Book Price": 17.6
      }
    },
    {
      "quarter": "Q2 2016",
      "income status": {
        "Net sales": 399969,
        "Cost of goods sold": 324003,
        "Gross Profit": 75966,
        "Financial expenses": "N/A",
        "Of which: Interest expense": "N/A",
        "Cost of sales": 22634,
        "Enterprise cost management": 12963,
        "Total Operating Expenses": 35597,
        "Total revenue financing activities": 1851,
        "Net profit from business activities": 42221,
        "Profit": 1029,
        "Profit before tax": 43250,
        "Present corporate income tax expenses": 8978,
        "Deferred income taxes expenses": -175,
        "The interests of minority shareholders": 5369,
        "Total Cost of profits": 14172,
        "Profit after tax corporate income": 29078,
        "Volume": 16488209,
        "Close of Quarter": 14.5,
        "EPS": 3031.9,
        "Non-adjusted EPS": 3627,
        "PE": 4.0,
        "Book Price": 19.2
      }
    },
    {
      "quarter": "Q1 2016",
      "income status": {
        "Net sales": 317580,
        "Cost of goods sold": 276273,
        "Gross Profit": 41307,
        "Financial expenses": "N/A",
        "Of which: Interest expense": "N/A",
        "Cost of sales": 22077,
        "Enterprise cost management": 12466,
        "Total Operating Expenses": 34543,
        "Total revenue financing activities": 1041,
        "Net profit from business activities": 7805,
        "Profit": 514,
        "Profit before tax": 8318,
        "Present corporate income tax expenses": 1436,
        "Deferred income taxes expenses": "N/A",
        "The interests of minority shareholders": 2619,
        "Total Cost of profits": 4055,
        "Profit after tax corporate income": 4264,
        "Volume": 16488209,
        "Close of Quarter": 12.0,
        "EPS": 2410.0,
        "Non-adjusted EPS": 2883,
        "PE": 4.2,
        "Book Price": 18.6
      }
    },
    {
      "quarter": "Q4 2015",
      "income status": {
        "Net sales": 406915,
        "Cost of goods sold": 355397,
        "Gross Profit": 51518,
        "Financial expenses": "N/A",
        "Of which: Interest expense": "N/A",
        "Cost of sales": 18216,
        "Enterprise cost management": 17731,
        "Total Operating Expenses": 35947,
        "Total revenue financing activities": 2265,
        "Net profit from business activities": 17836,
        "Profit": 3273,
        "Profit before tax": 21109,
        "Present corporate income tax expenses": 4731,
        "Deferred income taxes expenses": -506,
        "The interests of minority shareholders": 2755,
        "Total Cost of profits": 6980,
        "Profit after tax corporate income": 14128,
        "Volume": 16488209,
        "Close of Quarter": 10.6,
        "EPS": 2551.2,
        "Non-adjusted EPS": 3052,
        "PE": 3.5,
        "Book Price": 18.9
      }
    },
    {
      "quarter": "Q3 2015",
      "income status": {
        "Net sales": 321224,
        "Cost of goods sold": 269990,
        "Gross Profit": 51233,
        "Financial expenses": "N/A",
        "Of which: Interest expense": "N/A",
        "Cost of sales": 20324,
        "Enterprise cost management": 15842,
        "Total Operating Expenses": 36166,
        "Total revenue financing activities": 1305,
        "Net profit from business activities": 16372,
        "Profit": 2786,
        "Profit before tax": 19159,
        "Present corporate income tax expenses": 3904,
        "Deferred income taxes expenses": "N/A",
        "The interests of minority shareholders": 2925,
        "Total Cost of profits": 6829,
        "Profit after tax corporate income": 12330,
        "Volume": 16488209,
        "Close of Quarter": 10.4,
        "EPS": 2868.1,
        "Non-adjusted EPS": 3431,
        "PE": 3.0,
        "Book Price": 18.2
      }
    },
    {
      "quarter": "Q2 2015",
      "income status": {
        "Net sales": 309817,
        "Cost of goods sold": 250021,
        "Gross Profit": 59796,
        "Financial expenses": "N/A",
        "Of which: Interest expense": "N/A",
        "Cost of sales": 21270,
        "Enterprise cost management": 12889,
        "Total Operating Expenses": 34159,
        "Total revenue financing activities": 1337,
        "Net profit from business activities": 26974,
        "Profit": 102,
        "Profit before tax": 27076,
        "Present corporate income tax expenses": 5713,
        "Deferred income taxes expenses": 680,
        "The interests of minority shareholders": 3875,
        "Total Cost of profits": 10268,
        "Profit after tax corporate income": 16808,
        "Volume": 13740385,
        "Close of Quarter": 11.4,
        "EPS": 2851.2,
        "Non-adjusted EPS": 4093,
        "PE": 2.8,
        "Book Price": 17.7
      }
    },
    {
      "quarter": "Q1 2015",
      "income status": {
        "Net sales": 289795,
        "Cost of goods sold": 247755,
        "Gross Profit": 42039,
        "Financial expenses": "N/A",
        "Of which: Interest expense": "N/A",
        "Cost of sales": 19911,
        "Enterprise cost management": 13716,
        "Total Operating Expenses": 33627,
        "Total revenue financing activities": 2168,
        "Net profit from business activities": 10580,
        "Profit": 618,
        "Profit before tax": 11197,
        "Present corporate income tax expenses": 2113,
        "Deferred income taxes expenses": "N/A",
        "The interests of minority shareholders": 2021,
        "Total Cost of profits": 4134,
        "Profit after tax corporate income": 7064,
        "Volume": 13740385,
        "Close of Quarter": 9.2,
        "EPS": 2802.5,
        "Non-adjusted EPS": 4023,
        "PE": 2.3,
        "Book Price": 17.4
      }
    },
    {
      "quarter": "Q4 2014",
      "income status": {
        "Net sales": 339222,
        "Cost of goods sold": 268792,
        "Gross Profit": 70431,
        "Financial expenses": 6,
        "Of which: Interest expense": "N/A",
        "Cost of sales": 26503,
        "Enterprise cost management": 20555,
        "Total Operating Expenses": 47064,
        "Total revenue financing activities": 1270,
        "Net profit from business activities": 24638,
        "Profit": 3298,
        "Profit before tax": 27936,
        "Present corporate income tax expenses": 6271,
        "Deferred income taxes expenses": "N/A",
        "The interests of minority shareholders": 1298,
        "Total Cost of profits": 7569,
        "Profit after tax corporate income": 20367,
        "Volume": 13740385,
        "Close of Quarter": 8.8,
        "EPS": 2787.9,
        "Non-adjusted EPS": 4002,
        "PE": 2.2,
        "Book Price": 17
      }
    },
    {
      "quarter": "Q3 2014",
      "income status": {
        "Net sales": 303842,
        "Cost of goods sold": 258249,
        "Gross Profit": 45592,
        "Financial expenses": "N/A",
        "Of which: Interest expense": "N/A",
        "Cost of sales": 19336,
        "Enterprise cost management": 13073,
        "Total Operating Expenses": 32409,
        "Total revenue financing activities": 1039,
        "Net profit from business activities": 14223,
        "Profit": 2703,
        "Profit before tax": 16925,
        "Present corporate income tax expenses": 3451,
        "Deferred income taxes expenses": "N/A",
        "The interests of minority shareholders": 1479,
        "Total Cost of profits": 4930,
        "Profit after tax corporate income": 11995,
        "Volume": 13740385,
        "Close of Quarter": 8.2,
        "EPS": 2657.6,
        "Non-adjusted EPS": 3815,
        "PE": 2.2,
        "Book Price": 16.2
      }
    },
    {
      "quarter": "Q2 2014",
      "income status": {
        "Net sales": 242198,
        "Cost of goods sold": 192124,
        "Gross Profit": 50074,
        "Financial expenses": "N/A",
        "Of which: Interest expense": "N/A",
        "Cost of sales": 17654,
        "Enterprise cost management": 11756,
        "Total Operating Expenses": 29410,
        "Total revenue financing activities": 947,
        "Net profit from business activities": 21610,
        "Profit": -3,
        "Profit before tax": 21607,
        "Present corporate income tax expenses": 4697,
        "Deferred income taxes expenses": "N/A",
        "The interests of minority shareholders": 1062,
        "Total Cost of profits": 5759,
        "Profit after tax corporate income": 15849,
        "Volume": 12491523,
        "Close of Quarter": 7.7,
        "EPS": 2981.6,
        "Non-adjusted EPS": 4708,
        "PE": 1.6,
        "Book Price": 15.5
      }
    },
    {
      "quarter": "Q1 2014",
      "income status": {
        "Net sales": 256841,
        "Cost of goods sold": 219800,
        "Gross Profit": 37041,
        "Financial expenses": "N/A",
        "Of which: Interest expense": "N/A",
        "Cost of sales": 16453,
        "Enterprise cost management": 11241,
        "Total Operating Expenses": 27694,
        "Total revenue financing activities": 933,
        "Net profit from business activities": 10280,
        "Profit": 396,
        "Profit before tax": 10675,
        "Present corporate income tax expenses": 2336,
        "Deferred income taxes expenses": "N/A",
        "The interests of minority shareholders": 1562,
        "Total Cost of profits": 3898,
        "Profit after tax corporate income": 6777,
        "Volume": 12491523,
        "Close of Quarter": 7.2,
        "EPS": 2601.0,
        "Non-adjusted EPS": 4107,
        "PE": 1.8,
        "Book Price": 15.4
      }
    },
    {
      "quarter": "Q4 2013",
      "income status": {
        "Net sales": 258469,
        "Cost of goods sold": 200985,
        "Gross Profit": 57483,
        "Financial expenses": "N/A",
        "Of which: Interest expense": "N/A",
        "Cost of sales": 20819,
        "Enterprise cost management": 13940,
        "Total Operating Expenses": 34759,
        "Total revenue financing activities": 1302,
        "Net profit from business activities": 24026,
        "Profit": 853,
        "Profit before tax": 24879,
        "Present corporate income tax expenses": 6253,
        "Deferred income taxes expenses": "N/A",
        "The interests of minority shareholders": 825,
        "Total Cost of profits": 7078,
        "Profit after tax corporate income": 17801,
        "Volume": 12491523,
        "Close of Quarter": 5.6,
        "EPS": 2509.8,
        "Non-adjusted EPS": 3963,
        "PE": 1.4,
        "Book Price": 13.2
      }
    },
    {
      "quarter": "Q3 2013",
      "income status": {
        "Net sales": 227546,
        "Cost of goods sold": 176573,
        "Gross Profit": 50973,
        "Financial expenses": "N/A",
        "Of which: Interest expense": "N/A",
        "Cost of sales": 16904,
        "Enterprise cost management": 11141,
        "Total Operating Expenses": 28045,
        "Total revenue financing activities": 1451,
        "Net profit from business activities": 24379,
        "Profit": 1463,
        "Profit before tax": 25842,
        "Present corporate income tax expenses": 6613,
        "Deferred income taxes expenses": "N/A",
        "The interests of minority shareholders": 850,
        "Total Cost of profits": 7463,
        "Profit after tax corporate income": 18379,
        "Volume": 11896902,
        "Close of Quarter": 4.2,
        "EPS": 2142.4,
        "Non-adjusted EPS": 3552,
        "PE": 1.2,
        "Book Price": 12.9
      }
    },
    {
      "quarter": "Q2 2013",
      "income status": {
        "Net sales": 186222,
        "Cost of goods sold": 150524,
        "Gross Profit": 35698,
        "Financial expenses": "N/A",
        "Of which: Interest expense": "N/A",
        "Cost of sales": 15239,
        "Enterprise cost management": 11860,
        "Total Operating Expenses": 27099,
        "Total revenue financing activities": 1342,
        "Net profit from business activities": 9941,
        "Profit": 1302,
        "Profit before tax": 11243,
        "Present corporate income tax expenses": 2742,
        "Deferred income taxes expenses": "N/A",
        "The interests of minority shareholders": 157,
        "Total Cost of profits": 2899,
        "Profit after tax corporate income": 8344,
        "Volume": 11896902,
        "Close of Quarter": 4.1,
        "EPS": 1669.5,
        "Non-adjusted EPS": 2768,
        "PE": 1.5,
        "Book Price": 12.6
      }
    },
    {
      "quarter": "Q1 2013",
      "income status": {
        "Net sales": 142061,
        "Cost of goods sold": 112320,
        "Gross Profit": 29741,
        "Financial expenses": "N/A",
        "Of which: Interest expense": "N/A",
        "Cost of sales": 14655,
        "Enterprise cost management": 10777,
        "Total Operating Expenses": 25432,
        "Total revenue financing activities": 1085,
        "Net profit from business activities": 5394,
        "Profit": 1832,
        "Profit before tax": 7226,
        "Present corporate income tax expenses": 1978,
        "Deferred income taxes expenses": "N/A",
        "The interests of minority shareholders": 268,
        "Total Cost of profits": 2246,
        "Profit after tax corporate income": 4980,
        "Volume": 11896902,
        "Close of Quarter": 4.1,
        "EPS": 1825.7,
        "Non-adjusted EPS": 3027,
        "PE": 1.4,
        "Book Price": 12.1
      }
    },
    {
      "quarter": "Q4 2012",
      "income status": {
        "Net sales": 216236,
        "Cost of goods sold": 173566,
        "Gross Profit": 42670,
        "Financial expenses": "N/A",
        "Of which: Interest expense": "N/A",
        "Cost of sales": 19716,
        "Enterprise cost management": 13269,
        "Total Operating Expenses": 32985,
        "Total revenue financing activities": 1231,
        "Net profit from business activities": 10916,
        "Profit": 2957,
        "Profit before tax": 13873,
        "Present corporate income tax expenses": 3624,
        "Deferred income taxes expenses": "N/A",
        "The interests of minority shareholders": -304,
        "Total Cost of profits": 3320,
        "Profit after tax corporate income": 10553,
        "Volume": 11896902,
        "Close of Quarter": 3.5,
        "EPS": 1974.7,
        "Non-adjusted EPS": 3274,
        "PE": 1.1,
        "Book Price": 11.4
      }
    },
    {
      "quarter": "Q3 2012",
      "income status": {
        "Net sales": 157455,
        "Cost of goods sold": 122517,
        "Gross Profit": 34938,
        "Financial expenses": 41,
        "Of which: Interest expense": "N/A",
        "Cost of sales": 16172,
        "Enterprise cost management": 11205,
        "Total Operating Expenses": 27418,
        "Total revenue financing activities": 1030,
        "Net profit from business activities": 8551,
        "Profit": 3680,
        "Profit before tax": 12231,
        "Present corporate income tax expenses": 4186,
        "Deferred income taxes expenses": "N/A",
        "The interests of minority shareholders": -1008,
        "Total Cost of profits": 3178,
        "Profit after tax corporate income": 9054,
        "Volume": 11896902,
        "Close of Quarter": 2.8,
        "EPS": 1786.5,
        "Non-adjusted EPS": 2962,
        "PE": 1.0,
        "Book Price": 12.1
      }
    },
    {
      "quarter": "Q2 2012",
      "income status": {
        "Net sales": 126972,
        "Cost of goods sold": 90026,
        "Gross Profit": 36946,
        "Financial expenses": 34,
        "Of which: Interest expense": "N/A",
        "Cost of sales": 15402,
        "Enterprise cost management": 11567,
        "Total Operating Expenses": 27003,
        "Total revenue financing activities": 2351,
        "Net profit from business activities": 12294,
        "Profit": 3144,
        "Profit before tax": 15438,
        "Present corporate income tax expenses": 4133,
        "Deferred income taxes expenses": -37,
        "The interests of minority shareholders": -87,
        "Total Cost of profits": 4009,
        "Profit after tax corporate income": 11428,
        "Volume": 11896902,
        "Close of Quarter": 2.9,
        "EPS": 1781.1,
        "Non-adjusted EPS": 2953,
        "PE": 1,
        "Book Price": 11.6
      }
    },
    {
      "quarter": "Q1 2012",
      "income status": {
        "Net sales": 78452,
        "Cost of goods sold": 46907,
        "Gross Profit": 31545,
        "Financial expenses": 15,
        "Of which: Interest expense": "N/A",
        "Cost of sales": 14563,
        "Enterprise cost management": 10131,
        "Total Operating Expenses": 24709,
        "Total revenue financing activities": 1980,
        "Net profit from business activities": 8816,
        "Profit": 3033,
        "Profit before tax": 11849,
        "Present corporate income tax expenses": 3339,
        "Deferred income taxes expenses": 72,
        "The interests of minority shareholders": 524,
        "Total Cost of profits": 3935,
        "Profit after tax corporate income": 7915,
        "Volume": 11896902,
        "Close of Quarter": 2.8,
        "EPS": 1702.1,
        "Non-adjusted EPS": 2822,
        "PE": 1.0,
        "Book Price": 11.7
      }
    },
    {
      "quarter": "Q4 2011",
      "income status": {
        "Net sales": 177112,
        "Cost of goods sold": 136134,
        "Gross Profit": 40978,
        "Financial expenses": 1097,
        "Of which: Interest expense": 358,
        "Cost of sales": 16240,
        "Enterprise cost management": 11118,
        "Total Operating Expenses": 28455,
        "Total revenue financing activities": -1666,
        "Net profit from business activities": 10857,
        "Profit": 72,
        "Profit before tax": 51441,
        "Present corporate income tax expenses": 3184,
        "Deferred income taxes expenses": 341,
        "The interests of minority shareholders": 563,
        "Total Cost of profits": 4088,
        "Profit after tax corporate income": 6842,
        "Volume": 11896902,
        "Close of Quarter": 2.3,
        "EPS": 1589.3,
        "Non-adjusted EPS": 2635,
        "PE": 0.9,
        "Book Price": 11.8
      }
    },
    {
      "quarter": "Q3 2011",
      "income status": {
        "Net sales": 173167,
        "Cost of goods sold": 135485,
        "Gross Profit": 37683,
        "Financial expenses": 1397,
        "Of which: Interest expense": 358,
        "Cost of sales": 14783,
        "Enterprise cost management": 10406,
        "Total Operating Expenses": 26586,
        "Total revenue financing activities": 906,
        "Net profit from business activities": 12003,
        "Profit": 1144,
        "Profit before tax": 13147,
        "Present corporate income tax expenses": 3477,
        "Deferred income taxes expenses": 256,
        "The interests of minority shareholders": 474,
        "Total Cost of profits": 4207,
        "Profit after tax corporate income": 8941,
        "Volume": 11896902,
        "Close of Quarter": 2.5,
        "EPS": 1746.1,
        "Non-adjusted EPS": 2895,
        "PE": 0.9,
        "Book Price": 11.3
      }
    },
    {
      "quarter": "Q2 2011",
      "income status": {
        "Net sales": 62558,
        "Cost of goods sold": 35149,
        "Gross Profit": 27409,
        "Financial expenses": 203,
        "Of which: Interest expense": "N/A",
        "Cost of sales": 7153,
        "Enterprise cost management": 6948,
        "Total Operating Expenses": 14304,
        "Total revenue financing activities": 71,
        "Net profit from business activities": 13176,
        "Profit": -11,
        "Profit before tax": 13165,
        "Present corporate income tax expenses": 3291,
        "Deferred income taxes expenses": "N/A",
        "The interests of minority shareholders": "N/A",
        "Total Cost of profits": 3291,
        "Profit after tax corporate income": 9874,
        "Volume": 11896902,
        "Close of Quarter": 2.4,
        "EPS": 1936.7,
        "Non-adjusted EPS": 3211,
        "PE": 0.7,
        "Book Price": 11.5
      }
    },
    {
      "quarter": "Q1 2011",
      "income status": {
        "Net sales": 239004,
        "Cost of goods sold": 198908,
        "Gross Profit": 40096,
        "Financial expenses": 1501,
        "Of which: Interest expense": "N/A",
        "Cost of sales": 15278,
        "Enterprise cost management": 15885,
        "Total Operating Expenses": 32664,
        "Total revenue financing activities": 732,
        "Net profit from business activities": 8164,
        "Profit": 470,
        "Profit before tax": 8634,
        "Present corporate income tax expenses": 2177,
        "Deferred income taxes expenses": -58,
        "The interests of minority shareholders": 821,
        "Total Cost of profits": 2940,
        "Profit after tax corporate income": 5694,
        "Volume": 11896902,
        "Close of Quarter": 3.1,
        "EPS": 2277.5,
        "Non-adjusted EPS": 3776,
        "PE": 0.8,
        "Book Price": 11.3
      }
    },
    {
      "quarter": "Q4 2010",
      "income status": {
        "Net sales": 259403,
        "Cost of goods sold": 207256,
        "Gross Profit": 52147,
        "Financial expenses": 445,
        "Of which: Interest expense": "N/A",
        "Cost of sales": 20868,
        "Enterprise cost management": 18992,
        "Total Operating Expenses": 40305,
        "Total revenue financing activities": 184,
        "Net profit from business activities": 12026,
        "Profit": 2821,
        "Profit before tax": 14847,
        "Present corporate income tax expenses": 4304,
        "Deferred income taxes expenses": -125,
        "The interests of minority shareholders": 730,
        "Total Cost of profits": 4909,
        "Profit after tax corporate income": 9938,
        "Volume": 11896902,
        "Close of Quarter": 4.2,
        "EPS": 2365.6,
        "Non-adjusted EPS": 3922,
        "PE": 1.1,
        "Book Price": 11.5
      }
    },
    {
      "quarter": "Q3 2010",
      "income status": {
        "Net sales": 208655,
        "Cost of goods sold": 161424,
        "Gross Profit": 47231,
        "Financial expenses": 514,
        "Of which: Interest expense": 53,
        "Cost of sales": 16681,
        "Enterprise cost management": 13831,
        "Total Operating Expenses": 31026,
        "Total revenue financing activities": 666,
        "Net profit from business activities": 16870,
        "Profit": 506,
        "Profit before tax": 17376,
        "Present corporate income tax expenses": 4845,
        "Deferred income taxes expenses": -56,
        "The interests of minority shareholders": -103,
        "Total Cost of profits": 4686,
        "Profit after tax corporate income": 12690,
        "Volume": 11896902,
        "Close of Quarter": 4.6,
        "EPS": 2944.6,
        "Non-adjusted EPS": 4882,
        "PE": 0.9,
        "Book Price": 11.6
      }
    },
    {
      "quarter": "Q2 2010",
      "income status": {
        "Net sales": 232529,
        "Cost of goods sold": 183635,
        "Gross Profit": 48894,
        "Financial expenses": 311,
        "Of which: Interest expense": 275,
        "Cost of sales": 13235,
        "Enterprise cost management": 12233,
        "Total Operating Expenses": 25779,
        "Total revenue financing activities": 254,
        "Net profit from business activities": 23369,
        "Profit": 229,
        "Profit before tax": 23598,
        "Present corporate income tax expenses": 5710,
        "Deferred income taxes expenses": -32,
        "The interests of minority shareholders": 1315,
        "Total Cost of profits": 6993,
        "Profit after tax corporate income": 16604,
        "Volume": 10345349,
        "Close of Quarter": 5.1,
        "EPS": 3181.6,
        "Non-adjusted EPS": 6066,
        "PE": 0.8,
        "Book Price": 11.4
      }
    },
    {
      "quarter": "Q1 2010",
      "income status": {
        "Net sales": 132441,
        "Cost of goods sold": 99556,
        "Gross Profit": 32886,
        "Financial expenses": 508,
        "Of which: Interest expense": "N/A",
        "Cost of sales": 11802,
        "Enterprise cost management": 10073,
        "Total Operating Expenses": 22383,
        "Total revenue financing activities": 289,
        "Net profit from business activities": 10791,
        "Profit": 286,
        "Profit before tax": 11077,
        "Present corporate income tax expenses": 3031,
        "Deferred income taxes expenses": 1,
        "The interests of minority shareholders": 616,
        "Total Cost of profits": 3648,
        "Profit after tax corporate income": 7430,
        "Volume": 10345349,
        "Close of Quarter": 4.7,
        "EPS": 3589.6,
        "Non-adjusted EPS": 6844,
        "PE": 0.7,
        "Book Price": 11.3
      }
    },
    {
      "quarter": "Q4 2009",
      "income status": {
        "Net sales": 276853,
        "Cost of goods sold": 211823,
        "Gross Profit": 65031,
        "Financial expenses": 1823,
        "Of which: Interest expense": "N/A",
        "Cost of sales": 18817,
        "Enterprise cost management": 14127,
        "Total Operating Expenses": 34767,
        "Total revenue financing activities": 1781,
        "Net profit from business activities": 32046,
        "Profit": 169,
        "Profit before tax": 32215,
        "Present corporate income tax expenses": 7254,
        "Deferred income taxes expenses": "N/A",
        "The interests of minority shareholders": 3604,
        "Total Cost of profits": 10858,
        "Profit after tax corporate income": 21357,
        "Volume": 9405020,
        "Close of Quarter": 4.8,
        "EPS": 3585.2,
        "Non-adjusted EPS": 7519,
        "PE": 0.6,
        "Book Price": 10.7
      }
    },
    {
      "quarter": "Q3 2009",
      "income status": {
        "Net sales": 217024,
        "Cost of goods sold": 171924,
        "Gross Profit": 45100,
        "Financial expenses": 108,
        "Of which: Interest expense": "N/A",
        "Cost of sales": 14295,
        "Enterprise cost management": 9570,
        "Total Operating Expenses": 23973,
        "Total revenue financing activities": 885,
        "Net profit from business activities": 22012,
        "Profit": 3213,
        "Profit before tax": 25224,
        "Present corporate income tax expenses": 6059,
        "Deferred income taxes expenses": "N/A",
        "The interests of minority shareholders": 1801,
        "Total Cost of profits": 7860,
        "Profit after tax corporate income": 17364,
        "Volume": 8957267,
        "Close of Quarter": 4.1,
        "EPS": 2804.2,
        "Non-adjusted EPS": 6175,
        "PE": 0.7,
        "Book Price": 9.7
      }
    },
    {
      "quarter": "Q2 2009",
      "income status": {
        "Net sales": 315630,
        "Cost of goods sold": 240000,
        "Gross Profit": 75630,
        "Financial expenses": 2258,
        "Of which: Interest expense": "N/A",
        "Cost of sales": 23555,
        "Enterprise cost management": 17830,
        "Total Operating Expenses": 43643,
        "Total revenue financing activities": 2462,
        "Net profit from business activities": 34450,
        "Profit": 580,
        "Profit before tax": 35030,
        "Present corporate income tax expenses": 8100,
        "Deferred income taxes expenses": "N/A",
        "The interests of minority shareholders": 2276,
        "Total Cost of profits": 10376,
        "Profit after tax corporate income": 24654,
        "Volume": 8957267,
        "Close of Quarter": 3.6,
        "EPS": 2761.5,
        "Non-adjusted EPS": 6081,
        "PE": 0.6,
        "Book Price": 8.6
      }
    },
    {
      "quarter": "Q1 2009",
      "income status": {
        "Net sales": 135652,
        "Cost of goods sold": 103135,
        "Gross Profit": 32517,
        "Financial expenses": 1799,
        "Of which: Interest expense": "N/A",
        "Cost of sales": 11389,
        "Enterprise cost management": 9104,
        "Total Operating Expenses": 22292,
        "Total revenue financing activities": 292,
        "Net profit from business activities": 10517,
        "Profit": 469,
        "Profit before tax": 10986,
        "Present corporate income tax expenses": 2601,
        "Deferred income taxes expenses": "N/A",
        "The interests of minority shareholders": 1046,
        "Total Cost of profits": 3647,
        "Profit after tax corporate income": 7339,
        "Volume": 8957267,
        "Close of Quarter": 2.2,
        "EPS": 2433.6,
        "Non-adjusted EPS": 5359,
        "PE": 0.4,
        "Book Price": 8.2
      }
    },
    {
      "quarter": "Q4 2008",
      "income status": {
        "Net sales": 179533,
        "Cost of goods sold": 136832,
        "Gross Profit": 42701,
        "Financial expenses": 2523,
        "Of which: Interest expense": "N/A",
        "Cost of sales": 19206,
        "Enterprise cost management": 13024,
        "Total Operating Expenses": 34753,
        "Total revenue financing activities": 696,
        "Net profit from business activities": 8644,
        "Profit": 7,
        "Profit before tax": 8651,
        "Present corporate income tax expenses": 2701,
        "Deferred income taxes expenses": "N/A",
        "The interests of minority shareholders": "N/A",
        "Total Cost of profits": 2701,
        "Profit after tax corporate income": 5950,
        "Volume": 8957267,
        "Close of Quarter": 2.4,
        "EPS": 2807.8,
        "Non-adjusted EPS": 6183,
        "PE": 0.4,
        "Book Price": 7.7
      }
    },
    {
      "quarter": "Q3 2008",
      "income status": {
        "Net sales": 209515,
        "Cost of goods sold": 165374,
        "Gross Profit": 44142,
        "Financial expenses": 1914,
        "Of which: Interest expense": "N/A",
        "Cost of sales": 11280,
        "Enterprise cost management": 9066,
        "Total Operating Expenses": 22260,
        "Total revenue financing activities": 944,
        "Net profit from business activities": 22826,
        "Profit": 141,
        "Profit before tax": 22967,
        "Present corporate income tax expenses": 6445,
        "Deferred income taxes expenses": "N/A",
        "The interests of minority shareholders": "N/A",
        "Total Cost of profits": 6445,
        "Profit after tax corporate income": 16522,
        "Volume": 9018267,
        "Close of Quarter": 3.8,
        "EPS": 3222.9,
        "Non-adjusted EPS": 7049,
        "PE": 0.5,
        "Book Price": 8.1
      }
    },
    {
      "quarter": "Q2 2008",
      "income status": {
        "Net sales": 271100,
        "Cost of goods sold": 225549,
        "Gross Profit": 45550,
        "Financial expenses": 1904,
        "Of which: Interest expense": "N/A",
        "Cost of sales": 11092,
        "Enterprise cost management": 9058,
        "Total Operating Expenses": 22054,
        "Total revenue financing activities": 1531,
        "Net profit from business activities": 25028,
        "Profit": 85,
        "Profit before tax": 25114,
        "Present corporate income tax expenses": 6919,
        "Deferred income taxes expenses": "N/A",
        "The interests of minority shareholders": "N/A",
        "Total Cost of profits": 6919,
        "Profit after tax corporate income": 18195,
        "Volume": 8200000,
        "Close of Quarter": 3.1,
        "EPS": 2385.4,
        "Non-adjusted EPS": 5738,
        "PE": 0.5,
        "Book Price": 7.7
      }
    },
    {
      "quarter": "Q1 2008",
      "income status": {
        "Net sales": 219628,
        "Cost of goods sold": 183094,
        "Gross Profit": 36534,
        "Financial expenses": -415,
        "Of which: Interest expense": "N/A",
        "Cost of sales": 10236,
        "Enterprise cost management": 7092,
        "Total Operating Expenses": 16913,
        "Total revenue financing activities": 804,
        "Net profit from business activities": 20426,
        "Profit": -282,
        "Profit before tax": 20143,
        "Present corporate income tax expenses": 5431,
        "Deferred income taxes expenses": "N/A",
        "The interests of minority shareholders": "N/A",
        "Total Cost of profits": 5431,
        "Profit after tax corporate income": 14713,
        "Volume": 8200000,
        "Close of Quarter": 5.6,
        "EPS": 1462.9,
        "Non-adjusted EPS": 3519,
        "PE": 1.6,
        "Book Price": 6.9
      }
    },
    {
      "quarter": "Q4 2007",
      "income status": {
        "Net sales": 252670,
        "Cost of goods sold": 203001,
        "Gross Profit": 49669,
        "Financial expenses": -360,
        "Of which: Interest expense": "N/A",
        "Cost of sales": 20480,
        "Enterprise cost management": 10707,
        "Total Operating Expenses": 30827,
        "Total revenue financing activities": 1112,
        "Net profit from business activities": 19955,
        "Profit": -256,
        "Profit before tax": 19698,
        "Present corporate income tax expenses": 5558,
        "Deferred income taxes expenses": "N/A",
        "The interests of minority shareholders": "N/A",
        "Total Cost of profits": 5558,
        "Profit after tax corporate income": 14140,
        "Volume": 8200000,
        "Close of Quarter": 7.9,
        "EPS": 716.7,
        "Non-adjusted EPS": 1724,
        "PE": 4.6,
        "Book Price": 6.2
      }
    }
  ]
}