{
  "ticker": "VST",
  "data": [
    {
      "quarter": "Q1 2017",
      "income status": {
        "Net sales": 125058,
        "Cost of goods sold": 183662,
        "Gross Profit": -58604,
        "Financial expenses": 31403,
        "Of which: Interest expense": "N/A",
        "Cost of sales": 737,
        "Enterprise cost management": 7394,
        "Total Operating Expenses": 39534,
        "Total revenue financing activities": 623,
        "Net profit from business activities": -97515,
        "Profit": -33,
        "Profit before tax": -97548,
        "Present corporate income tax expenses": -23,
        "Deferred income taxes expenses": "N/A",
        "The interests of minority shareholders": "N/A",
        "Total Cost of profits": -23,
        "Profit after tax corporate income": -97525,
        "Volume": 58999337,
        "Close of Quarter": 1.2,
        "EPS": -5978,
        "Non-adjusted EPS": -5978,
        "PE": -0.2,
        "Book Price": -9.6
      }
    },
    {
      "quarter": "Q4 2016",
      "income status": {
        "Net sales": 136828,
        "Cost of goods sold": 185019,
        "Gross Profit": -48191,
        "Financial expenses": 52679,
        "Of which: Interest expense": 33979,
        "Cost of sales": 1008,
        "Enterprise cost management": 8916,
        "Total Operating Expenses": 62603,
        "Total revenue financing activities": 950,
        "Net profit from business activities": -109844,
        "Profit": 647,
        "Profit before tax": -109197,
        "Present corporate income tax expenses": "N/A",
        "Deferred income taxes expenses": "N/A",
        "The interests of minority shareholders": "N/A",
        "Total Cost of profits": 0,
        "Profit after tax corporate income": -109197,
        "Volume": 58999337,
        "Close of Quarter": 1.2,
        "EPS": -4454,
        "Non-adjusted EPS": -4454,
        "PE": -0.3,
        "Book Price": -7.9
      }
    },
    {
      "quarter": "Q3 2016",
      "income status": {
        "Net sales": 152724,
        "Cost of goods sold": 185053,
        "Gross Profit": -32329,
        "Financial expenses": 31925,
        "Of which: Interest expense": 32010,
        "Cost of sales": 1496,
        "Enterprise cost management": 9763,
        "Total Operating Expenses": 43184,
        "Total revenue financing activities": 1004,
        "Net profit from business activities": -74509,
        "Profit": -555,
        "Profit before tax": -75064,
        "Present corporate income tax expenses": "N/A",
        "Deferred income taxes expenses": "N/A",
        "The interests of minority shareholders": "N/A",
        "Total Cost of profits": 0,
        "Profit after tax corporate income": -75064,
        "Volume": 58999337,
        "Close of Quarter": 1.2,
        "EPS": -3079,
        "Non-adjusted EPS": -3079,
        "PE": -0.4,
        "Book Price": -6.1
      }
    },
    {
      "quarter": "Q2 2016",
      "income status": {
        "Net sales": 159864,
        "Cost of goods sold": 197321,
        "Gross Profit": -37457,
        "Financial expenses": 31801,
        "Of which: Interest expense": 31005,
        "Cost of sales": 901,
        "Enterprise cost management": 9978,
        "Total Operating Expenses": 42680,
        "Total revenue financing activities": 9523,
        "Net profit from business activities": -70614,
        "Profit": -295,
        "Profit before tax": -70908,
        "Present corporate income tax expenses": 6,
        "Deferred income taxes expenses": "N/A",
        "The interests of minority shareholders": "N/A",
        "Total Cost of profits": 6,
        "Profit after tax corporate income": -70914,
        "Volume": 58999337,
        "Close of Quarter": 0.9,
        "EPS": -2970,
        "Non-adjusted EPS": -2970,
        "PE": -0.3,
        "Book Price": -4.8
      }
    },
    {
      "quarter": "Q1 2016",
      "income status": {
        "Net sales": 145580,
        "Cost of goods sold": 187382,
        "Gross Profit": -41802,
        "Financial expenses": 30083,
        "Of which: Interest expense": 29683,
        "Cost of sales": 1188,
        "Enterprise cost management": 11191,
        "Total Operating Expenses": 42462,
        "Total revenue financing activities": 1001,
        "Net profit from business activities": -83408,
        "Profit": 10753,
        "Profit before tax": -72655,
        "Present corporate income tax expenses": 23,
        "Deferred income taxes expenses": -65069,
        "The interests of minority shareholders": "N/A",
        "Total Cost of profits": -65046,
        "Profit after tax corporate income": -7609,
        "Volume": 58999337,
        "Close of Quarter": 1.6,
        "EPS": -2926,
        "Non-adjusted EPS": -2926,
        "PE": -0.6,
        "Book Price": -3.6
      }
    },
    {
      "quarter": "Q4 2015",
      "income status": {
        "Net sales": 197790,
        "Cost of goods sold": 213863,
        "Gross Profit": -16073,
        "Financial expenses": 84347,
        "Of which: Interest expense": 68276,
        "Cost of sales": 2440,
        "Enterprise cost management": 11614,
        "Total Operating Expenses": 98401,
        "Total revenue financing activities": 1354,
        "Net profit from business activities": -113257,
        "Profit": 85247,
        "Profit before tax": -28009,
        "Present corporate income tax expenses": 58,
        "Deferred income taxes expenses": "N/A",
        "The interests of minority shareholders": "N/A",
        "Total Cost of profits": 58,
        "Profit after tax corporate income": -28067,
        "Volume": 58999337,
        "Close of Quarter": 1.7,
        "EPS": -3283,
        "Non-adjusted EPS": -3283,
        "PE": -0.5,
        "Book Price": -3.5
      }
    },
    {
      "quarter": "Q3 2015",
      "income status": {
        "Net sales": 227971,
        "Cost of goods sold": 250861,
        "Gross Profit": -22891,
        "Financial expenses": 23446,
        "Of which: Interest expense": -17970,
        "Cost of sales": 2412,
        "Enterprise cost management": 13847,
        "Total Operating Expenses": 39705,
        "Total revenue financing activities": 2067,
        "Net profit from business activities": -60528,
        "Profit": 26,
        "Profit before tax": -60502,
        "Present corporate income tax expenses": 38,
        "Deferred income taxes expenses": 8119,
        "The interests of minority shareholders": "N/A",
        "Total Cost of profits": 8157,
        "Profit after tax corporate income": -68659,
        "Volume": 58999337,
        "Close of Quarter": 1.9,
        "EPS": -3370,
        "Non-adjusted EPS": -3370,
        "PE": -0.6,
        "Book Price": 1.2
      }
    },
    {
      "quarter": "Q2 2015",
      "income status": {
        "Net sales": 190852,
        "Cost of goods sold": 231116,
        "Gross Profit": -40264,
        "Financial expenses": 15058,
        "Of which: Interest expense": 2778,
        "Cost of sales": 2267,
        "Enterprise cost management": 10733,
        "Total Operating Expenses": 28058,
        "Total revenue financing activities": 1508,
        "Net profit from business activities": -66711,
        "Profit": -1829,
        "Profit before tax": -68541,
        "Present corporate income tax expenses": 9,
        "Deferred income taxes expenses": "N/A",
        "The interests of minority shareholders": -275,
        "Total Cost of profits": -266,
        "Profit after tax corporate income": -68274,
        "Volume": 58999337,
        "Close of Quarter": 1.8,
        "EPS": -3019,
        "Non-adjusted EPS": -3019,
        "PE": -0.6,
        "Book Price": 2.2
      }
    },
    {
      "quarter": "Q1 2015",
      "income status": {
        "Net sales": 256093,
        "Cost of goods sold": 295923,
        "Gross Profit": -39830,
        "Financial expenses": 11571,
        "Of which: Interest expense": 5595,
        "Cost of sales": 3834,
        "Enterprise cost management": 12620,
        "Total Operating Expenses": 28025,
        "Total revenue financing activities": 1093,
        "Net profit from business activities": -66761,
        "Profit": 30111,
        "Profit before tax": -36650,
        "Present corporate income tax expenses": 66,
        "Deferred income taxes expenses": -8119,
        "The interests of minority shareholders": 98,
        "Total Cost of profits": -7955,
        "Profit after tax corporate income": -28695,
        "Volume": 58999337,
        "Close of Quarter": 2.2,
        "EPS": -2608,
        "Non-adjusted EPS": -2608,
        "PE": -0.8,
        "Book Price": 3.7
      }
    },
    {
      "quarter": "Q4 2014",
      "income status": {
        "Net sales": 358869,
        "Cost of goods sold": 365099,
        "Gross Profit": -6230,
        "Financial expenses": 18260,
        "Of which: Interest expense": 2503,
        "Cost of sales": 5700,
        "Enterprise cost management": 13606,
        "Total Operating Expenses": 37566,
        "Total revenue financing activities": 1880,
        "Net profit from business activities": -41916,
        "Profit": -189,
        "Profit before tax": -42105,
        "Present corporate income tax expenses": 291,
        "Deferred income taxes expenses": -9412,
        "The interests of minority shareholders": 244,
        "Total Cost of profits": -8877,
        "Profit after tax corporate income": -33228,
        "Volume": 58999337,
        "Close of Quarter": 2.5,
        "EPS": -2760,
        "Non-adjusted EPS": -2760,
        "PE": -0.9,
        "Book Price": 4.2
      }
    },
    {
      "quarter": "Q3 2014",
      "income status": {
        "Net sales": 355595,
        "Cost of goods sold": 391011,
        "Gross Profit": -35416,
        "Financial expenses": 8841,
        "Of which: Interest expense": 2772,
        "Cost of sales": 6496,
        "Enterprise cost management": 12066,
        "Total Operating Expenses": 27403,
        "Total revenue financing activities": 1201,
        "Net profit from business activities": -61618,
        "Profit": 334,
        "Profit before tax": -61284,
        "Present corporate income tax expenses": 94,
        "Deferred income taxes expenses": -13566,
        "The interests of minority shareholders": 126,
        "Total Cost of profits": -13346,
        "Profit after tax corporate income": -47938,
        "Volume": 58999337,
        "Close of Quarter": 2.7,
        "EPS": -3078,
        "Non-adjusted EPS": -3078,
        "PE": -0.9,
        "Book Price": 4.7
      }
    },
    {
      "quarter": "Q2 2014",
      "income status": {
        "Net sales": 346428,
        "Cost of goods sold": 368075,
        "Gross Profit": -21647,
        "Financial expenses": 5815,
        "Of which: Interest expense": 3317,
        "Cost of sales": 5753,
        "Enterprise cost management": 12060,
        "Total Operating Expenses": 23628,
        "Total revenue financing activities": 2209,
        "Net profit from business activities": -43066,
        "Profit": -812,
        "Profit before tax": -43877,
        "Present corporate income tax expenses": 65,
        "Deferred income taxes expenses": "N/A",
        "The interests of minority shareholders": 48,
        "Total Cost of profits": 113,
        "Profit after tax corporate income": -43990,
        "Volume": 58999337,
        "Close of Quarter": 2.6,
        "EPS": -2673,
        "Non-adjusted EPS": -2673,
        "PE": -1.0,
        "Book Price": 5.4
      }
    },
    {
      "quarter": "Q1 2014",
      "income status": {
        "Net sales": 358070,
        "Cost of goods sold": 374791,
        "Gross Profit": -16720,
        "Financial expenses": 3880,
        "Of which: Interest expense": 2725,
        "Cost of sales": 6491,
        "Enterprise cost management": 11944,
        "Total Operating Expenses": 22315,
        "Total revenue financing activities": 1503,
        "Net profit from business activities": -37532,
        "Profit": 94,
        "Profit before tax": -37438,
        "Present corporate income tax expenses": 118,
        "Deferred income taxes expenses": "N/A",
        "The interests of minority shareholders": 131,
        "Total Cost of profits": 249,
        "Profit after tax corporate income": -37688,
        "Volume": 58999337,
        "Close of Quarter": 3.7,
        "EPS": -3706,
        "Non-adjusted EPS": -3706,
        "PE": -1,
        "Book Price": 4.5
      }
    },
    {
      "quarter": "Q4 2013",
      "income status": {
        "Net sales": 334931,
        "Cost of goods sold": 354873,
        "Gross Profit": -19942,
        "Financial expenses": 16016,
        "Of which: Interest expense": -858,
        "Cost of sales": 6005,
        "Enterprise cost management": 12709,
        "Total Operating Expenses": 34730,
        "Total revenue financing activities": 2270,
        "Net profit from business activities": -52402,
        "Profit": 230,
        "Profit before tax": -52173,
        "Present corporate income tax expenses": 34,
        "Deferred income taxes expenses": "N/A",
        "The interests of minority shareholders": -237,
        "Total Cost of profits": -203,
        "Profit after tax corporate income": -51970,
        "Volume": 58999337,
        "Close of Quarter": 3.1,
        "EPS": -3791,
        "Non-adjusted EPS": -3791,
        "PE": -0.8,
        "Book Price": 5.2
      }
    },
    {
      "quarter": "Q3 2013",
      "income status": {
        "Net sales": 362183,
        "Cost of goods sold": 375238,
        "Gross Profit": -13054,
        "Financial expenses": 7531,
        "Of which: Interest expense": 3748,
        "Cost of sales": 7726,
        "Enterprise cost management": 14151,
        "Total Operating Expenses": 29408,
        "Total revenue financing activities": 3633,
        "Net profit from business activities": -38830,
        "Profit": 14929,
        "Profit before tax": -23900,
        "Present corporate income tax expenses": 86,
        "Deferred income taxes expenses": "N/A",
        "The interests of minority shareholders": 69,
        "Total Cost of profits": 155,
        "Profit after tax corporate income": -24055,
        "Volume": 58999337,
        "Close of Quarter": 2.1,
        "EPS": -3504,
        "Non-adjusted EPS": -3504,
        "PE": -0.6,
        "Book Price": 6.1
      }
    },
    {
      "quarter": "Q2 2013",
      "income status": {
        "Net sales": 359731,
        "Cost of goods sold": 435056,
        "Gross Profit": -75326,
        "Financial expenses": 10363,
        "Of which: Interest expense": 2579,
        "Cost of sales": 8909,
        "Enterprise cost management": 12524,
        "Total Operating Expenses": 31796,
        "Total revenue financing activities": 2983,
        "Net profit from business activities": -104138,
        "Profit": -627,
        "Profit before tax": -104766,
        "Present corporate income tax expenses": 101,
        "Deferred income taxes expenses": "N/A",
        "The interests of minority shareholders": 66,
        "Total Cost of profits": 167,
        "Profit after tax corporate income": -104932,
        "Volume": 58999337,
        "Close of Quarter": 2.7,
        "EPS": -3988,
        "Non-adjusted EPS": -3988,
        "PE": -0.7,
        "Book Price": 6.5
      }
    },
    {
      "quarter": "Q1 2013",
      "income status": {
        "Net sales": 265313,
        "Cost of goods sold": 274203,
        "Gross Profit": -8890,
        "Financial expenses": 17830,
        "Of which: Interest expense": 17101,
        "Cost of sales": 6520,
        "Enterprise cost management": 11180,
        "Total Operating Expenses": 35530,
        "Total revenue financing activities": 1792,
        "Net profit from business activities": -42628,
        "Profit": -27,
        "Profit before tax": -42655,
        "Present corporate income tax expenses": 68,
        "Deferred income taxes expenses": -64,
        "The interests of minority shareholders": 41,
        "Total Cost of profits": 45,
        "Profit after tax corporate income": -42699,
        "Volume": 58999337,
        "Close of Quarter": 2.9,
        "EPS": -2491,
        "Non-adjusted EPS": -2491,
        "PE": -1.2,
        "Book Price": "N/A"
      }
    },
    {
      "quarter": "Q4 2012",
      "income status": {
        "Net sales": 393802,
        "Cost of goods sold": 380098,
        "Gross Profit": 13704,
        "Financial expenses": 24931,
        "Of which: Interest expense": 24161,
        "Cost of sales": 8741,
        "Enterprise cost management": 16849,
        "Total Operating Expenses": 50521,
        "Total revenue financing activities": 2345,
        "Net profit from business activities": -34472,
        "Profit": -962,
        "Profit before tax": -35434,
        "Present corporate income tax expenses": -304,
        "Deferred income taxes expenses": "N/A",
        "The interests of minority shareholders": -57,
        "Total Cost of profits": -361,
        "Profit after tax corporate income": -35072,
        "Volume": 58999337,
        "Close of Quarter": 2.4,
        "EPS": -2119,
        "Non-adjusted EPS": -2119,
        "PE": -1.1,
        "Book Price": 9
      }
    },
    {
      "quarter": "Q3 2012",
      "income status": {
        "Net sales": 344530,
        "Cost of goods sold": 342860,
        "Gross Profit": 1670,
        "Financial expenses": 34050,
        "Of which: Interest expense": 32870,
        "Cost of sales": 9654,
        "Enterprise cost management": 14199,
        "Total Operating Expenses": 57903,
        "Total revenue financing activities": 2088,
        "Net profit from business activities": -54144,
        "Profit": 1719,
        "Profit before tax": -52425,
        "Present corporate income tax expenses": 171,
        "Deferred income taxes expenses": "N/A",
        "The interests of minority shareholders": -2,
        "Total Cost of profits": 169,
        "Profit after tax corporate income": -52594,
        "Volume": 58999337,
        "Close of Quarter": 2.3,
        "EPS": -839,
        "Non-adjusted EPS": -839,
        "PE": -2.7,
        "Book Price": 9.6
      }
    },
    {
      "quarter": "Q2 2012",
      "income status": {
        "Net sales": 388715,
        "Cost of goods sold": 348285,
        "Gross Profit": 40430,
        "Financial expenses": 35813,
        "Of which: Interest expense": 34821,
        "Cost of sales": 10236,
        "Enterprise cost management": 14368,
        "Total Operating Expenses": 60417,
        "Total revenue financing activities": 2578,
        "Net profit from business activities": -17409,
        "Profit": 1073,
        "Profit before tax": -16336,
        "Present corporate income tax expenses": 103,
        "Deferred income taxes expenses": "N/A",
        "The interests of minority shareholders": 134,
        "Total Cost of profits": 237,
        "Profit after tax corporate income": -16573,
        "Volume": 58999337,
        "Close of Quarter": 3.7,
        "EPS": 38,
        "Non-adjusted EPS": 38,
        "PE": 97.4,
        "Book Price": 10.5
      }
    },
    {
      "quarter": "Q1 2012",
      "income status": {
        "Net sales": 386117,
        "Cost of goods sold": 338401,
        "Gross Profit": 47716,
        "Financial expenses": 48206,
        "Of which: Interest expense": 42345,
        "Cost of sales": 11967,
        "Enterprise cost management": 12573,
        "Total Operating Expenses": 72746,
        "Total revenue financing activities": 3745,
        "Net profit from business activities": -21285,
        "Profit": 871,
        "Profit before tax": -20414,
        "Present corporate income tax expenses": 152,
        "Deferred income taxes expenses": "N/A",
        "The interests of minority shareholders": 197,
        "Total Cost of profits": 349,
        "Profit after tax corporate income": -20762,
        "Volume": 58999337,
        "Close of Quarter": 4.2,
        "EPS": 435,
        "Non-adjusted EPS": 435,
        "PE": 9.7,
        "Book Price": 10.7
      }
    },
    {
      "quarter": "Q4 2011",
      "income status": {
        "Net sales": 448731,
        "Cost of goods sold": 391719,
        "Gross Profit": 57012,
        "Financial expenses": 117079,
        "Of which: Interest expense": 41644,
        "Cost of sales": 13386,
        "Enterprise cost management": 21076,
        "Total Operating Expenses": 151541,
        "Total revenue financing activities": 7943,
        "Net profit from business activities": -86586,
        "Profit": 141242,
        "Profit before tax": 54656,
        "Present corporate income tax expenses": 7230,
        "Deferred income taxes expenses": 7072,
        "The interests of minority shareholders": -79,
        "Total Cost of profits": 14223,
        "Profit after tax corporate income": 40434,
        "Volume": 58999337,
        "Close of Quarter": 4,
        "EPS": 854,
        "Non-adjusted EPS": 854,
        "PE": 4.7,
        "Book Price": 10.8
      }
    },
    {
      "quarter": "Q3 2011",
      "income status": {
        "Net sales": 434063,
        "Cost of goods sold": 400838,
        "Gross Profit": 33224,
        "Financial expenses": 59134,
        "Of which: Interest expense": 40793,
        "Cost of sales": 14139,
        "Enterprise cost management": 17075,
        "Total Operating Expenses": 90348,
        "Total revenue financing activities": 3703,
        "Net profit from business activities": -53421,
        "Profit": 53881,
        "Profit before tax": 460,
        "Present corporate income tax expenses": 567,
        "Deferred income taxes expenses": "N/A",
        "The interests of minority shareholders": 737,
        "Total Cost of profits": 1304,
        "Profit after tax corporate income": -844,
        "Volume": 58999337,
        "Close of Quarter": 5.9,
        "EPS": 602,
        "Non-adjusted EPS": 602,
        "PE": 9.8,
        "Book Price": 11
      }
    },
    {
      "quarter": "Q2 2011",
      "income status": {
        "Net sales": 525551,
        "Cost of goods sold": 468452,
        "Gross Profit": 57099,
        "Financial expenses": 70921,
        "Of which: Interest expense": 45732,
        "Cost of sales": 17707,
        "Enterprise cost management": 19075,
        "Total Operating Expenses": 107703,
        "Total revenue financing activities": 8682,
        "Net profit from business activities": -41923,
        "Profit": 51988,
        "Profit before tax": 10065,
        "Present corporate income tax expenses": 582,
        "Deferred income taxes expenses": 1949,
        "The interests of minority shareholders": 684,
        "Total Cost of profits": 3215,
        "Profit after tax corporate income": 6850,
        "Volume": 58999337,
        "Close of Quarter": 6.7,
        "EPS": 815,
        "Non-adjusted EPS": 815,
        "PE": 8.2,
        "Book Price": 10.9
      }
    },
    {
      "quarter": "Q1 2011",
      "income status": {
        "Net sales": 460729,
        "Cost of goods sold": 367780,
        "Gross Profit": 92949,
        "Financial expenses": 75908,
        "Of which: Interest expense": 42808,
        "Cost of sales": 10249,
        "Enterprise cost management": 15466,
        "Total Operating Expenses": 101623,
        "Total revenue financing activities": 12663,
        "Net profit from business activities": 3990,
        "Profit": 1266,
        "Profit before tax": 5256,
        "Present corporate income tax expenses": 37,
        "Deferred income taxes expenses": 1279,
        "The interests of minority shareholders": 12,
        "Total Cost of profits": 1328,
        "Profit after tax corporate income": 3928,
        "Volume": 58999337,
        "Close of Quarter": 7.1,
        "EPS": 1245,
        "Non-adjusted EPS": 1245,
        "PE": 5.7,
        "Book Price": 12.2
      }
    },
    {
      "quarter": "Q4 2010",
      "income status": {
        "Net sales": 495108,
        "Cost of goods sold": 392809,
        "Gross Profit": 102299,
        "Financial expenses": 96412,
        "Of which: Interest expense": 37385,
        "Cost of sales": 14419,
        "Enterprise cost management": 23355,
        "Total Operating Expenses": 134186,
        "Total revenue financing activities": 16427,
        "Net profit from business activities": -15460,
        "Profit": 49910,
        "Profit before tax": 34450,
        "Present corporate income tax expenses": 11040,
        "Deferred income taxes expenses": -2305,
        "The interests of minority shareholders": 136,
        "Total Cost of profits": 8871,
        "Profit after tax corporate income": 25580,
        "Volume": 58999337,
        "Close of Quarter": 10.2,
        "EPS": 1592,
        "Non-adjusted EPS": 1592,
        "PE": 6.4,
        "Book Price": 12
      }
    },
    {
      "quarter": "Q3 2010",
      "income status": {
        "Net sales": 500922,
        "Cost of goods sold": 376387,
        "Gross Profit": 124535,
        "Financial expenses": 95927,
        "Of which: Interest expense": 54406,
        "Cost of sales": 11696,
        "Enterprise cost management": 15123,
        "Total Operating Expenses": 122746,
        "Total revenue financing activities": 15322,
        "Net profit from business activities": 17111,
        "Profit": -964,
        "Profit before tax": 16147,
        "Present corporate income tax expenses": 352,
        "Deferred income taxes expenses": 3701,
        "The interests of minority shareholders": 386,
        "Total Cost of profits": 4439,
        "Profit after tax corporate income": 11708,
        "Volume": 46999337,
        "Close of Quarter": 11.4,
        "EPS": 2591.4,
        "Non-adjusted EPS": 3253,
        "PE": 3.5,
        "Book Price": 9.9
      }
    },
    {
      "quarter": "Q2 2010",
      "income status": {
        "Net sales": 515002,
        "Cost of goods sold": 408093,
        "Gross Profit": 106909,
        "Financial expenses": 72140,
        "Of which: Interest expense": 32915,
        "Cost of sales": 15912,
        "Enterprise cost management": 16952,
        "Total Operating Expenses": 105004,
        "Total revenue financing activities": 18451,
        "Net profit from business activities": 20355,
        "Profit": 25698,
        "Profit before tax": 46054,
        "Present corporate income tax expenses": 9187,
        "Deferred income taxes expenses": 4084,
        "The interests of minority shareholders": 574,
        "Total Cost of profits": 13845,
        "Profit after tax corporate income": 32209,
        "Volume": 40000000,
        "Close of Quarter": 15.3,
        "EPS": 3058.3,
        "Non-adjusted EPS": 4511,
        "PE": 3.4,
        "Book Price": 9.3
      }
    },
    {
      "quarter": "Q1 2010",
      "income status": {
        "Net sales": 420905,
        "Cost of goods sold": 334496,
        "Gross Profit": 86409,
        "Financial expenses": 41950,
        "Of which: Interest expense": 28798,
        "Cost of sales": 11535,
        "Enterprise cost management": 12805,
        "Total Operating Expenses": 66290,
        "Total revenue financing activities": 11575,
        "Net profit from business activities": 31693,
        "Profit": -775,
        "Profit before tax": 30918,
        "Present corporate income tax expenses": 8097,
        "Deferred income taxes expenses": -2125,
        "The interests of minority shareholders": 521,
        "Total Cost of profits": 6493,
        "Profit after tax corporate income": 24424,
        "Volume": 40000000,
        "Close of Quarter": 13.6,
        "EPS": 2511.2,
        "Non-adjusted EPS": 3704,
        "PE": 3.7,
        "Book Price": 8.5
      }
    },
    {
      "quarter": "Q4 2009",
      "income status": {
        "Net sales": 388008,
        "Cost of goods sold": 302107,
        "Gross Profit": 85901,
        "Financial expenses": 56397,
        "Of which: Interest expense": "N/A",
        "Cost of sales": 11502,
        "Enterprise cost management": 14851,
        "Total Operating Expenses": 82750,
        "Total revenue financing activities": 25573,
        "Net profit from business activities": 28724,
        "Profit": 73490,
        "Profit before tax": 102214,
        "Present corporate income tax expenses": 89,
        "Deferred income taxes expenses": 17558,
        "The interests of minority shareholders": "N/A",
        "Total Cost of profits": 17647,
        "Profit after tax corporate income": 84567,
        "Volume": 40000000,
        "Close of Quarter": 13.8,
        "EPS": 1021.0,
        "Non-adjusted EPS": 1506,
        "PE": 9.2,
        "Book Price": 8.7
      }
    },
    {
      "quarter": "Q3 2009",
      "income status": {
        "Net sales": 348780,
        "Cost of goods sold": 262750,
        "Gross Profit": 86030,
        "Financial expenses": 50254,
        "Of which: Interest expense": 32385,
        "Cost of sales": 8929,
        "Enterprise cost management": 11666,
        "Total Operating Expenses": 70849,
        "Total revenue financing activities": 19102,
        "Net profit from business activities": 34282,
        "Profit": 7029,
        "Profit before tax": 41310,
        "Present corporate income tax expenses": 2063,
        "Deferred income taxes expenses": "N/A",
        "The interests of minority shareholders": "N/A",
        "Total Cost of profits": 2063,
        "Profit after tax corporate income": 39247,
        "Volume": 40000000,
        "Close of Quarter": 13.5,
        "EPS": -434.6,
        "Non-adjusted EPS": -641,
        "PE": -21.1,
        "Book Price": 7.9
      }
    },
    {
      "quarter": "Q2 2009",
      "income status": {
        "Net sales": 294099,
        "Cost of goods sold": 253920,
        "Gross Profit": 40178,
        "Financial expenses": 28043,
        "Of which: Interest expense": 20140,
        "Cost of sales": 5720,
        "Enterprise cost management": 7498,
        "Total Operating Expenses": 41261,
        "Total revenue financing activities": 7618,
        "Net profit from business activities": 6537,
        "Profit": -6454,
        "Profit before tax": 83,
        "Present corporate income tax expenses": 169,
        "Deferred income taxes expenses": "N/A",
        "The interests of minority shareholders": "N/A",
        "Total Cost of profits": 169,
        "Profit after tax corporate income": -86,
        "Volume": 40000000,
        "Close of Quarter": 10.4,
        "EPS": 408.8,
        "Non-adjusted EPS": 603,
        "PE": 17.3,
        "Book Price": 7.3
      }
    },
    {
      "quarter": "Q1 2009",
      "income status": {
        "Net sales": 252280,
        "Cost of goods sold": 274711,
        "Gross Profit": -22431,
        "Financial expenses": 37038,
        "Of which: Interest expense": 24532,
        "Cost of sales": 6664,
        "Enterprise cost management": 10725,
        "Total Operating Expenses": 54427,
        "Total revenue financing activities": 8462,
        "Net profit from business activities": -68396,
        "Profit": 5143,
        "Profit before tax": -63254,
        "Present corporate income tax expenses": 222,
        "Deferred income taxes expenses": "N/A",
        "The interests of minority shareholders": "N/A",
        "Total Cost of profits": 222,
        "Profit after tax corporate income": -63475,
        "Volume": 40000000,
        "Close of Quarter": 9.4,
        "EPS": 8743.2,
        "Non-adjusted EPS": 12896,
        "PE": 0.7,
        "Book Price": 7.5
      }
    },
    {
      "quarter": "Q4 2008",
      "income status": {
        "Net sales": 430881,
        "Cost of goods sold": 470707,
        "Gross Profit": -39825,
        "Financial expenses": 72605,
        "Of which: Interest expense": 36607,
        "Cost of sales": -5733,
        "Enterprise cost management": 16122,
        "Total Operating Expenses": 82994,
        "Total revenue financing activities": 16155,
        "Net profit from business activities": -106664,
        "Profit": 162886,
        "Profit before tax": 56222,
        "Present corporate income tax expenses": 58761,
        "Deferred income taxes expenses": -1229,
        "The interests of minority shareholders": "N/A",
        "Total Cost of profits": 57532,
        "Profit after tax corporate income": -1310,
        "Volume": 40000000,
        "Close of Quarter": "N/A",
        "EPS": 9819.1,
        "Non-adjusted EPS": 14483,
        "PE": "N/A",
        "Book Price": "N/A"
      }
    },
    {
      "quarter": "Q3 2008",
      "income status": {
        "Net sales": 629355,
        "Cost of goods sold": 551729,
        "Gross Profit": 77626,
        "Financial expenses": 36312,
        "Of which: Interest expense": 28299,
        "Cost of sales": 21781,
        "Enterprise cost management": 12730,
        "Total Operating Expenses": 70823,
        "Total revenue financing activities": 12348,
        "Net profit from business activities": 19150,
        "Profit": 79534,
        "Profit before tax": 98684,
        "Present corporate income tax expenses": 9699,
        "Deferred income taxes expenses": "N/A",
        "The interests of minority shareholders": "N/A",
        "Total Cost of profits": 9699,
        "Profit after tax corporate income": 88985,
        "Volume": 40000000,
        "Close of Quarter": "N/A",
        "EPS": 9840.8,
        "Non-adjusted EPS": 14515,
        "PE": "N/A",
        "Book Price": "N/A"
      }
    },
    {
      "quarter": "Q1 2008",
      "income status": {
        "Net sales": 491626,
        "Cost of goods sold": "N/A",
        "Gross Profit": 491626,
        "Financial expenses": "N/A",
        "Of which: Interest expense": "N/A",
        "Cost of sales": "N/A",
        "Enterprise cost management": "N/A",
        "Total Operating Expenses": 0,
        "Total revenue financing activities": "N/A",
        "Net profit from business activities": 491626,
        "Profit": "N/A",
        "Profit before tax": 491626,
        "Present corporate income tax expenses": "N/A",
        "Deferred income taxes expenses": "N/A",
        "The interests of minority shareholders": "N/A",
        "Total Cost of profits": 0,
        "Profit after tax corporate income": 491626,
        "Volume": 40000000,
        "Close of Quarter": "N/A",
        "EPS": 8333.0,
        "Non-adjusted EPS": 12291,
        "PE": "N/A",
        "Book Price": "N/A"
      }
    }
  ]
}