{
  "ticker": "SMC",
  "data": [
    {
      "quarter": "Q1 2017",
      "income status": {
        "Net sales": 2821486,
        "Cost of goods sold": 2597611,
        "Gross Profit": 223875,
        "Financial expenses": 29141,
        "Of which: Interest expense": 27762,
        "Cost of sales": 46692,
        "Enterprise cost management": 18818,
        "Total Operating Expenses": 94651,
        "Total revenue financing activities": 1954,
        "Net profit from business activities": 131725,
        "Profit": 1274,
        "Profit before tax": 132999,
        "Present corporate income tax expenses": -490,
        "Deferred income taxes expenses": 23738,
        "The interests of minority shareholders": 3451,
        "Total Cost of profits": 26699,
        "Profit after tax corporate income": 106300,
        "Volume": 29511643,
        "Close of Quarter": 25.2,
        "EPS": 15859,
        "Non-adjusted EPS": 15859,
        "PE": 1.6,
        "Book Price": 29
      }
    },
    {
      "quarter": "Q4 2016",
      "income status": {
        "Net sales": 5068560,
        "Cost of goods sold": 4721274,
        "Gross Profit": 347285,
        "Financial expenses": 65851,
        "Of which: Interest expense": 43030,
        "Cost of sales": 98674,
        "Enterprise cost management": 58774,
        "Total Operating Expenses": 223299,
        "Total revenue financing activities": 28939,
        "Net profit from business activities": 154164,
        "Profit": 4756,
        "Profit before tax": 158920,
        "Present corporate income tax expenses": 20011,
        "Deferred income taxes expenses": 2132,
        "The interests of minority shareholders": 1710,
        "Total Cost of profits": 23853,
        "Profit after tax corporate income": 135067,
        "Volume": 29511643,
        "Close of Quarter": 20.8,
        "EPS": 14223,
        "Non-adjusted EPS": 14223,
        "PE": 1.5,
        "Book Price": 25.4
      }
    },
    {
      "quarter": "Q3 2016",
      "income status": {
        "Net sales": 2181410,
        "Cost of goods sold": 2040523,
        "Gross Profit": 140887,
        "Financial expenses": 22565,
        "Of which: Interest expense": 16496,
        "Cost of sales": 37225,
        "Enterprise cost management": 21536,
        "Total Operating Expenses": 81326,
        "Total revenue financing activities": 5310,
        "Net profit from business activities": 65755,
        "Profit": 36,
        "Profit before tax": 65790,
        "Present corporate income tax expenses": 9036,
        "Deferred income taxes expenses": -520,
        "The interests of minority shareholders": -649,
        "Total Cost of profits": 7867,
        "Profit after tax corporate income": 57923,
        "Volume": 29511643,
        "Close of Quarter": 17.4,
        "EPS": 9822,
        "Non-adjusted EPS": 9822,
        "PE": 1.8,
        "Book Price": 23.2
      }
    },
    {
      "quarter": "Q2 2016",
      "income status": {
        "Net sales": 2381172,
        "Cost of goods sold": 2141594,
        "Gross Profit": 239578,
        "Financial expenses": 18393,
        "Of which: Interest expense": 21721,
        "Cost of sales": 41743,
        "Enterprise cost management": 42431,
        "Total Operating Expenses": 102567,
        "Total revenue financing activities": 35218,
        "Net profit from business activities": 175422,
        "Profit": 1933,
        "Profit before tax": 177355,
        "Present corporate income tax expenses": 8755,
        "Deferred income taxes expenses": -3635,
        "The interests of minority shareholders": 3506,
        "Total Cost of profits": 8626,
        "Profit after tax corporate income": 168728,
        "Volume": 29511643,
        "Close of Quarter": 12.7,
        "EPS": 7914,
        "Non-adjusted EPS": 7914,
        "PE": 1.6,
        "Book Price": 21.8
      }
    },
    {
      "quarter": "Q1 2016",
      "income status": {
        "Net sales": 1989625,
        "Cost of goods sold": 1856856,
        "Gross Profit": 132769,
        "Financial expenses": 19141,
        "Of which: Interest expense": 18024,
        "Cost of sales": 34890,
        "Enterprise cost management": 18652,
        "Total Operating Expenses": 72683,
        "Total revenue financing activities": 483,
        "Net profit from business activities": 60569,
        "Profit": 4357,
        "Profit before tax": 64926,
        "Present corporate income tax expenses": 5993,
        "Deferred income taxes expenses": -11,
        "The interests of minority shareholders": 925,
        "Total Cost of profits": 6907,
        "Profit after tax corporate income": 58019,
        "Volume": 29511643,
        "Close of Quarter": 8.9,
        "EPS": -3264,
        "Non-adjusted EPS": -3264,
        "PE": -2.7,
        "Book Price": 16
      }
    },
    {
      "quarter": "Q4 2015",
      "income status": {
        "Net sales": 2048212,
        "Cost of goods sold": 1982957,
        "Gross Profit": 65255,
        "Financial expenses": 21966,
        "Of which: Interest expense": 21667,
        "Cost of sales": 34628,
        "Enterprise cost management": 15679,
        "Total Operating Expenses": 72273,
        "Total revenue financing activities": 24884,
        "Net profit from business activities": 19512,
        "Profit": 138,
        "Profit before tax": 19651,
        "Present corporate income tax expenses": 5474,
        "Deferred income taxes expenses": 8950,
        "The interests of minority shareholders": 42,
        "Total Cost of profits": 14466,
        "Profit after tax corporate income": 5185,
        "Volume": 29511643,
        "Close of Quarter": 6.7,
        "EPS": -6612,
        "Non-adjusted EPS": -6612,
        "PE": -1.0,
        "Book Price": 13.4
      }
    },
    {
      "quarter": "Q3 2015",
      "income status": {
        "Net sales": 2569552,
        "Cost of goods sold": 2479161,
        "Gross Profit": 90391,
        "Financial expenses": 46113,
        "Of which: Interest expense": 24991,
        "Cost of sales": 33721,
        "Enterprise cost management": 10787,
        "Total Operating Expenses": 90621,
        "Total revenue financing activities": 140,
        "Net profit from business activities": 869,
        "Profit": 4023,
        "Profit before tax": 4891,
        "Present corporate income tax expenses": 1213,
        "Deferred income taxes expenses": 1817,
        "The interests of minority shareholders": 227,
        "Total Cost of profits": 3257,
        "Profit after tax corporate income": 1634,
        "Volume": 29511643,
        "Close of Quarter": 5.7,
        "EPS": -6585,
        "Non-adjusted EPS": -6585,
        "PE": -0.9,
        "Book Price": 13.1
      }
    },
    {
      "quarter": "Q2 2015",
      "income status": {
        "Net sales": 2917956,
        "Cost of goods sold": 2948170,
        "Gross Profit": -30215,
        "Financial expenses": 52837,
        "Of which: Interest expense": 45575,
        "Cost of sales": 47231,
        "Enterprise cost management": 54545,
        "Total Operating Expenses": 154613,
        "Total revenue financing activities": 13273,
        "Net profit from business activities": -170742,
        "Profit": 1838,
        "Profit before tax": -168904,
        "Present corporate income tax expenses": 88,
        "Deferred income taxes expenses": -8097,
        "The interests of minority shareholders": 259,
        "Total Cost of profits": -7750,
        "Profit after tax corporate income": -161154,
        "Volume": 29511643,
        "Close of Quarter": 7.9,
        "EPS": -6033,
        "Non-adjusted EPS": -6033,
        "PE": -1.3,
        "Book Price": 13.1
      }
    },
    {
      "quarter": "Q1 2015",
      "income status": {
        "Net sales": 2506002,
        "Cost of goods sold": 2488766,
        "Gross Profit": 17236,
        "Financial expenses": 30201,
        "Of which: Interest expense": 23325,
        "Cost of sales": 39362,
        "Enterprise cost management": 16696,
        "Total Operating Expenses": 86259,
        "Total revenue financing activities": 14491,
        "Net profit from business activities": -54578,
        "Profit": 15474,
        "Profit before tax": -39104,
        "Present corporate income tax expenses": 1604,
        "Deferred income taxes expenses": 44,
        "The interests of minority shareholders": 47,
        "Total Cost of profits": 1695,
        "Profit after tax corporate income": -40799,
        "Volume": 29511643,
        "Close of Quarter": 8.8,
        "EPS": -296,
        "Non-adjusted EPS": -296,
        "PE": -29.6,
        "Book Price": 17.8
      }
    },
    {
      "quarter": "Q4 2014",
      "income status": {
        "Net sales": 2910014,
        "Cost of goods sold": 2821006,
        "Gross Profit": 89008,
        "Financial expenses": 48061,
        "Of which: Interest expense": 29968,
        "Cost of sales": 44178,
        "Enterprise cost management": 19705,
        "Total Operating Expenses": 111944,
        "Total revenue financing activities": 26085,
        "Net profit from business activities": 5453,
        "Profit": 2131,
        "Profit before tax": 7583,
        "Present corporate income tax expenses": 2328,
        "Deferred income taxes expenses": -1040,
        "The interests of minority shareholders": 314,
        "Total Cost of profits": 1602,
        "Profit after tax corporate income": 5981,
        "Volume": 29511643,
        "Close of Quarter": 9.9,
        "EPS": 1130,
        "Non-adjusted EPS": 1130,
        "PE": 8.7,
        "Book Price": 19.7
      }
    },
    {
      "quarter": "Q3 2014",
      "income status": {
        "Net sales": 2641783,
        "Cost of goods sold": 2549681,
        "Gross Profit": 92102,
        "Financial expenses": 17736,
        "Of which: Interest expense": 17088,
        "Cost of sales": 39892,
        "Enterprise cost management": 25577,
        "Total Operating Expenses": 83205,
        "Total revenue financing activities": 10768,
        "Net profit from business activities": 19665,
        "Profit": 1921,
        "Profit before tax": 21585,
        "Present corporate income tax expenses": 3698,
        "Deferred income taxes expenses": -167,
        "The interests of minority shareholders": 138,
        "Total Cost of profits": 3669,
        "Profit after tax corporate income": 17916,
        "Volume": 29511643,
        "Close of Quarter": 9.4,
        "EPS": 1063,
        "Non-adjusted EPS": 1063,
        "PE": 8.8,
        "Book Price": 20
      }
    },
    {
      "quarter": "Q2 2014",
      "income status": {
        "Net sales": 3077357,
        "Cost of goods sold": 2997329,
        "Gross Profit": 80029,
        "Financial expenses": 27888,
        "Of which: Interest expense": 6010,
        "Cost of sales": 36870,
        "Enterprise cost management": 19284,
        "Total Operating Expenses": 84042,
        "Total revenue financing activities": 12146,
        "Net profit from business activities": 8481,
        "Profit": 3407,
        "Profit before tax": 11888,
        "Present corporate income tax expenses": 3455,
        "Deferred income taxes expenses": 257,
        "The interests of minority shareholders": -2,
        "Total Cost of profits": 3710,
        "Profit after tax corporate income": 8178,
        "Volume": 29511643,
        "Close of Quarter": 8.6,
        "EPS": 645,
        "Non-adjusted EPS": 645,
        "PE": 13.3,
        "Book Price": 19.3
      }
    },
    {
      "quarter": "Q1 2014",
      "income status": {
        "Net sales": 2282295,
        "Cost of goods sold": 2217354,
        "Gross Profit": 64942,
        "Financial expenses": 17142,
        "Of which: Interest expense": 12529,
        "Cost of sales": 32253,
        "Enterprise cost management": 19680,
        "Total Operating Expenses": 69075,
        "Total revenue financing activities": 6525,
        "Net profit from business activities": 2518,
        "Profit": 56,
        "Profit before tax": 2574,
        "Present corporate income tax expenses": 64,
        "Deferred income taxes expenses": 1490,
        "The interests of minority shareholders": -251,
        "Total Cost of profits": 1303,
        "Profit after tax corporate income": 1271,
        "Volume": 29511643,
        "Close of Quarter": 11.4,
        "EPS": -539,
        "Non-adjusted EPS": -539,
        "PE": -21.1,
        "Book Price": 19.1
      }
    },
    {
      "quarter": "Q4 2013",
      "income status": {
        "Net sales": 2261832,
        "Cost of goods sold": 2192835,
        "Gross Profit": 68997,
        "Financial expenses": 23777,
        "Of which: Interest expense": 17517,
        "Cost of sales": 34081,
        "Enterprise cost management": 20587,
        "Total Operating Expenses": 78445,
        "Total revenue financing activities": 18677,
        "Net profit from business activities": 9230,
        "Profit": -4795,
        "Profit before tax": 5235,
        "Present corporate income tax expenses": -452,
        "Deferred income taxes expenses": 1589,
        "The interests of minority shareholders": 100,
        "Total Cost of profits": 1237,
        "Profit after tax corporate income": 3998,
        "Volume": 29511643,
        "Close of Quarter": 10.8,
        "EPS": 946,
        "Non-adjusted EPS": 946,
        "PE": 11.4,
        "Book Price": 19.3
      }
    },
    {
      "quarter": "Q3 2013",
      "income status": {
        "Net sales": 2416610,
        "Cost of goods sold": 2338284,
        "Gross Profit": 78326,
        "Financial expenses": 36391,
        "Of which: Interest expense": 18852,
        "Cost of sales": 41480,
        "Enterprise cost management": 15526,
        "Total Operating Expenses": 93397,
        "Total revenue financing activities": 17006,
        "Net profit from business activities": 1935,
        "Profit": 3877,
        "Profit before tax": 6384,
        "Present corporate income tax expenses": 1350,
        "Deferred income taxes expenses": "N/A",
        "The interests of minority shareholders": -543,
        "Total Cost of profits": 807,
        "Profit after tax corporate income": 5577,
        "Volume": 29511643,
        "Close of Quarter": 10.6,
        "EPS": 1412,
        "Non-adjusted EPS": 1412,
        "PE": 7.5,
        "Book Price": 19.2
      }
    },
    {
      "quarter": "Q2 2013",
      "income status": {
        "Net sales": 2462308,
        "Cost of goods sold": 2430082,
        "Gross Profit": 32226,
        "Financial expenses": 30590,
        "Of which: Interest expense": 21468,
        "Cost of sales": 22148,
        "Enterprise cost management": 14288,
        "Total Operating Expenses": 67026,
        "Total revenue financing activities": 5322,
        "Net profit from business activities": -29478,
        "Profit": 619,
        "Profit before tax": -28346,
        "Present corporate income tax expenses": 66,
        "Deferred income taxes expenses": -1154,
        "The interests of minority shareholders": -492,
        "Total Cost of profits": -1580,
        "Profit after tax corporate income": -26766,
        "Volume": 29511643,
        "Close of Quarter": 13.1,
        "EPS": 2613,
        "Non-adjusted EPS": 2613,
        "PE": 5,
        "Book Price": 19.5
      }
    },
    {
      "quarter": "Q1 2013",
      "income status": {
        "Net sales": 2510033,
        "Cost of goods sold": 2408548,
        "Gross Profit": 101484,
        "Financial expenses": 15232,
        "Of which: Interest expense": 11597,
        "Cost of sales": 21759,
        "Enterprise cost management": 16038,
        "Total Operating Expenses": 53029,
        "Total revenue financing activities": 4413,
        "Net profit from business activities": 52868,
        "Profit": -660,
        "Profit before tax": 52208,
        "Present corporate income tax expenses": 7041,
        "Deferred income taxes expenses": "N/A",
        "The interests of minority shareholders": 45,
        "Total Cost of profits": 7086,
        "Profit after tax corporate income": 45122,
        "Volume": 29511643,
        "Close of Quarter": 12.2,
        "EPS": 4221,
        "Non-adjusted EPS": 4221,
        "PE": 2.9,
        "Book Price": 20.4
      }
    },
    {
      "quarter": "Q4 2012",
      "income status": {
        "Net sales": 2201944,
        "Cost of goods sold": 2132778,
        "Gross Profit": 69166,
        "Financial expenses": 19059,
        "Of which: Interest expense": 14668,
        "Cost of sales": 21850,
        "Enterprise cost management": 28637,
        "Total Operating Expenses": 69546,
        "Total revenue financing activities": 13026,
        "Net profit from business activities": 12646,
        "Profit": 10389,
        "Profit before tax": 22996,
        "Present corporate income tax expenses": 4383,
        "Deferred income taxes expenses": 209,
        "The interests of minority shareholders": 658,
        "Total Cost of profits": 5250,
        "Profit after tax corporate income": 17745,
        "Volume": 29511643,
        "Close of Quarter": 9.9,
        "EPS": 3141,
        "Non-adjusted EPS": 3141,
        "PE": 3.1,
        "Book Price": 19.5
      }
    },
    {
      "quarter": "Q3 2012",
      "income status": {
        "Net sales": 6759603,
        "Cost of goods sold": 6586082,
        "Gross Profit": 173521,
        "Financial expenses": 61666,
        "Of which: Interest expense": 53300,
        "Cost of sales": 57257,
        "Enterprise cost management": 40843,
        "Total Operating Expenses": 159766,
        "Total revenue financing activities": 18967,
        "Net profit from business activities": 32723,
        "Profit": 19443,
        "Profit before tax": 52143,
        "Present corporate income tax expenses": 11016,
        "Deferred income taxes expenses": "N/A",
        "The interests of minority shareholders": 100,
        "Total Cost of profits": 11116,
        "Profit after tax corporate income": 41027,
        "Volume": 29511643,
        "Close of Quarter": 10.6,
        "EPS": 2571,
        "Non-adjusted EPS": 2571,
        "PE": 4.1,
        "Book Price": 18.9
      }
    },
    {
      "quarter": "Q2 2012",
      "income status": {
        "Net sales": 2646496,
        "Cost of goods sold": 2578284,
        "Gross Profit": 68212,
        "Financial expenses": 20426,
        "Of which: Interest expense": 18805,
        "Cost of sales": 19909,
        "Enterprise cost management": 17356,
        "Total Operating Expenses": 57691,
        "Total revenue financing activities": 6558,
        "Net profit from business activities": 17080,
        "Profit": 10540,
        "Profit before tax": 27617,
        "Present corporate income tax expenses": 6896,
        "Deferred income taxes expenses": "N/A",
        "The interests of minority shareholders": 53,
        "Total Cost of profits": 6949,
        "Profit after tax corporate income": 20668,
        "Volume": 29511643,
        "Close of Quarter": 9.8,
        "EPS": 1970,
        "Non-adjusted EPS": 1970,
        "PE": 5.0,
        "Book Price": 19.9
      }
    },
    {
      "quarter": "Q1 2012",
      "income status": {
        "Net sales": 1887773,
        "Cost of goods sold": 1826790,
        "Gross Profit": 60984,
        "Financial expenses": 25832,
        "Of which: Interest expense": 21817,
        "Cost of sales": 17165,
        "Enterprise cost management": 11656,
        "Total Operating Expenses": 54653,
        "Total revenue financing activities": 6123,
        "Net profit from business activities": 12454,
        "Profit": 3481,
        "Profit before tax": 15934,
        "Present corporate income tax expenses": 2594,
        "Deferred income taxes expenses": "N/A",
        "The interests of minority shareholders": 47,
        "Total Cost of profits": 2641,
        "Profit after tax corporate income": 13247,
        "Volume": 29511643,
        "Close of Quarter": 7.5,
        "EPS": 1872,
        "Non-adjusted EPS": 1872,
        "PE": 4.0,
        "Book Price": 19.2
      }
    },
    {
      "quarter": "Q4 2011",
      "income status": {
        "Net sales": 2240312,
        "Cost of goods sold": 2167942,
        "Gross Profit": 72370,
        "Financial expenses": 43256,
        "Of which: Interest expense": 17673,
        "Cost of sales": 21082,
        "Enterprise cost management": 21264,
        "Total Operating Expenses": 85602,
        "Total revenue financing activities": 5359,
        "Net profit from business activities": -7873,
        "Profit": 8577,
        "Profit before tax": 705,
        "Present corporate income tax expenses": -993,
        "Deferred income taxes expenses": 750,
        "The interests of minority shareholders": 5,
        "Total Cost of profits": -238,
        "Profit after tax corporate income": 943,
        "Volume": 24593387,
        "Close of Quarter": 5.4,
        "EPS": 2473.4,
        "Non-adjusted EPS": 2968,
        "PE": 1.8,
        "Book Price": 19.5
      }
    },
    {
      "quarter": "Q3 2011",
      "income status": {
        "Net sales": 2220811,
        "Cost of goods sold": 2155548,
        "Gross Profit": 65263,
        "Financial expenses": 21857,
        "Of which: Interest expense": 15122,
        "Cost of sales": 21506,
        "Enterprise cost management": 10649,
        "Total Operating Expenses": 54012,
        "Total revenue financing activities": 13216,
        "Net profit from business activities": 24467,
        "Profit": 3533,
        "Profit before tax": 28000,
        "Present corporate income tax expenses": 4392,
        "Deferred income taxes expenses": "N/A",
        "The interests of minority shareholders": 331,
        "Total Cost of profits": 4723,
        "Profit after tax corporate income": 23277,
        "Volume": 24593387,
        "Close of Quarter": 8.5,
        "EPS": 2885.0,
        "Non-adjusted EPS": 3462,
        "PE": 2.5,
        "Book Price": 19.7
      }
    },
    {
      "quarter": "Q2 2011",
      "income status": {
        "Net sales": 2375281,
        "Cost of goods sold": 2294488,
        "Gross Profit": 80793,
        "Financial expenses": 40254,
        "Of which: Interest expense": "N/A",
        "Cost of sales": 20895,
        "Enterprise cost management": 13611,
        "Total Operating Expenses": 74760,
        "Total revenue financing activities": 9312,
        "Net profit from business activities": 15346,
        "Profit": 6288,
        "Profit before tax": 21634,
        "Present corporate income tax expenses": 3774,
        "Deferred income taxes expenses": "N/A",
        "The interests of minority shareholders": 79,
        "Total Cost of profits": 3853,
        "Profit after tax corporate income": 17781,
        "Volume": 24593387,
        "Close of Quarter": 8.5,
        "EPS": 2690.9,
        "Non-adjusted EPS": 3229,
        "PE": 2.6,
        "Book Price": 19.5
      }
    },
    {
      "quarter": "Q1 2011",
      "income status": {
        "Net sales": 2104794,
        "Cost of goods sold": 2006775,
        "Gross Profit": 98018,
        "Financial expenses": 40277,
        "Of which: Interest expense": -35855,
        "Cost of sales": 18864,
        "Enterprise cost management": 12117,
        "Total Operating Expenses": 71258,
        "Total revenue financing activities": 8175,
        "Net profit from business activities": 34935,
        "Profit": 1742,
        "Profit before tax": 36677,
        "Present corporate income tax expenses": 5284,
        "Deferred income taxes expenses": "N/A",
        "The interests of minority shareholders": 409,
        "Total Cost of profits": 5693,
        "Profit after tax corporate income": 30984,
        "Volume": 24593387,
        "Close of Quarter": 10.3,
        "EPS": 3183.4,
        "Non-adjusted EPS": 3820,
        "PE": 2.7,
        "Book Price": 19
      }
    },
    {
      "quarter": "Q4 2010",
      "income status": {
        "Net sales": 2276655,
        "Cost of goods sold": 2212793,
        "Gross Profit": 63862,
        "Financial expenses": 22695,
        "Of which: Interest expense": 22032,
        "Cost of sales": 20296,
        "Enterprise cost management": 11405,
        "Total Operating Expenses": 54396,
        "Total revenue financing activities": 5931,
        "Net profit from business activities": 15397,
        "Profit": 5408,
        "Profit before tax": 20805,
        "Present corporate income tax expenses": 7576,
        "Deferred income taxes expenses": "N/A",
        "The interests of minority shareholders": 130,
        "Total Cost of profits": 7706,
        "Profit after tax corporate income": 13099,
        "Volume": 24593387,
        "Close of Quarter": 12.2,
        "EPS": 2766.7,
        "Non-adjusted EPS": 3320,
        "PE": 3.7,
        "Book Price": 18.4
      }
    },
    {
      "quarter": "Q3 2010",
      "income status": {
        "Net sales": 1729331,
        "Cost of goods sold": 1676017,
        "Gross Profit": 53315,
        "Financial expenses": 16941,
        "Of which: Interest expense": 16806,
        "Cost of sales": 14659,
        "Enterprise cost management": 6959,
        "Total Operating Expenses": 38559,
        "Total revenue financing activities": 4194,
        "Net profit from business activities": 18949,
        "Profit": 1223,
        "Profit before tax": 20172,
        "Present corporate income tax expenses": 2605,
        "Deferred income taxes expenses": "N/A",
        "The interests of minority shareholders": 14,
        "Total Cost of profits": 2619,
        "Profit after tax corporate income": 17553,
        "Volume": 14652745,
        "Close of Quarter": 12.9,
        "EPS": 2957.7,
        "Non-adjusted EPS": 5957,
        "PE": 2.2,
        "Book Price": 12.3
      }
    },
    {
      "quarter": "Q2 2010",
      "income status": {
        "Net sales": 1661219,
        "Cost of goods sold": 1583627,
        "Gross Profit": 77593,
        "Financial expenses": 22010,
        "Of which: Interest expense": 21403,
        "Cost of sales": 17757,
        "Enterprise cost management": 7757,
        "Total Operating Expenses": 47524,
        "Total revenue financing activities": 7532,
        "Net profit from business activities": 37601,
        "Profit": 200,
        "Profit before tax": 37801,
        "Present corporate income tax expenses": 4917,
        "Deferred income taxes expenses": "N/A",
        "The interests of minority shareholders": 562,
        "Total Cost of profits": 5479,
        "Profit after tax corporate income": 32322,
        "Volume": 14652745,
        "Close of Quarter": 14.4,
        "EPS": 3278.4,
        "Non-adjusted EPS": 6603,
        "PE": 2.2,
        "Book Price": 11.6
      }
    },
    {
      "quarter": "Q1 2010",
      "income status": {
        "Net sales": 1182972,
        "Cost of goods sold": 1129728,
        "Gross Profit": 53243,
        "Financial expenses": 21517,
        "Of which: Interest expense": 17094,
        "Cost of sales": 12651,
        "Enterprise cost management": 6993,
        "Total Operating Expenses": 41161,
        "Total revenue financing activities": 8317,
        "Net profit from business activities": 20399,
        "Profit": 637,
        "Profit before tax": 21037,
        "Present corporate income tax expenses": 2455,
        "Deferred income taxes expenses": "N/A",
        "The interests of minority shareholders": -84,
        "Total Cost of profits": 2371,
        "Profit after tax corporate income": 18666,
        "Volume": 14652745,
        "Close of Quarter": 15.1,
        "EPS": 2802.3,
        "Non-adjusted EPS": 5644,
        "PE": 2.7,
        "Book Price": 10.8
      }
    },
    {
      "quarter": "Q4 2009",
      "income status": {
        "Net sales": 1568255,
        "Cost of goods sold": 1522942,
        "Gross Profit": 45312,
        "Financial expenses": 16591,
        "Of which: Interest expense": "N/A",
        "Cost of sales": 14956,
        "Enterprise cost management": 13096,
        "Total Operating Expenses": 44643,
        "Total revenue financing activities": 19571,
        "Net profit from business activities": 20240,
        "Profit": 1605,
        "Profit before tax": 21846,
        "Present corporate income tax expenses": 3094,
        "Deferred income taxes expenses": "N/A",
        "The interests of minority shareholders": 10,
        "Total Cost of profits": 3104,
        "Profit after tax corporate income": 18741,
        "Volume": 14652745,
        "Close of Quarter": 14.5,
        "EPS": 2482.5,
        "Non-adjusted EPS": 5000,
        "PE": 2.9,
        "Book Price": 10.6
      }
    },
    {
      "quarter": "Q3 2009",
      "income status": {
        "Net sales": 1522747,
        "Cost of goods sold": 1487289,
        "Gross Profit": 35458,
        "Financial expenses": 6859,
        "Of which: Interest expense": 5686,
        "Cost of sales": 11638,
        "Enterprise cost management": 5036,
        "Total Operating Expenses": 23533,
        "Total revenue financing activities": 14411,
        "Net profit from business activities": 26336,
        "Profit": 3765,
        "Profit before tax": 30101,
        "Present corporate income tax expenses": 2767,
        "Deferred income taxes expenses": "N/A",
        "The interests of minority shareholders": 307,
        "Total Cost of profits": 3074,
        "Profit after tax corporate income": 27028,
        "Volume": 14652745,
        "Close of Quarter": 18.6,
        "EPS": 2258.1,
        "Non-adjusted EPS": 4548,
        "PE": 4.1,
        "Book Price": 9.9
      }
    },
    {
      "quarter": "Q2 2009",
      "income status": {
        "Net sales": 1280572,
        "Cost of goods sold": 1239457,
        "Gross Profit": 41115,
        "Financial expenses": 5764,
        "Of which: Interest expense": 4329,
        "Cost of sales": 14069,
        "Enterprise cost management": 3957,
        "Total Operating Expenses": 23790,
        "Total revenue financing activities": 3255,
        "Net profit from business activities": 20581,
        "Profit": 362,
        "Profit before tax": 20943,
        "Present corporate income tax expenses": 2497,
        "Deferred income taxes expenses": "N/A",
        "The interests of minority shareholders": 176,
        "Total Cost of profits": 2673,
        "Profit after tax corporate income": 18270,
        "Volume": 10990059,
        "Close of Quarter": 12.1,
        "EPS": 1982.3,
        "Non-adjusted EPS": 5323,
        "PE": 2.3,
        "Book Price": 9.1
      }
    },
    {
      "quarter": "Q1 2009",
      "income status": {
        "Net sales": 845589,
        "Cost of goods sold": 826726,
        "Gross Profit": 18863,
        "Financial expenses": 4865,
        "Of which: Interest expense": 4552,
        "Cost of sales": 4506,
        "Enterprise cost management": 5249,
        "Total Operating Expenses": 14620,
        "Total revenue financing activities": 5311,
        "Net profit from business activities": 9555,
        "Profit": 313,
        "Profit before tax": 9867,
        "Present corporate income tax expenses": 635,
        "Deferred income taxes expenses": "N/A",
        "The interests of minority shareholders": 1,
        "Total Cost of profits": 636,
        "Profit after tax corporate income": 9231,
        "Volume": 10990059,
        "Close of Quarter": 6.3,
        "EPS": 2059.0,
        "Non-adjusted EPS": 5529,
        "PE": 1.1,
        "Book Price": 8.9
      }
    },
    {
      "quarter": "Q4 2008",
      "income status": {
        "Net sales": 993271,
        "Cost of goods sold": 955454,
        "Gross Profit": 37817,
        "Financial expenses": 5482,
        "Of which: Interest expense": "N/A",
        "Cost of sales": 8637,
        "Enterprise cost management": 6287,
        "Total Operating Expenses": 20406,
        "Total revenue financing activities": -6001,
        "Net profit from business activities": 11410,
        "Profit": 2265,
        "Profit before tax": 13675,
        "Present corporate income tax expenses": 1461,
        "Deferred income taxes expenses": "N/A",
        "The interests of minority shareholders": 109,
        "Total Cost of profits": 1570,
        "Profit after tax corporate income": 12105,
        "Volume": 10994291,
        "Close of Quarter": 7.1,
        "EPS": 2430.5,
        "Non-adjusted EPS": 6524,
        "PE": 1.1,
        "Book Price": 8.1
      }
    },
    {
      "quarter": "Q3 2008",
      "income status": {
        "Net sales": 911619,
        "Cost of goods sold": 860982,
        "Gross Profit": 50637,
        "Financial expenses": 10546,
        "Of which: Interest expense": 10167,
        "Cost of sales": 12621,
        "Enterprise cost management": 4491,
        "Total Operating Expenses": 27658,
        "Total revenue financing activities": -620,
        "Net profit from business activities": 22359,
        "Profit": -362,
        "Profit before tax": 21997,
        "Present corporate income tax expenses": 3105,
        "Deferred income taxes expenses": "N/A",
        "The interests of minority shareholders": "N/A",
        "Total Cost of profits": 3105,
        "Profit after tax corporate income": 18892,
        "Volume": 10994291,
        "Close of Quarter": 10.2,
        "EPS": 2551.5,
        "Non-adjusted EPS": 6849,
        "PE": 1.5,
        "Book Price": 8.5
      }
    },
    {
      "quarter": "Q2 2008",
      "income status": {
        "Net sales": 1270019,
        "Cost of goods sold": 1230342,
        "Gross Profit": 39677,
        "Financial expenses": 6464,
        "Of which: Interest expense": "N/A",
        "Cost of sales": 9558,
        "Enterprise cost management": 1704,
        "Total Operating Expenses": 17726,
        "Total revenue financing activities": 1754,
        "Net profit from business activities": 23704,
        "Profit": 231,
        "Profit before tax": 23935,
        "Present corporate income tax expenses": 3395,
        "Deferred income taxes expenses": "N/A",
        "The interests of minority shareholders": "N/A",
        "Total Cost of profits": 3395,
        "Profit after tax corporate income": 20540,
        "Volume": 10994291,
        "Close of Quarter": 9.6,
        "EPS": 2339.2,
        "Non-adjusted EPS": 6279,
        "PE": 1.5,
        "Book Price": 8.2
      }
    },
    {
      "quarter": "Q1 2008",
      "income status": {
        "Net sales": 1007926,
        "Cost of goods sold": 965101,
        "Gross Profit": 42825,
        "Financial expenses": 6591,
        "Of which: Interest expense": "N/A",
        "Cost of sales": 8602,
        "Enterprise cost management": 6523,
        "Total Operating Expenses": 21716,
        "Total revenue financing activities": 1499,
        "Net profit from business activities": 22608,
        "Profit": 971,
        "Profit before tax": 23579,
        "Present corporate income tax expenses": 3387,
        "Deferred income taxes expenses": "N/A",
        "The interests of minority shareholders": "N/A",
        "Total Cost of profits": 3387,
        "Profit after tax corporate income": 20192,
        "Volume": 10994291,
        "Close of Quarter": 14.3,
        "EPS": 1968.9,
        "Non-adjusted EPS": 5285,
        "PE": 2.7,
        "Book Price": 7.7
      }
    },
    {
      "quarter": "Q4 2007",
      "income status": {
        "Net sales": 984281,
        "Cost of goods sold": 953914,
        "Gross Profit": 30367,
        "Financial expenses": 4743,
        "Of which: Interest expense": "N/A",
        "Cost of sales": 8310,
        "Enterprise cost management": 2109,
        "Total Operating Expenses": 15162,
        "Total revenue financing activities": 3176,
        "Net profit from business activities": 18381,
        "Profit": 544,
        "Profit before tax": 18925,
        "Present corporate income tax expenses": 3254,
        "Deferred income taxes expenses": "N/A",
        "The interests of minority shareholders": "N/A",
        "Total Cost of profits": 3254,
        "Profit after tax corporate income": 15671,
        "Volume": 9997296,
        "Close of Quarter": 17.7,
        "EPS": 1562.4,
        "Non-adjusted EPS": 4612,
        "PE": 3.8,
        "Book Price": 7.1
      }
    },
    {
      "quarter": "Q3 2007",
      "income status": {
        "Net sales": 738355,
        "Cost of goods sold": 720607,
        "Gross Profit": 17749,
        "Financial expenses": 4985,
        "Of which: Interest expense": 4662,
        "Cost of sales": 5687,
        "Enterprise cost management": 1322,
        "Total Operating Expenses": 11994,
        "Total revenue financing activities": 8565,
        "Net profit from business activities": 14319,
        "Profit": 133,
        "Profit before tax": 14452,
        "Present corporate income tax expenses": 1827,
        "Deferred income taxes expenses": "N/A",
        "The interests of minority shareholders": "N/A",
        "Total Cost of profits": 1827,
        "Profit after tax corporate income": 12626,
        "Volume": 7499937,
        "Close of Quarter": 15.5,
        "EPS": 1239.2,
        "Non-adjusted EPS": 4876,
        "PE": 3.2,
        "Book Price": 4.3
      }
    },
    {
      "quarter": "Q2 2007",
      "income status": {
        "Net sales": 790341,
        "Cost of goods sold": 773362,
        "Gross Profit": 16979,
        "Financial expenses": 4547,
        "Of which: Interest expense": 4291,
        "Cost of sales": 4868,
        "Enterprise cost management": 1618,
        "Total Operating Expenses": 11033,
        "Total revenue financing activities": 4968,
        "Net profit from business activities": 10915,
        "Profit": 216,
        "Profit before tax": 11131,
        "Present corporate income tax expenses": 1516,
        "Deferred income taxes expenses": "N/A",
        "The interests of minority shareholders": "N/A",
        "Total Cost of profits": 1516,
        "Profit after tax corporate income": 9615,
        "Volume": 7499937,
        "Close of Quarter": 13.4,
        "EPS": 996.2,
        "Non-adjusted EPS": 3920,
        "PE": 3.4,
        "Book Price": 3.9
      }
    },
    {
      "quarter": "Q1 2007",
      "income status": {
        "Net sales": 531331,
        "Cost of goods sold": 518366,
        "Gross Profit": 12966,
        "Financial expenses": 3829,
        "Of which: Interest expense": 3717,
        "Cost of sales": 3899,
        "Enterprise cost management": 1536,
        "Total Operating Expenses": 9264,
        "Total revenue financing activities": 5419,
        "Net profit from business activities": 9121,
        "Profit": 181,
        "Profit before tax": 9302,
        "Present corporate income tax expenses": 1108,
        "Deferred income taxes expenses": "N/A",
        "The interests of minority shareholders": "N/A",
        "Total Cost of profits": 1108,
        "Profit after tax corporate income": 8195,
        "Volume": 6000000,
        "Close of Quarter": 14.7,
        "EPS": 849.2,
        "Non-adjusted EPS": 4177,
        "PE": 3.5,
        "Book Price": 3.5
      }
    },
    {
      "quarter": "Q4 2006",
      "income status": {
        "Net sales": 527489,
        "Cost of goods sold": 519649,
        "Gross Profit": 7840,
        "Financial expenses": 3032,
        "Of which: Interest expense": 1899,
        "Cost of sales": 3062,
        "Enterprise cost management": 1404,
        "Total Operating Expenses": 7498,
        "Total revenue financing activities": 4871,
        "Net profit from business activities": 5213,
        "Profit": 983,
        "Profit before tax": 6197,
        "Present corporate income tax expenses": 61,
        "Deferred income taxes expenses": "N/A",
        "The interests of minority shareholders": "N/A",
        "Total Cost of profits": 61,
        "Profit after tax corporate income": 6135,
        "Volume": 6000000,
        "Close of Quarter": 7.8,
        "EPS": 751.8,
        "Non-adjusted EPS": 3698,
        "PE": 2.1,
        "Book Price": 3.5
      }
    },
    {
      "quarter": "Q3 2006",
      "income status": {
        "Net sales": 437365,
        "Cost of goods sold": 427973,
        "Gross Profit": 9392,
        "Financial expenses": 2554,
        "Of which: Interest expense": 2491,
        "Cost of sales": 2747,
        "Enterprise cost management": 927,
        "Total Operating Expenses": 6228,
        "Total revenue financing activities": 2138,
        "Net profit from business activities": 5303,
        "Profit": 154,
        "Profit before tax": 5457,
        "Present corporate income tax expenses": "N/A",
        "Deferred income taxes expenses": "N/A",
        "The interests of minority shareholders": "N/A",
        "Total Cost of profits": 0,
        "Profit after tax corporate income": 5457,
        "Volume": 6000000,
        "Close of Quarter": "N/A",
        "EPS": 543.9,
        "Non-adjusted EPS": 2675,
        "PE": "N/A",
        "Book Price": 3.3
      }
    },
    {
      "quarter": "Q2 2006",
      "income status": {
        "Net sales": 518888,
        "Cost of goods sold": 509796,
        "Gross Profit": 9091,
        "Financial expenses": 2150,
        "Of which: Interest expense": 2044,
        "Cost of sales": 2661,
        "Enterprise cost management": 1077,
        "Total Operating Expenses": 5888,
        "Total revenue financing activities": 1954,
        "Net profit from business activities": 5157,
        "Profit": 119,
        "Profit before tax": 5275,
        "Present corporate income tax expenses": "N/A",
        "Deferred income taxes expenses": "N/A",
        "The interests of minority shareholders": "N/A",
        "Total Cost of profits": 0,
        "Profit after tax corporate income": 5275,
        "Volume": 6000000,
        "Close of Quarter": "N/A",
        "EPS": 359.0,
        "Non-adjusted EPS": 1766,
        "PE": "N/A",
        "Book Price": 1.7
      }
    },
    {
      "quarter": "Q1 2006",
      "income status": {
        "Net sales": 425856,
        "Cost of goods sold": 418769,
        "Gross Profit": 7087,
        "Financial expenses": 1842,
        "Of which: Interest expense": 1818,
        "Cost of sales": 2193,
        "Enterprise cost management": 745,
        "Total Operating Expenses": 4780,
        "Total revenue financing activities": 2887,
        "Net profit from business activities": 5193,
        "Profit": 126,
        "Profit before tax": 5320,
        "Present corporate income tax expenses": "N/A",
        "Deferred income taxes expenses": "N/A",
        "The interests of minority shareholders": "N/A",
        "Total Cost of profits": 0,
        "Profit after tax corporate income": 5320,
        "Volume": 6000000,
        "Close of Quarter": "N/A",
        "EPS": 180.3,
        "Non-adjusted EPS": 887,
        "PE": "N/A",
        "Book Price": "N/A"
      }
    }
  ]
}