{
  "ticker": "DAD",
  "data": [
    {
      "quarter": "Q1 2017",
      "income status": {
        "Net sales": 15892,
        "Cost of goods sold": 13099,
        "Gross Profit": 2793,
        "Financial expenses": 257,
        "Of which: Interest expense": 257,
        "Cost of sales": 702,
        "Enterprise cost management": 1557,
        "Total Operating Expenses": 2516,
        "Total revenue financing activities": 220,
        "Net profit from business activities": 498,
        "Profit": "N/A",
        "Profit before tax": 498,
        "Present corporate income tax expenses": 76,
        "Deferred income taxes expenses": "N/A",
        "The interests of minority shareholders": "N/A",
        "Total Cost of profits": 76,
        "Profit after tax corporate income": 422,
        "Volume": 4988000,
        "Close of Quarter": 16.4,
        "EPS": 2658,
        "Non-adjusted EPS": 2658,
        "PE": 6.2,
        "Book Price": 14.2
      }
    },
    {
      "quarter": "Q4 2016",
      "income status": {
        "Net sales": 3347,
        "Cost of goods sold": 422,
        "Gross Profit": 2924,
        "Financial expenses": 43,
        "Of which: Interest expense": 64,
        "Cost of sales": 1693,
        "Enterprise cost management": 2757,
        "Total Operating Expenses": 4493,
        "Total revenue financing activities": 4,
        "Net profit from business activities": -1565,
        "Profit": "N/A",
        "Profit before tax": -1565,
        "Present corporate income tax expenses": -31,
        "Deferred income taxes expenses": "N/A",
        "The interests of minority shareholders": "N/A",
        "Total Cost of profits": -31,
        "Profit after tax corporate income": -1534,
        "Volume": 4988000,
        "Close of Quarter": 17,
        "EPS": 2657,
        "Non-adjusted EPS": 2657,
        "PE": 6.4,
        "Book Price": 15.7
      }
    },
    {
      "quarter": "Q3 2016",
      "income status": {
        "Net sales": 32537,
        "Cost of goods sold": 23428,
        "Gross Profit": 9110,
        "Financial expenses": 561,
        "Of which: Interest expense": 69,
        "Cost of sales": 3440,
        "Enterprise cost management": 2419,
        "Total Operating Expenses": 6420,
        "Total revenue financing activities": 19,
        "Net profit from business activities": 2709,
        "Profit": -10,
        "Profit before tax": 2699,
        "Present corporate income tax expenses": 540,
        "Deferred income taxes expenses": "N/A",
        "The interests of minority shareholders": "N/A",
        "Total Cost of profits": 540,
        "Profit after tax corporate income": 2159,
        "Volume": 4988000,
        "Close of Quarter": 15.7,
        "EPS": 3014,
        "Non-adjusted EPS": 3014,
        "PE": 5.2,
        "Book Price": 15.9
      }
    },
    {
      "quarter": "Q2 2016",
      "income status": {
        "Net sales": 70633,
        "Cost of goods sold": 43556,
        "Gross Profit": 27076,
        "Financial expenses": 632,
        "Of which: Interest expense": 236,
        "Cost of sales": 6226,
        "Enterprise cost management": 5388,
        "Total Operating Expenses": 12246,
        "Total revenue financing activities": 477,
        "Net profit from business activities": 15307,
        "Profit": 2,
        "Profit before tax": 15309,
        "Present corporate income tax expenses": 3097,
        "Deferred income taxes expenses": "N/A",
        "The interests of minority shareholders": "N/A",
        "Total Cost of profits": 3097,
        "Profit after tax corporate income": 12212,
        "Volume": 4988000,
        "Close of Quarter": 15.9,
        "EPS": 3590,
        "Non-adjusted EPS": 3590,
        "PE": 4.4,
        "Book Price": 15.6
      }
    },
    {
      "quarter": "Q1 2016",
      "income status": {
        "Net sales": 19497,
        "Cost of goods sold": 16480,
        "Gross Profit": 3017,
        "Financial expenses": 211,
        "Of which: Interest expense": 202,
        "Cost of sales": 772,
        "Enterprise cost management": 1624,
        "Total Operating Expenses": 2607,
        "Total revenue financing activities": 120,
        "Net profit from business activities": 530,
        "Profit": "N/A",
        "Profit before tax": 530,
        "Present corporate income tax expenses": 117,
        "Deferred income taxes expenses": "N/A",
        "The interests of minority shareholders": "N/A",
        "Total Cost of profits": 117,
        "Profit after tax corporate income": 414,
        "Volume": 4988000,
        "Close of Quarter": 16.2,
        "EPS": 2635,
        "Non-adjusted EPS": 2635,
        "PE": 6.2,
        "Book Price": 13.6
      }
    },
    {
      "quarter": "Q4 2015",
      "income status": {
        "Net sales": 2354,
        "Cost of goods sold": -3669,
        "Gross Profit": 6023,
        "Financial expenses": -64,
        "Of which: Interest expense": 8,
        "Cost of sales": 2664,
        "Enterprise cost management": 3281,
        "Total Operating Expenses": 5881,
        "Total revenue financing activities": 175,
        "Net profit from business activities": 318,
        "Profit": "N/A",
        "Profit before tax": 318,
        "Present corporate income tax expenses": 70,
        "Deferred income taxes expenses": "N/A",
        "The interests of minority shareholders": "N/A",
        "Total Cost of profits": 70,
        "Profit after tax corporate income": 248,
        "Volume": 4988000,
        "Close of Quarter": 13.9,
        "EPS": 2633,
        "Non-adjusted EPS": 2633,
        "PE": 5.3,
        "Book Price": 13.5
      }
    },
    {
      "quarter": "Q3 2015",
      "income status": {
        "Net sales": 40499,
        "Cost of goods sold": 29370,
        "Gross Profit": 11129,
        "Financial expenses": 328,
        "Of which: Interest expense": "N/A",
        "Cost of sales": 2375,
        "Enterprise cost management": 2124,
        "Total Operating Expenses": 4827,
        "Total revenue financing activities": 63,
        "Net profit from business activities": 6365,
        "Profit": 87,
        "Profit before tax": 6452,
        "Present corporate income tax expenses": 1419,
        "Deferred income taxes expenses": "N/A",
        "The interests of minority shareholders": "N/A",
        "Total Cost of profits": 1419,
        "Profit after tax corporate income": 5032,
        "Volume": 4988000,
        "Close of Quarter": 12.4,
        "EPS": 2624,
        "Non-adjusted EPS": 2624,
        "PE": 4.7,
        "Book Price": 15.1
      }
    },
    {
      "quarter": "Q2 2015",
      "income status": {
        "Net sales": 67942,
        "Cost of goods sold": 52257,
        "Gross Profit": 15684,
        "Financial expenses": 353,
        "Of which: Interest expense": 143,
        "Cost of sales": 2740,
        "Enterprise cost management": 3066,
        "Total Operating Expenses": 6159,
        "Total revenue financing activities": 101,
        "Net profit from business activities": 9625,
        "Profit": "N/A",
        "Profit before tax": 9625,
        "Present corporate income tax expenses": 2178,
        "Deferred income taxes expenses": "N/A",
        "The interests of minority shareholders": "N/A",
        "Total Cost of profits": 2178,
        "Profit after tax corporate income": 7447,
        "Volume": 4988000,
        "Close of Quarter": 13.3,
        "EPS": 2471,
        "Non-adjusted EPS": 2471,
        "PE": 5.4,
        "Book Price": 14.2
      }
    },
    {
      "quarter": "Q1 2015",
      "income status": {
        "Net sales": 19502,
        "Cost of goods sold": 16361,
        "Gross Profit": 3140,
        "Financial expenses": 468,
        "Of which: Interest expense": 368,
        "Cost of sales": 876,
        "Enterprise cost management": 1792,
        "Total Operating Expenses": 3136,
        "Total revenue financing activities": 509,
        "Net profit from business activities": 513,
        "Profit": 7,
        "Profit before tax": 520,
        "Present corporate income tax expenses": 114,
        "Deferred income taxes expenses": "N/A",
        "The interests of minority shareholders": "N/A",
        "Total Cost of profits": 114,
        "Profit after tax corporate income": 406,
        "Volume": 4988000,
        "Close of Quarter": 11.8,
        "EPS": 2380,
        "Non-adjusted EPS": 2380,
        "PE": 5.0,
        "Book Price": 12.9
      }
    },
    {
      "quarter": "Q4 2014",
      "income status": {
        "Net sales": 2491,
        "Cost of goods sold": -1164,
        "Gross Profit": 3655,
        "Financial expenses": 481,
        "Of which: Interest expense": 138,
        "Cost of sales": 1224,
        "Enterprise cost management": 2043,
        "Total Operating Expenses": 3748,
        "Total revenue financing activities": 356,
        "Net profit from business activities": 263,
        "Profit": "N/A",
        "Profit before tax": 263,
        "Present corporate income tax expenses": 58,
        "Deferred income taxes expenses": "N/A",
        "The interests of minority shareholders": "N/A",
        "Total Cost of profits": 58,
        "Profit after tax corporate income": 205,
        "Volume": 4988000,
        "Close of Quarter": 11.7,
        "EPS": 2400,
        "Non-adjusted EPS": 2400,
        "PE": 4.9,
        "Book Price": 12.9
      }
    },
    {
      "quarter": "Q3 2014",
      "income status": {
        "Net sales": 35254,
        "Cost of goods sold": 23361,
        "Gross Profit": 11893,
        "Financial expenses": 754,
        "Of which: Interest expense": 455,
        "Cost of sales": 3134,
        "Enterprise cost management": 3222,
        "Total Operating Expenses": 7110,
        "Total revenue financing activities": 651,
        "Net profit from business activities": 5434,
        "Profit": 37,
        "Profit before tax": 5470,
        "Present corporate income tax expenses": 1204,
        "Deferred income taxes expenses": "N/A",
        "The interests of minority shareholders": "N/A",
        "Total Cost of profits": 1204,
        "Profit after tax corporate income": 4267,
        "Volume": 4988000,
        "Close of Quarter": 12.6,
        "EPS": 2547,
        "Non-adjusted EPS": 2547,
        "PE": 4.9,
        "Book Price": 14.3
      }
    },
    {
      "quarter": "Q2 2014",
      "income status": {
        "Net sales": 67126,
        "Cost of goods sold": 52147,
        "Gross Profit": 14979,
        "Financial expenses": 1285,
        "Of which: Interest expense": 1691,
        "Cost of sales": 2721,
        "Enterprise cost management": 2546,
        "Total Operating Expenses": 6552,
        "Total revenue financing activities": 641,
        "Net profit from business activities": 9068,
        "Profit": "N/A",
        "Profit before tax": 9068,
        "Present corporate income tax expenses": 2073,
        "Deferred income taxes expenses": "N/A",
        "The interests of minority shareholders": "N/A",
        "Total Cost of profits": 2073,
        "Profit after tax corporate income": 6995,
        "Volume": 4988000,
        "Close of Quarter": 11.3,
        "EPS": 2559,
        "Non-adjusted EPS": 2559,
        "PE": 4.4,
        "Book Price": 13.5
      }
    },
    {
      "quarter": "Q1 2014",
      "income status": {
        "Net sales": 15614,
        "Cost of goods sold": 13060,
        "Gross Profit": 2554,
        "Financial expenses": 943,
        "Of which: Interest expense": "N/A",
        "Cost of sales": 945,
        "Enterprise cost management": 1326,
        "Total Operating Expenses": 3214,
        "Total revenue financing activities": 1160,
        "Net profit from business activities": 502,
        "Profit": "N/A",
        "Profit before tax": 502,
        "Present corporate income tax expenses": "N/A",
        "Deferred income taxes expenses": "N/A",
        "The interests of minority shareholders": "N/A",
        "Total Cost of profits": 0,
        "Profit after tax corporate income": 502,
        "Volume": 4988000,
        "Close of Quarter": 11.5,
        "EPS": 2862,
        "Non-adjusted EPS": 2862,
        "PE": 4.0,
        "Book Price": 12.4
      }
    },
    {
      "quarter": "Q4 2013",
      "income status": {
        "Net sales": 1117,
        "Cost of goods sold": -3974,
        "Gross Profit": 5091,
        "Financial expenses": 1129,
        "Of which: Interest expense": "N/A",
        "Cost of sales": 1814,
        "Enterprise cost management": 1935,
        "Total Operating Expenses": 4878,
        "Total revenue financing activities": 931,
        "Net profit from business activities": 1145,
        "Profit": "N/A",
        "Profit before tax": 1145,
        "Present corporate income tax expenses": 205,
        "Deferred income taxes expenses": "N/A",
        "The interests of minority shareholders": "N/A",
        "Total Cost of profits": 205,
        "Profit after tax corporate income": 940,
        "Volume": 4988000,
        "Close of Quarter": 12.0,
        "EPS": 2908,
        "Non-adjusted EPS": 2908,
        "PE": 4.1,
        "Book Price": 12.3
      }
    },
    {
      "quarter": "Q3 2013",
      "income status": {
        "Net sales": 38313,
        "Cost of goods sold": 27984,
        "Gross Profit": 10330,
        "Financial expenses": 1385,
        "Of which: Interest expense": "N/A",
        "Cost of sales": 3065,
        "Enterprise cost management": 2299,
        "Total Operating Expenses": 6749,
        "Total revenue financing activities": 1204,
        "Net profit from business activities": 4785,
        "Profit": 5,
        "Profit before tax": 4789,
        "Present corporate income tax expenses": 461,
        "Deferred income taxes expenses": "N/A",
        "The interests of minority shareholders": "N/A",
        "Total Cost of profits": 461,
        "Profit after tax corporate income": 4328,
        "Volume": 4988000,
        "Close of Quarter": 8.6,
        "EPS": 3402,
        "Non-adjusted EPS": 3402,
        "PE": 2.5,
        "Book Price": 13.7
      }
    },
    {
      "quarter": "Q2 2013",
      "income status": {
        "Net sales": 69548,
        "Cost of goods sold": 51022,
        "Gross Profit": 18526,
        "Financial expenses": 1836,
        "Of which: Interest expense": 1343,
        "Cost of sales": 3291,
        "Enterprise cost management": 4058,
        "Total Operating Expenses": 9185,
        "Total revenue financing activities": 272,
        "Net profit from business activities": 9614,
        "Profit": -135,
        "Profit before tax": 9479,
        "Present corporate income tax expenses": 974,
        "Deferred income taxes expenses": "N/A",
        "The interests of minority shareholders": "N/A",
        "Total Cost of profits": 974,
        "Profit after tax corporate income": 8504,
        "Volume": 4988000,
        "Close of Quarter": 7.2,
        "EPS": 3327,
        "Non-adjusted EPS": 3327,
        "PE": 2.2,
        "Book Price": 12.9
      }
    },
    {
      "quarter": "Q1 2013",
      "income status": {
        "Net sales": 15825,
        "Cost of goods sold": 12674,
        "Gross Profit": 3151,
        "Financial expenses": 854,
        "Of which: Interest expense": "N/A",
        "Cost of sales": 1004,
        "Enterprise cost management": 1391,
        "Total Operating Expenses": 3249,
        "Total revenue financing activities": 900,
        "Net profit from business activities": 802,
        "Profit": "N/A",
        "Profit before tax": 802,
        "Present corporate income tax expenses": 68,
        "Deferred income taxes expenses": "N/A",
        "The interests of minority shareholders": "N/A",
        "Total Cost of profits": 68,
        "Profit after tax corporate income": 733,
        "Volume": 4988000,
        "Close of Quarter": 6.7,
        "EPS": 3183,
        "Non-adjusted EPS": 3183,
        "PE": 2.1,
        "Book Price": 11.5
      }
    },
    {
      "quarter": "Q4 2012",
      "income status": {
        "Net sales": 3220,
        "Cost of goods sold": -3466,
        "Gross Profit": 6686,
        "Financial expenses": 581,
        "Of which: Interest expense": "N/A",
        "Cost of sales": 2111,
        "Enterprise cost management": 2568,
        "Total Operating Expenses": 5260,
        "Total revenue financing activities": 610,
        "Net profit from business activities": 2035,
        "Profit": 43,
        "Profit before tax": 2078,
        "Present corporate income tax expenses": -1328,
        "Deferred income taxes expenses": "N/A",
        "The interests of minority shareholders": "N/A",
        "Total Cost of profits": -1328,
        "Profit after tax corporate income": 3406,
        "Volume": 4988000,
        "Close of Quarter": 5.6,
        "EPS": 3156,
        "Non-adjusted EPS": 3156,
        "PE": 1.8,
        "Book Price": 11.5
      }
    },
    {
      "quarter": "Q3 2012",
      "income status": {
        "Net sales": 37504,
        "Cost of goods sold": 28177,
        "Gross Profit": 9326,
        "Financial expenses": 546,
        "Of which: Interest expense": "N/A",
        "Cost of sales": 2498,
        "Enterprise cost management": 1846,
        "Total Operating Expenses": 4890,
        "Total revenue financing activities": 331,
        "Net profit from business activities": 4768,
        "Profit": "N/A",
        "Profit before tax": 4768,
        "Present corporate income tax expenses": 815,
        "Deferred income taxes expenses": "N/A",
        "The interests of minority shareholders": "N/A",
        "Total Cost of profits": 815,
        "Profit after tax corporate income": 3953,
        "Volume": 4988000,
        "Close of Quarter": 4.3,
        "EPS": 2650,
        "Non-adjusted EPS": 2650,
        "PE": 1.6,
        "Book Price": 12.4
      }
    },
    {
      "quarter": "Q2 2012",
      "income status": {
        "Net sales": 61191,
        "Cost of goods sold": 47440,
        "Gross Profit": 13751,
        "Financial expenses": 13,
        "Of which: Interest expense": 910,
        "Cost of sales": 2153,
        "Enterprise cost management": 2658,
        "Total Operating Expenses": 4824,
        "Total revenue financing activities": 383,
        "Net profit from business activities": 9310,
        "Profit": "N/A",
        "Profit before tax": 9310,
        "Present corporate income tax expenses": 1527,
        "Deferred income taxes expenses": "N/A",
        "The interests of minority shareholders": "N/A",
        "Total Cost of profits": 1527,
        "Profit after tax corporate income": 7783,
        "Volume": 4988000,
        "Close of Quarter": 4.2,
        "EPS": 2353,
        "Non-adjusted EPS": 2353,
        "PE": 1.8,
        "Book Price": 11.9
      }
    },
    {
      "quarter": "Q1 2012",
      "income status": {
        "Net sales": 11447,
        "Cost of goods sold": 9217,
        "Gross Profit": 2230,
        "Financial expenses": 612,
        "Of which: Interest expense": "N/A",
        "Cost of sales": 612,
        "Enterprise cost management": 784,
        "Total Operating Expenses": 2008,
        "Total revenue financing activities": 570,
        "Net profit from business activities": 792,
        "Profit": 9,
        "Profit before tax": 801,
        "Present corporate income tax expenses": 200,
        "Deferred income taxes expenses": "N/A",
        "The interests of minority shareholders": "N/A",
        "Total Cost of profits": 200,
        "Profit after tax corporate income": 600,
        "Volume": 4988000,
        "Close of Quarter": 3.6,
        "EPS": 2094,
        "Non-adjusted EPS": 2094,
        "PE": 1.7,
        "Book Price": 10.6
      }
    },
    {
      "quarter": "Q4 2011",
      "income status": {
        "Net sales": 2757,
        "Cost of goods sold": -225,
        "Gross Profit": 2981,
        "Financial expenses": 1137,
        "Of which: Interest expense": "N/A",
        "Cost of sales": 1235,
        "Enterprise cost management": 1105,
        "Total Operating Expenses": 3477,
        "Total revenue financing activities": 599,
        "Net profit from business activities": 103,
        "Profit": -1,
        "Profit before tax": 102,
        "Present corporate income tax expenses": -783,
        "Deferred income taxes expenses": "N/A",
        "The interests of minority shareholders": "N/A",
        "Total Cost of profits": -783,
        "Profit after tax corporate income": 884,
        "Volume": 4988000,
        "Close of Quarter": 3.2,
        "EPS": 2126,
        "Non-adjusted EPS": 2126,
        "PE": 1.5,
        "Book Price": 10.5
      }
    },
    {
      "quarter": "Q3 2011",
      "income status": {
        "Net sales": 26802,
        "Cost of goods sold": 20017,
        "Gross Profit": 6785,
        "Financial expenses": 307,
        "Of which: Interest expense": 103,
        "Cost of sales": 1733,
        "Enterprise cost management": 1560,
        "Total Operating Expenses": 3600,
        "Total revenue financing activities": 83,
        "Net profit from business activities": 3267,
        "Profit": "N/A",
        "Profit before tax": 3267,
        "Present corporate income tax expenses": 799,
        "Deferred income taxes expenses": "N/A",
        "The interests of minority shareholders": "N/A",
        "Total Cost of profits": 799,
        "Profit after tax corporate income": 2468,
        "Volume": 4988000,
        "Close of Quarter": 2.9,
        "EPS": 1968,
        "Non-adjusted EPS": 1968,
        "PE": 1.5,
        "Book Price": 11.9
      }
    },
    {
      "quarter": "Q2 2011",
      "income status": {
        "Net sales": 50661,
        "Cost of goods sold": 35792,
        "Gross Profit": 14869,
        "Financial expenses": 1433,
        "Of which: Interest expense": "N/A",
        "Cost of sales": 2011,
        "Enterprise cost management": 2975,
        "Total Operating Expenses": 6419,
        "Total revenue financing activities": 53,
        "Net profit from business activities": 8503,
        "Profit": "N/A",
        "Profit before tax": 8503,
        "Present corporate income tax expenses": 2012,
        "Deferred income taxes expenses": "N/A",
        "The interests of minority shareholders": "N/A",
        "Total Cost of profits": 2012,
        "Profit after tax corporate income": 6492,
        "Volume": 4988000,
        "Close of Quarter": 2.6,
        "EPS": 1858,
        "Non-adjusted EPS": 1858,
        "PE": 1.4,
        "Book Price": 11.5
      }
    },
    {
      "quarter": "Q1 2011",
      "income status": {
        "Net sales": 7559,
        "Cost of goods sold": 6105,
        "Gross Profit": 1454,
        "Financial expenses": 551,
        "Of which: Interest expense": 453,
        "Cost of sales": 529,
        "Enterprise cost management": 860,
        "Total Operating Expenses": 1940,
        "Total revenue financing activities": 1245,
        "Net profit from business activities": 759,
        "Profit": "N/A",
        "Profit before tax": 759,
        "Present corporate income tax expenses": "N/A",
        "Deferred income taxes expenses": "N/A",
        "The interests of minority shareholders": "N/A",
        "Total Cost of profits": 0,
        "Profit after tax corporate income": 759,
        "Volume": 4988000,
        "Close of Quarter": 3,
        "EPS": 1824,
        "Non-adjusted EPS": 1824,
        "PE": 1.6,
        "Book Price": 10.3
      }
    },
    {
      "quarter": "Q4 2010",
      "income status": {
        "Net sales": 1845,
        "Cost of goods sold": -20,
        "Gross Profit": 1865,
        "Financial expenses": 730,
        "Of which: Interest expense": "N/A",
        "Cost of sales": 546,
        "Enterprise cost management": 598,
        "Total Operating Expenses": 1874,
        "Total revenue financing activities": 146,
        "Net profit from business activities": 136,
        "Profit": "N/A",
        "Profit before tax": 136,
        "Present corporate income tax expenses": 37,
        "Deferred income taxes expenses": "N/A",
        "The interests of minority shareholders": "N/A",
        "Total Cost of profits": 37,
        "Profit after tax corporate income": 99,
        "Volume": 4988000,
        "Close of Quarter": 3.6,
        "EPS": 1785,
        "Non-adjusted EPS": 1785,
        "PE": 2.0,
        "Book Price": 10.2
      }
    },
    {
      "quarter": "Q3 2010",
      "income status": {
        "Net sales": 17833,
        "Cost of goods sold": 12595,
        "Gross Profit": 5237,
        "Financial expenses": 82,
        "Of which: Interest expense": "N/A",
        "Cost of sales": 1303,
        "Enterprise cost management": 1411,
        "Total Operating Expenses": 2796,
        "Total revenue financing activities": 113,
        "Net profit from business activities": 2555,
        "Profit": -1,
        "Profit before tax": 2554,
        "Present corporate income tax expenses": 639,
        "Deferred income taxes expenses": "N/A",
        "The interests of minority shareholders": "N/A",
        "Total Cost of profits": 639,
        "Profit after tax corporate income": 1916,
        "Volume": 5000000,
        "Close of Quarter": 4.4,
        "EPS": 1986.8,
        "Non-adjusted EPS": 1982,
        "PE": 2.2,
        "Book Price": 11.1
      }
    },
    {
      "quarter": "Q2 2010",
      "income status": {
        "Net sales": 48976,
        "Cost of goods sold": 36519,
        "Gross Profit": 12457,
        "Financial expenses": 579,
        "Of which: Interest expense": 161,
        "Cost of sales": 1642,
        "Enterprise cost management": 1948,
        "Total Operating Expenses": 4169,
        "Total revenue financing activities": 18,
        "Net profit from business activities": 8305,
        "Profit": 6,
        "Profit before tax": 8311,
        "Present corporate income tax expenses": 1986,
        "Deferred income taxes expenses": "N/A",
        "The interests of minority shareholders": "N/A",
        "Total Cost of profits": 1986,
        "Profit after tax corporate income": 6325,
        "Volume": 5000000,
        "Close of Quarter": 4.5,
        "EPS": 2128.1,
        "Non-adjusted EPS": 2123,
        "PE": 2.1,
        "Book Price": 11.4
      }
    },
    {
      "quarter": "Q1 2010",
      "income status": {
        "Net sales": 6350,
        "Cost of goods sold": 4750,
        "Gross Profit": 1600,
        "Financial expenses": 120,
        "Of which: Interest expense": 120,
        "Cost of sales": 430,
        "Enterprise cost management": 744,
        "Total Operating Expenses": 1294,
        "Total revenue financing activities": 444,
        "Net profit from business activities": 749,
        "Profit": "N/A",
        "Profit before tax": 749,
        "Present corporate income tax expenses": 187,
        "Deferred income taxes expenses": "N/A",
        "The interests of minority shareholders": "N/A",
        "Total Cost of profits": 187,
        "Profit after tax corporate income": 562,
        "Volume": 5000000,
        "Close of Quarter": 3.9,
        "EPS": 1818.4,
        "Non-adjusted EPS": 1814,
        "PE": 2.1,
        "Book Price": 10.3
      }
    },
    {
      "quarter": "Q4 2009",
      "income status": {
        "Net sales": 5147,
        "Cost of goods sold": 2431,
        "Gross Profit": 2716,
        "Financial expenses": -430,
        "Of which: Interest expense": "N/A",
        "Cost of sales": 760,
        "Enterprise cost management": 1244,
        "Total Operating Expenses": 1574,
        "Total revenue financing activities": 236,
        "Net profit from business activities": 1377,
        "Profit": 30,
        "Profit before tax": 1407,
        "Present corporate income tax expenses": 301,
        "Deferred income taxes expenses": "N/A",
        "The interests of minority shareholders": "N/A",
        "Total Cost of profits": 301,
        "Profit after tax corporate income": 1107,
        "Volume": 5000000,
        "Close of Quarter": 4.1,
        "EPS": 1748.2,
        "Non-adjusted EPS": 1744,
        "PE": 2.3,
        "Book Price": 11.1
      }
    },
    {
      "quarter": "Q3 2009",
      "income status": {
        "Net sales": 21759,
        "Cost of goods sold": 16342,
        "Gross Profit": 5417,
        "Financial expenses": 118,
        "Of which: Interest expense": "N/A",
        "Cost of sales": 1110,
        "Enterprise cost management": 1359,
        "Total Operating Expenses": 2587,
        "Total revenue financing activities": 308,
        "Net profit from business activities": 3138,
        "Profit": "N/A",
        "Profit before tax": 3138,
        "Present corporate income tax expenses": 517,
        "Deferred income taxes expenses": "N/A",
        "The interests of minority shareholders": "N/A",
        "Total Cost of profits": 517,
        "Profit after tax corporate income": 2621,
        "Volume": 5000000,
        "Close of Quarter": 4.4,
        "EPS": 1526.7,
        "Non-adjusted EPS": 1523,
        "PE": 2.9,
        "Book Price": 10.9
      }
    },
    {
      "quarter": "Q2 2009",
      "income status": {
        "Net sales": 41516,
        "Cost of goods sold": 32477,
        "Gross Profit": 9039,
        "Financial expenses": 446,
        "Of which: Interest expense": 111,
        "Cost of sales": 1388,
        "Enterprise cost management": 1531,
        "Total Operating Expenses": 3365,
        "Total revenue financing activities": 69,
        "Net profit from business activities": 5743,
        "Profit": "N/A",
        "Profit before tax": 5743,
        "Present corporate income tax expenses": 963,
        "Deferred income taxes expenses": "N/A",
        "The interests of minority shareholders": "N/A",
        "Total Cost of profits": 963,
        "Profit after tax corporate income": 4779,
        "Volume": 5000000,
        "Close of Quarter": "N/A",
        "EPS": 1000.4,
        "Non-adjusted EPS": 998,
        "PE": "N/A",
        "Book Price": 11.1
      }
    },
    {
      "quarter": "Q1 2009",
      "income status": {
        "Net sales": 5396,
        "Cost of goods sold": 4166,
        "Gross Profit": 1230,
        "Financial expenses": 48,
        "Of which: Interest expense": 48,
        "Cost of sales": 401,
        "Enterprise cost management": 715,
        "Total Operating Expenses": 1164,
        "Total revenue financing activities": 201,
        "Net profit from business activities": 265,
        "Profit": "N/A",
        "Profit before tax": 265,
        "Present corporate income tax expenses": 52,
        "Deferred income taxes expenses": "N/A",
        "The interests of minority shareholders": "N/A",
        "Total Cost of profits": 52,
        "Profit after tax corporate income": 213,
        "Volume": 5000000,
        "Close of Quarter": "N/A",
        "EPS": 43.1,
        "Non-adjusted EPS": 43,
        "PE": "N/A",
        "Book Price": 10.3
      }
    }
  ]
}