{
  "ticker": "VCV",
  "data": [
    {
      "quarter": "Q4 2013",
      "income status": {
        "Net sales": 13068,
        "Cost of goods sold": 24424,
        "Gross Profit": -11356,
        "Financial expenses": 4425,
        "Of which: Interest expense": 4425,
        "Cost of sales": 1648,
        "Enterprise cost management": 1298,
        "Total Operating Expenses": 7371,
        "Total revenue financing activities": 27,
        "Net profit from business activities": -18700,
        "Profit": -315,
        "Profit before tax": -19016,
        "Present corporate income tax expenses": "N/A",
        "Deferred income taxes expenses": "N/A",
        "The interests of minority shareholders": "N/A",
        "Total Cost of profits": 0,
        "Profit after tax corporate income": -19016,
        "Volume": 11007183,
        "Close of Quarter": 2.1,
        "EPS": -4626,
        "Non-adjusted EPS": -4626,
        "PE": -0.5,
        "Book Price": 1
      }
    },
    {
      "quarter": "Q3 2013",
      "income status": {
        "Net sales": 10288,
        "Cost of goods sold": 10054,
        "Gross Profit": 234,
        "Financial expenses": 4072,
        "Of which: Interest expense": 4072,
        "Cost of sales": 2104,
        "Enterprise cost management": 1112,
        "Total Operating Expenses": 7288,
        "Total revenue financing activities": 29,
        "Net profit from business activities": -7024,
        "Profit": 220,
        "Profit before tax": -6804,
        "Present corporate income tax expenses": "N/A",
        "Deferred income taxes expenses": "N/A",
        "The interests of minority shareholders": "N/A",
        "Total Cost of profits": 0,
        "Profit after tax corporate income": -6804,
        "Volume": 11007183,
        "Close of Quarter": 1.5,
        "EPS": -4814,
        "Non-adjusted EPS": -4814,
        "PE": -0.3,
        "Book Price": 2.7
      }
    },
    {
      "quarter": "Q2 2013",
      "income status": {
        "Net sales": 15083,
        "Cost of goods sold": 23343,
        "Gross Profit": -8260,
        "Financial expenses": 4598,
        "Of which: Interest expense": 4598,
        "Cost of sales": 1358,
        "Enterprise cost management": 1147,
        "Total Operating Expenses": 7103,
        "Total revenue financing activities": 88,
        "Net profit from business activities": -15276,
        "Profit": -34,
        "Profit before tax": -15309,
        "Present corporate income tax expenses": "N/A",
        "Deferred income taxes expenses": "N/A",
        "The interests of minority shareholders": "N/A",
        "Total Cost of profits": 0,
        "Profit after tax corporate income": -15309,
        "Volume": 11007183,
        "Close of Quarter": 2.8,
        "EPS": -5087,
        "Non-adjusted EPS": -5087,
        "PE": -0.6,
        "Book Price": 3.3
      }
    },
    {
      "quarter": "Q1 2013",
      "income status": {
        "Net sales": 16203,
        "Cost of goods sold": 18263,
        "Gross Profit": -2059,
        "Financial expenses": 5141,
        "Of which: Interest expense": 5141,
        "Cost of sales": 1312,
        "Enterprise cost management": 1203,
        "Total Operating Expenses": 7656,
        "Total revenue financing activities": 3,
        "Net profit from business activities": -9712,
        "Profit": -83,
        "Profit before tax": -9795,
        "Present corporate income tax expenses": "N/A",
        "Deferred income taxes expenses": "N/A",
        "The interests of minority shareholders": "N/A",
        "Total Cost of profits": 0,
        "Profit after tax corporate income": -9795,
        "Volume": 11007183,
        "Close of Quarter": 3.4,
        "EPS": -4673,
        "Non-adjusted EPS": -4673,
        "PE": -0.7,
        "Book Price": 4.7
      }
    },
    {
      "quarter": "Q4 2012",
      "income status": {
        "Net sales": 13743,
        "Cost of goods sold": 25432,
        "Gross Profit": -11689,
        "Financial expenses": 6955,
        "Of which: Interest expense": 5250,
        "Cost of sales": 1635,
        "Enterprise cost management": 1214,
        "Total Operating Expenses": 9804,
        "Total revenue financing activities": 416,
        "Net profit from business activities": -21079,
        "Profit": "N/A",
        "Profit before tax": -21079,
        "Present corporate income tax expenses": "N/A",
        "Deferred income taxes expenses": "N/A",
        "The interests of minority shareholders": "N/A",
        "Total Cost of profits": 0,
        "Profit after tax corporate income": -21079,
        "Volume": 11007183,
        "Close of Quarter": 3,
        "EPS": -4053,
        "Non-adjusted EPS": -4053,
        "PE": -0.7,
        "Book Price": 5.6
      }
    },
    {
      "quarter": "Q3 2012",
      "income status": {
        "Net sales": 14100,
        "Cost of goods sold": 15027,
        "Gross Profit": -927,
        "Financial expenses": 6333,
        "Of which: Interest expense": 5162,
        "Cost of sales": 1472,
        "Enterprise cost management": 1083,
        "Total Operating Expenses": 8888,
        "Total revenue financing activities": 6,
        "Net profit from business activities": -9809,
        "Profit": "N/A",
        "Profit before tax": -9809,
        "Present corporate income tax expenses": "N/A",
        "Deferred income taxes expenses": "N/A",
        "The interests of minority shareholders": "N/A",
        "Total Cost of profits": 0,
        "Profit after tax corporate income": -9809,
        "Volume": 11007183,
        "Close of Quarter": 2.7,
        "EPS": -2632,
        "Non-adjusted EPS": -2632,
        "PE": -1.0,
        "Book Price": 7.5
      }
    },
    {
      "quarter": "Q2 2012",
      "income status": {
        "Net sales": 12295,
        "Cost of goods sold": 14010,
        "Gross Profit": -1715,
        "Financial expenses": 6878,
        "Of which: Interest expense": 6346,
        "Cost of sales": 1643,
        "Enterprise cost management": 1356,
        "Total Operating Expenses": 9877,
        "Total revenue financing activities": 227,
        "Net profit from business activities": -11365,
        "Profit": 609,
        "Profit before tax": -10757,
        "Present corporate income tax expenses": "N/A",
        "Deferred income taxes expenses": "N/A",
        "The interests of minority shareholders": "N/A",
        "Total Cost of profits": 0,
        "Profit after tax corporate income": -10757,
        "Volume": 11007183,
        "Close of Quarter": 3.1,
        "EPS": -1593,
        "Non-adjusted EPS": -1593,
        "PE": -2.0,
        "Book Price": 8.4
      }
    },
    {
      "quarter": "Q1 2012",
      "income status": {
        "Net sales": 13308,
        "Cost of goods sold": 6723,
        "Gross Profit": 6585,
        "Financial expenses": 6155,
        "Of which: Interest expense": 6056,
        "Cost of sales": 2333,
        "Enterprise cost management": 1532,
        "Total Operating Expenses": 10020,
        "Total revenue financing activities": 511,
        "Net profit from business activities": -2925,
        "Profit": -43,
        "Profit before tax": -2968,
        "Present corporate income tax expenses": "N/A",
        "Deferred income taxes expenses": "N/A",
        "The interests of minority shareholders": "N/A",
        "Total Cost of profits": 0,
        "Profit after tax corporate income": -2968,
        "Volume": 11007183,
        "Close of Quarter": 2.7,
        "EPS": -826,
        "Non-adjusted EPS": -826,
        "PE": -3.3,
        "Book Price": 9.4
      }
    },
    {
      "quarter": "Q4 2011",
      "income status": {
        "Net sales": 15420,
        "Cost of goods sold": 11946,
        "Gross Profit": 3473,
        "Financial expenses": 5208,
        "Of which: Interest expense": 5201,
        "Cost of sales": 2987,
        "Enterprise cost management": 1448,
        "Total Operating Expenses": 9643,
        "Total revenue financing activities": 637,
        "Net profit from business activities": -5532,
        "Profit": 91,
        "Profit before tax": -5440,
        "Present corporate income tax expenses": "N/A",
        "Deferred income taxes expenses": "N/A",
        "The interests of minority shareholders": "N/A",
        "Total Cost of profits": 0,
        "Profit after tax corporate income": -5440,
        "Volume": 11007183,
        "Close of Quarter": 2,
        "EPS": -705,
        "Non-adjusted EPS": -705,
        "PE": -2.8,
        "Book Price": 9.6
      }
    },
    {
      "quarter": "Q3 2011",
      "income status": {
        "Net sales": 23020,
        "Cost of goods sold": 10833,
        "Gross Profit": 12188,
        "Financial expenses": 4991,
        "Of which: Interest expense": 4977,
        "Cost of sales": 3667,
        "Enterprise cost management": 2033,
        "Total Operating Expenses": 10691,
        "Total revenue financing activities": 621,
        "Net profit from business activities": 2118,
        "Profit": 61,
        "Profit before tax": 2179,
        "Present corporate income tax expenses": 545,
        "Deferred income taxes expenses": "N/A",
        "The interests of minority shareholders": "N/A",
        "Total Cost of profits": 545,
        "Profit after tax corporate income": 1634,
        "Volume": 11007183,
        "Close of Quarter": 3.2,
        "EPS": -171,
        "Non-adjusted EPS": -171,
        "PE": -18.7,
        "Book Price": 10.1
      }
    },
    {
      "quarter": "Q2 2011",
      "income status": {
        "Net sales": 32735,
        "Cost of goods sold": 29456,
        "Gross Profit": 3279,
        "Financial expenses": 5094,
        "Of which: Interest expense": 5039,
        "Cost of sales": 199,
        "Enterprise cost management": 2021,
        "Total Operating Expenses": 7314,
        "Total revenue financing activities": 1307,
        "Net profit from business activities": -2728,
        "Profit": 410,
        "Profit before tax": -2318,
        "Present corporate income tax expenses": "N/A",
        "Deferred income taxes expenses": "N/A",
        "The interests of minority shareholders": "N/A",
        "Total Cost of profits": 0,
        "Profit after tax corporate income": -2318,
        "Volume": 11007183,
        "Close of Quarter": 3.8,
        "EPS": -317,
        "Non-adjusted EPS": -317,
        "PE": -12.0,
        "Book Price": 9.9
      }
    },
    {
      "quarter": "Q1 2011",
      "income status": {
        "Net sales": 21767,
        "Cost of goods sold": 17926,
        "Gross Profit": 3841,
        "Financial expenses": 4282,
        "Of which: Interest expense": 4282,
        "Cost of sales": 824,
        "Enterprise cost management": 1144,
        "Total Operating Expenses": 6250,
        "Total revenue financing activities": 608,
        "Net profit from business activities": -1800,
        "Profit": 162,
        "Profit before tax": -1639,
        "Present corporate income tax expenses": "N/A",
        "Deferred income taxes expenses": "N/A",
        "The interests of minority shareholders": "N/A",
        "Total Cost of profits": 0,
        "Profit after tax corporate income": -1639,
        "Volume": 11007183,
        "Close of Quarter": 6,
        "EPS": -118,
        "Non-adjusted EPS": -118,
        "PE": -50.9,
        "Book Price": 10
      }
    },
    {
      "quarter": "Q4 2010",
      "income status": {
        "Net sales": 31859,
        "Cost of goods sold": 20748,
        "Gross Profit": 11110,
        "Financial expenses": 4454,
        "Of which: Interest expense": 3954,
        "Cost of sales": 6541,
        "Enterprise cost management": 2542,
        "Total Operating Expenses": 13537,
        "Total revenue financing activities": 964,
        "Net profit from business activities": -1463,
        "Profit": 2068,
        "Profit before tax": 605,
        "Present corporate income tax expenses": 160,
        "Deferred income taxes expenses": "N/A",
        "The interests of minority shareholders": "N/A",
        "Total Cost of profits": 160,
        "Profit after tax corporate income": 445,
        "Volume": 11007183,
        "Close of Quarter": 8.5,
        "EPS": 205,
        "Non-adjusted EPS": 205,
        "PE": 41.5,
        "Book Price": 10.3
      }
    },
    {
      "quarter": "Q3 2010",
      "income status": {
        "Net sales": 25209,
        "Cost of goods sold": 14613,
        "Gross Profit": 10596,
        "Financial expenses": 4345,
        "Of which: Interest expense": 4345,
        "Cost of sales": 4844,
        "Enterprise cost management": 2564,
        "Total Operating Expenses": 11753,
        "Total revenue financing activities": 95,
        "Net profit from business activities": -1062,
        "Profit": 1096,
        "Profit before tax": 35,
        "Present corporate income tax expenses": 9,
        "Deferred income taxes expenses": "N/A",
        "The interests of minority shareholders": "N/A",
        "Total Cost of profits": 9,
        "Profit after tax corporate income": 26,
        "Volume": 11007183,
        "Close of Quarter": 11.8,
        "EPS": 164,
        "Non-adjusted EPS": 164,
        "PE": 72.0,
        "Book Price": 10.2
      }
    },
    {
      "quarter": "Q2 2010",
      "income status": {
        "Net sales": 40743,
        "Cost of goods sold": 39140,
        "Gross Profit": 1603,
        "Financial expenses": 4704,
        "Of which: Interest expense": 4263,
        "Cost of sales": 4297,
        "Enterprise cost management": 964,
        "Total Operating Expenses": 9965,
        "Total revenue financing activities": 1656,
        "Net profit from business activities": -6706,
        "Profit": 7164,
        "Profit before tax": 458,
        "Present corporate income tax expenses": 593,
        "Deferred income taxes expenses": "N/A",
        "The interests of minority shareholders": "N/A",
        "Total Cost of profits": 593,
        "Profit after tax corporate income": -135,
        "Volume": 11007183,
        "Close of Quarter": "N/A",
        "EPS": 162,
        "Non-adjusted EPS": 162,
        "PE": "N/A",
        "Book Price": 10.2
      }
    },
    {
      "quarter": "Q1 2010",
      "income status": {
        "Net sales": 26296,
        "Cost of goods sold": 20376,
        "Gross Profit": 5920,
        "Financial expenses": 3546,
        "Of which: Interest expense": 3546,
        "Cost of sales": 2514,
        "Enterprise cost management": 1305,
        "Total Operating Expenses": 7365,
        "Total revenue financing activities": 19,
        "Net profit from business activities": -1425,
        "Profit": 3340,
        "Profit before tax": 1915,
        "Present corporate income tax expenses": "N/A",
        "Deferred income taxes expenses": "N/A",
        "The interests of minority shareholders": "N/A",
        "Total Cost of profits": 0,
        "Profit after tax corporate income": 1915,
        "Volume": 11007183,
        "Close of Quarter": "N/A",
        "EPS": 174,
        "Non-adjusted EPS": 174,
        "PE": "N/A",
        "Book Price": 10.2
      }
    }
  ]
}