{
  "ticker": "ANV",
  "data": [
    {
      "quarter": "Q1 2017",
      "income status": {
        "Net sales": 697998,
        "Cost of goods sold": 610509,
        "Gross Profit": 87489,
        "Financial expenses": 19241,
        "Of which: Interest expense": 16428,
        "Cost of sales": 30819,
        "Enterprise cost management": 10866,
        "Total Operating Expenses": 60926,
        "Total revenue financing activities": 7035,
        "Net profit from business activities": 33597,
        "Profit": -3258,
        "Profit before tax": 30339,
        "Present corporate income tax expenses": 6063,
        "Deferred income taxes expenses": -562,
        "The interests of minority shareholders": -50,
        "Total Cost of profits": 5451,
        "Profit after tax corporate income": 24889,
        "Volume": 65605250,
        "Close of Quarter": 7.2,
        "EPS": 595,
        "Non-adjusted EPS": 595,
        "PE": 12.1,
        "Book Price": 20.3
      }
    },
    {
      "quarter": "Q4 2016",
      "income status": {
        "Net sales": 756944,
        "Cost of goods sold": 668068,
        "Gross Profit": 88875,
        "Financial expenses": 27694,
        "Of which: Interest expense": 19059,
        "Cost of sales": 40522,
        "Enterprise cost management": 23540,
        "Total Operating Expenses": 91756,
        "Total revenue financing activities": 7526,
        "Net profit from business activities": 1897,
        "Profit": 1453,
        "Profit before tax": 3349,
        "Present corporate income tax expenses": 678,
        "Deferred income taxes expenses": -105,
        "The interests of minority shareholders": -92,
        "Total Cost of profits": 481,
        "Profit after tax corporate income": 2869,
        "Volume": 65605250,
        "Close of Quarter": 4.9,
        "EPS": 300,
        "Non-adjusted EPS": 300,
        "PE": 16.5,
        "Book Price": 20
      }
    },
    {
      "quarter": "Q3 2016",
      "income status": {
        "Net sales": 726401,
        "Cost of goods sold": 626172,
        "Gross Profit": 100229,
        "Financial expenses": 17748,
        "Of which: Interest expense": 17170,
        "Cost of sales": 32719,
        "Enterprise cost management": 29336,
        "Total Operating Expenses": 79803,
        "Total revenue financing activities": 4046,
        "Net profit from business activities": 138126,
        "Profit": -2017,
        "Profit before tax": 136110,
        "Present corporate income tax expenses": 13525,
        "Deferred income taxes expenses": "N/A",
        "The interests of minority shareholders": -1191,
        "Total Cost of profits": 12334,
        "Profit after tax corporate income": 123776,
        "Volume": 65605250,
        "Close of Quarter": 6.4,
        "EPS": -129,
        "Non-adjusted EPS": -129,
        "PE": -49.7,
        "Book Price": 19.9
      }
    },
    {
      "quarter": "Q2 2016",
      "income status": {
        "Net sales": 764850,
        "Cost of goods sold": 661515,
        "Gross Profit": 103335,
        "Financial expenses": 22170,
        "Of which: Interest expense": 20592,
        "Cost of sales": 36942,
        "Enterprise cost management": 67885,
        "Total Operating Expenses": 126997,
        "Total revenue financing activities": 21320,
        "Net profit from business activities": -116869,
        "Profit": -1062,
        "Profit before tax": -117931,
        "Present corporate income tax expenses": -1472,
        "Deferred income taxes expenses": 735,
        "The interests of minority shareholders": -4726,
        "Total Cost of profits": -5463,
        "Profit after tax corporate income": -112468,
        "Volume": 65605250,
        "Close of Quarter": 6.0,
        "EPS": -1871,
        "Non-adjusted EPS": -1871,
        "PE": -3.2,
        "Book Price": 18
      }
    },
    {
      "quarter": "Q1 2016",
      "income status": {
        "Net sales": 576332,
        "Cost of goods sold": 507372,
        "Gross Profit": 68960,
        "Financial expenses": 21582,
        "Of which: Interest expense": 19442,
        "Cost of sales": 25607,
        "Enterprise cost management": 13477,
        "Total Operating Expenses": 60666,
        "Total revenue financing activities": 7807,
        "Net profit from business activities": 16100,
        "Profit": -8790,
        "Profit before tax": 7310,
        "Present corporate income tax expenses": 1817,
        "Deferred income taxes expenses": "N/A",
        "The interests of minority shareholders": -1,
        "Total Cost of profits": 1816,
        "Profit after tax corporate income": 5494,
        "Volume": 65605250,
        "Close of Quarter": 6.9,
        "EPS": -67,
        "Non-adjusted EPS": -67,
        "PE": -103.6,
        "Book Price": 19.8
      }
    },
    {
      "quarter": "Q4 2015",
      "income status": {
        "Net sales": 686983,
        "Cost of goods sold": 572886,
        "Gross Profit": 114097,
        "Financial expenses": 29622,
        "Of which: Interest expense": 21944,
        "Cost of sales": 41588,
        "Enterprise cost management": 16606,
        "Total Operating Expenses": 87816,
        "Total revenue financing activities": 9708,
        "Net profit from business activities": -29731,
        "Profit": 1083,
        "Profit before tax": -28648,
        "Present corporate income tax expenses": -2943,
        "Deferred income taxes expenses": -420,
        "The interests of minority shareholders": 6,
        "Total Cost of profits": -3357,
        "Profit after tax corporate income": -25291,
        "Volume": 65605250,
        "Close of Quarter": 7.1,
        "EPS": 68,
        "Non-adjusted EPS": 68,
        "PE": 104.7,
        "Book Price": 19.8
      }
    },
    {
      "quarter": "Q3 2015",
      "income status": {
        "Net sales": 706358,
        "Cost of goods sold": 589613,
        "Gross Profit": 116745,
        "Financial expenses": 31251,
        "Of which: Interest expense": 21513,
        "Cost of sales": 45880,
        "Enterprise cost management": 20664,
        "Total Operating Expenses": 97795,
        "Total revenue financing activities": 9088,
        "Net profit from business activities": 23724,
        "Profit": -10478,
        "Profit before tax": 13245,
        "Present corporate income tax expenses": 3744,
        "Deferred income taxes expenses": "N/A",
        "The interests of minority shareholders": 5,
        "Total Cost of profits": 3749,
        "Profit after tax corporate income": 9496,
        "Volume": 65605250,
        "Close of Quarter": 7.4,
        "EPS": 692,
        "Non-adjusted EPS": 692,
        "PE": 10.7,
        "Book Price": 20.2
      }
    },
    {
      "quarter": "Q2 2015",
      "income status": {
        "Net sales": 556360,
        "Cost of goods sold": 470197,
        "Gross Profit": 86164,
        "Financial expenses": 35287,
        "Of which: Interest expense": 21650,
        "Cost of sales": 47276,
        "Enterprise cost management": 15901,
        "Total Operating Expenses": 98464,
        "Total revenue financing activities": 14817,
        "Net profit from business activities": 2517,
        "Profit": 5619,
        "Profit before tax": 8136,
        "Present corporate income tax expenses": 2159,
        "Deferred income taxes expenses": 15,
        "The interests of minority shareholders": 32,
        "Total Cost of profits": 2206,
        "Profit after tax corporate income": 5930,
        "Volume": 65605250,
        "Close of Quarter": 8.6,
        "EPS": 928,
        "Non-adjusted EPS": 928,
        "PE": 9.3,
        "Book Price": 20
      }
    },
    {
      "quarter": "Q1 2015",
      "income status": {
        "Net sales": 544775,
        "Cost of goods sold": 478015,
        "Gross Profit": 66759,
        "Financial expenses": 20019,
        "Of which: Interest expense": 15421,
        "Cost of sales": 25913,
        "Enterprise cost management": 14278,
        "Total Operating Expenses": 60210,
        "Total revenue financing activities": 8362,
        "Net profit from business activities": 14911,
        "Profit": 508,
        "Profit before tax": 15420,
        "Present corporate income tax expenses": 1100,
        "Deferred income taxes expenses": "N/A",
        "The interests of minority shareholders": 24,
        "Total Cost of profits": 1124,
        "Profit after tax corporate income": 14295,
        "Volume": 65605250,
        "Close of Quarter": 9.0,
        "EPS": 1032,
        "Non-adjusted EPS": 1032,
        "PE": 8.7,
        "Book Price": 20.8
      }
    },
    {
      "quarter": "Q4 2014",
      "income status": {
        "Net sales": 853136,
        "Cost of goods sold": 717494,
        "Gross Profit": 135642,
        "Financial expenses": 25022,
        "Of which: Interest expense": 18315,
        "Cost of sales": 68943,
        "Enterprise cost management": 36198,
        "Total Operating Expenses": 130163,
        "Total revenue financing activities": 8685,
        "Net profit from business activities": 14165,
        "Profit": 1680,
        "Profit before tax": 15845,
        "Present corporate income tax expenses": 245,
        "Deferred income taxes expenses": -59,
        "The interests of minority shareholders": 12,
        "Total Cost of profits": 198,
        "Profit after tax corporate income": 15647,
        "Volume": 65605250,
        "Close of Quarter": 8.0,
        "EPS": 926,
        "Non-adjusted EPS": 926,
        "PE": 8.7,
        "Book Price": 20.6
      }
    },
    {
      "quarter": "Q3 2014",
      "income status": {
        "Net sales": 713291,
        "Cost of goods sold": 601461,
        "Gross Profit": 111830,
        "Financial expenses": 16880,
        "Of which: Interest expense": 14558,
        "Cost of sales": 44837,
        "Enterprise cost management": 33371,
        "Total Operating Expenses": 95088,
        "Total revenue financing activities": 3046,
        "Net profit from business activities": 19788,
        "Profit": 5212,
        "Profit before tax": 25000,
        "Present corporate income tax expenses": "N/A",
        "Deferred income taxes expenses": "N/A",
        "The interests of minority shareholders": -1,
        "Total Cost of profits": -1,
        "Profit after tax corporate income": 25001,
        "Volume": 65605250,
        "Close of Quarter": 8.6,
        "EPS": 342,
        "Non-adjusted EPS": 342,
        "PE": 25.1,
        "Book Price": 20.4
      }
    },
    {
      "quarter": "Q2 2014",
      "income status": {
        "Net sales": 581037,
        "Cost of goods sold": 476332,
        "Gross Profit": 104705,
        "Financial expenses": 25325,
        "Of which: Interest expense": 16915,
        "Cost of sales": 41341,
        "Enterprise cost management": 32744,
        "Total Operating Expenses": 99410,
        "Total revenue financing activities": 5396,
        "Net profit from business activities": 10692,
        "Profit": 2138,
        "Profit before tax": 12830,
        "Present corporate income tax expenses": "N/A",
        "Deferred income taxes expenses": 80,
        "The interests of minority shareholders": -44,
        "Total Cost of profits": 36,
        "Profit after tax corporate income": 12794,
        "Volume": 65605250,
        "Close of Quarter": 7.9,
        "EPS": 325,
        "Non-adjusted EPS": 325,
        "PE": 24.2,
        "Book Price": 20
      }
    },
    {
      "quarter": "Q1 2014",
      "income status": {
        "Net sales": 622279,
        "Cost of goods sold": 553841,
        "Gross Profit": 68438,
        "Financial expenses": 16288,
        "Of which: Interest expense": 16064,
        "Cost of sales": 37355,
        "Enterprise cost management": 11422,
        "Total Operating Expenses": 65065,
        "Total revenue financing activities": 3258,
        "Net profit from business activities": 6630,
        "Profit": 674,
        "Profit before tax": 7304,
        "Present corporate income tax expenses": "N/A",
        "Deferred income taxes expenses": "N/A",
        "The interests of minority shareholders": -20,
        "Total Cost of profits": -20,
        "Profit after tax corporate income": 7324,
        "Volume": 65605250,
        "Close of Quarter": 9.1,
        "EPS": 160,
        "Non-adjusted EPS": 160,
        "PE": 56.8,
        "Book Price": 20.8
      }
    },
    {
      "quarter": "Q4 2013",
      "income status": {
        "Net sales": 668619,
        "Cost of goods sold": 584664,
        "Gross Profit": 83955,
        "Financial expenses": 22306,
        "Of which: Interest expense": 19412,
        "Cost of sales": 46581,
        "Enterprise cost management": 42671,
        "Total Operating Expenses": 111558,
        "Total revenue financing activities": 2516,
        "Net profit from business activities": -25087,
        "Profit": 1673,
        "Profit before tax": -23415,
        "Present corporate income tax expenses": 267,
        "Deferred income taxes expenses": -428,
        "The interests of minority shareholders": -564,
        "Total Cost of profits": -725,
        "Profit after tax corporate income": -22690,
        "Volume": 65605250,
        "Close of Quarter": 6.3,
        "EPS": 145,
        "Non-adjusted EPS": 145,
        "PE": 43.5,
        "Book Price": 20.7
      }
    },
    {
      "quarter": "Q3 2013",
      "income status": {
        "Net sales": 651937,
        "Cost of goods sold": 544974,
        "Gross Profit": 106962,
        "Financial expenses": 17528,
        "Of which: Interest expense": 15987,
        "Cost of sales": 49233,
        "Enterprise cost management": 22412,
        "Total Operating Expenses": 89173,
        "Total revenue financing activities": 5842,
        "Net profit from business activities": 23631,
        "Profit": 41,
        "Profit before tax": 23672,
        "Present corporate income tax expenses": 105,
        "Deferred income taxes expenses": "N/A",
        "The interests of minority shareholders": -339,
        "Total Cost of profits": -234,
        "Profit after tax corporate income": 23906,
        "Volume": 65605250,
        "Close of Quarter": 4.9,
        "EPS": 614,
        "Non-adjusted EPS": 614,
        "PE": 8.0,
        "Book Price": 21.2
      }
    },
    {
      "quarter": "Q2 2013",
      "income status": {
        "Net sales": 694712,
        "Cost of goods sold": 594664,
        "Gross Profit": 100049,
        "Financial expenses": 21208,
        "Of which: Interest expense": 18811,
        "Cost of sales": 68818,
        "Enterprise cost management": 17910,
        "Total Operating Expenses": 107936,
        "Total revenue financing activities": 10839,
        "Net profit from business activities": 2952,
        "Profit": 565,
        "Profit before tax": 3517,
        "Present corporate income tax expenses": 1609,
        "Deferred income taxes expenses": -240,
        "The interests of minority shareholders": 187,
        "Total Cost of profits": 1556,
        "Profit after tax corporate income": 1961,
        "Volume": 65605250,
        "Close of Quarter": 5.4,
        "EPS": 334,
        "Non-adjusted EPS": 334,
        "PE": 16.2,
        "Book Price": 20.8
      }
    },
    {
      "quarter": "Q1 2013",
      "income status": {
        "Net sales": 489382,
        "Cost of goods sold": 431324,
        "Gross Profit": 58058,
        "Financial expenses": 14314,
        "Of which: Interest expense": 14292,
        "Cost of sales": 34155,
        "Enterprise cost management": 9248,
        "Total Operating Expenses": 57717,
        "Total revenue financing activities": 6412,
        "Net profit from business activities": 6753,
        "Profit": -238,
        "Profit before tax": 6515,
        "Present corporate income tax expenses": "N/A",
        "Deferred income taxes expenses": "N/A",
        "The interests of minority shareholders": 161,
        "Total Cost of profits": 161,
        "Profit after tax corporate income": 6354,
        "Volume": 65605250,
        "Close of Quarter": 5.1,
        "EPS": 467,
        "Non-adjusted EPS": 467,
        "PE": 11.0,
        "Book Price": 21.7
      }
    },
    {
      "quarter": "Q4 2012",
      "income status": {
        "Net sales": 427608,
        "Cost of goods sold": 361074,
        "Gross Profit": 66535,
        "Financial expenses": 13412,
        "Of which: Interest expense": 12936,
        "Cost of sales": 46400,
        "Enterprise cost management": 12007,
        "Total Operating Expenses": 71819,
        "Total revenue financing activities": 9197,
        "Net profit from business activities": 3913,
        "Profit": 4327,
        "Profit before tax": 8240,
        "Present corporate income tax expenses": 57,
        "Deferred income taxes expenses": 11,
        "The interests of minority shareholders": 133,
        "Total Cost of profits": 201,
        "Profit after tax corporate income": 8039,
        "Volume": 65605250,
        "Close of Quarter": 6.4,
        "EPS": 523,
        "Non-adjusted EPS": 523,
        "PE": 12.2,
        "Book Price": 21.7
      }
    },
    {
      "quarter": "Q3 2012",
      "income status": {
        "Net sales": 385301,
        "Cost of goods sold": 342917,
        "Gross Profit": 42384,
        "Financial expenses": 13041,
        "Of which: Interest expense": 12765,
        "Cost of sales": 19761,
        "Enterprise cost management": 9963,
        "Total Operating Expenses": 42765,
        "Total revenue financing activities": 1568,
        "Net profit from business activities": 1188,
        "Profit": -74,
        "Profit before tax": 1114,
        "Present corporate income tax expenses": 75,
        "Deferred income taxes expenses": "N/A",
        "The interests of minority shareholders": -4493,
        "Total Cost of profits": -4418,
        "Profit after tax corporate income": 5533,
        "Volume": 65605250,
        "Close of Quarter": 4.3,
        "EPS": 959,
        "Non-adjusted EPS": 959,
        "PE": 4.5,
        "Book Price": 21.6
      }
    },
    {
      "quarter": "Q2 2012",
      "income status": {
        "Net sales": 590805,
        "Cost of goods sold": 512994,
        "Gross Profit": 77811,
        "Financial expenses": 21892,
        "Of which: Interest expense": 22495,
        "Cost of sales": 34493,
        "Enterprise cost management": 14920,
        "Total Operating Expenses": 71305,
        "Total revenue financing activities": 5111,
        "Net profit from business activities": 11617,
        "Profit": -2835,
        "Profit before tax": 8782,
        "Present corporate income tax expenses": 124,
        "Deferred income taxes expenses": "N/A",
        "The interests of minority shareholders": -2082,
        "Total Cost of profits": -1958,
        "Profit after tax corporate income": 10740,
        "Volume": 65605250,
        "Close of Quarter": 5.5,
        "EPS": 1215,
        "Non-adjusted EPS": 1215,
        "PE": 4.5,
        "Book Price": 21.5
      }
    },
    {
      "quarter": "Q1 2012",
      "income status": {
        "Net sales": 324790,
        "Cost of goods sold": 284974,
        "Gross Profit": 39817,
        "Financial expenses": 16206,
        "Of which: Interest expense": 15742,
        "Cost of sales": 17005,
        "Enterprise cost management": 7076,
        "Total Operating Expenses": 40287,
        "Total revenue financing activities": 5738,
        "Net profit from business activities": 5267,
        "Profit": 1998,
        "Profit before tax": 7265,
        "Present corporate income tax expenses": "N/A",
        "Deferred income taxes expenses": "N/A",
        "The interests of minority shareholders": -2739,
        "Total Cost of profits": -2739,
        "Profit after tax corporate income": 10004,
        "Volume": 65605250,
        "Close of Quarter": 5.6,
        "EPS": 1216,
        "Non-adjusted EPS": 1216,
        "PE": 4.6,
        "Book Price": 22.1
      }
    },
    {
      "quarter": "Q4 2011",
      "income status": {
        "Net sales": 550810,
        "Cost of goods sold": 472693,
        "Gross Profit": 78117,
        "Financial expenses": 19742,
        "Of which: Interest expense": 15288,
        "Cost of sales": 32195,
        "Enterprise cost management": 27369,
        "Total Operating Expenses": 79306,
        "Total revenue financing activities": 31513,
        "Net profit from business activities": 30325,
        "Profit": -2790,
        "Profit before tax": 27535,
        "Present corporate income tax expenses": "N/A",
        "Deferred income taxes expenses": "N/A",
        "The interests of minority shareholders": -9110,
        "Total Cost of profits": -9110,
        "Profit after tax corporate income": 36645,
        "Volume": 65605250,
        "Close of Quarter": 4.4,
        "EPS": 1069,
        "Non-adjusted EPS": 1069,
        "PE": 4.1,
        "Book Price": 22.2
      }
    },
    {
      "quarter": "Q3 2011",
      "income status": {
        "Net sales": 484050,
        "Cost of goods sold": 442627,
        "Gross Profit": 41424,
        "Financial expenses": 12108,
        "Of which: Interest expense": 11607,
        "Cost of sales": 22222,
        "Enterprise cost management": 8340,
        "Total Operating Expenses": 42670,
        "Total revenue financing activities": 13366,
        "Net profit from business activities": 12120,
        "Profit": 853,
        "Profit before tax": 12972,
        "Present corporate income tax expenses": "N/A",
        "Deferred income taxes expenses": "N/A",
        "The interests of minority shareholders": -9380,
        "Total Cost of profits": -9380,
        "Profit after tax corporate income": 22352,
        "Volume": 65605250,
        "Close of Quarter": 6.0,
        "EPS": 779,
        "Non-adjusted EPS": 779,
        "PE": 7.7,
        "Book Price": 21.7
      }
    },
    {
      "quarter": "Q2 2011",
      "income status": {
        "Net sales": 469940,
        "Cost of goods sold": 424458,
        "Gross Profit": 45482,
        "Financial expenses": 21291,
        "Of which: Interest expense": 10470,
        "Cost of sales": 24649,
        "Enterprise cost management": 8621,
        "Total Operating Expenses": 54561,
        "Total revenue financing activities": 22426,
        "Net profit from business activities": 13347,
        "Profit": -2578,
        "Profit before tax": 10768,
        "Present corporate income tax expenses": "N/A",
        "Deferred income taxes expenses": "N/A",
        "The interests of minority shareholders": "N/A",
        "Total Cost of profits": 0,
        "Profit after tax corporate income": 10768,
        "Volume": 65605250,
        "Close of Quarter": 4.9,
        "EPS": 620,
        "Non-adjusted EPS": 620,
        "PE": 7.9,
        "Book Price": 21.3
      }
    },
    {
      "quarter": "Q1 2011",
      "income status": {
        "Net sales": 250555,
        "Cost of goods sold": 234053,
        "Gross Profit": 16502,
        "Financial expenses": 13652,
        "Of which: Interest expense": 11419,
        "Cost of sales": 15164,
        "Enterprise cost management": 8893,
        "Total Operating Expenses": 37709,
        "Total revenue financing activities": 27267,
        "Net profit from business activities": 6060,
        "Profit": -5681,
        "Profit before tax": 379,
        "Present corporate income tax expenses": "N/A",
        "Deferred income taxes expenses": "N/A",
        "The interests of minority shareholders": "N/A",
        "Total Cost of profits": 0,
        "Profit after tax corporate income": 379,
        "Volume": 65605250,
        "Close of Quarter": 6.7,
        "EPS": 890,
        "Non-adjusted EPS": 890,
        "PE": 7.6,
        "Book Price": 21.9
      }
    },
    {
      "quarter": "Q4 2010",
      "income status": {
        "Net sales": 399902,
        "Cost of goods sold": 335248,
        "Gross Profit": 64654,
        "Financial expenses": 11931,
        "Of which: Interest expense": 5744,
        "Cost of sales": 33884,
        "Enterprise cost management": 30554,
        "Total Operating Expenses": 76369,
        "Total revenue financing activities": 33726,
        "Net profit from business activities": 22012,
        "Profit": -4376,
        "Profit before tax": 17636,
        "Present corporate income tax expenses": "N/A",
        "Deferred income taxes expenses": 9,
        "The interests of minority shareholders": "N/A",
        "Total Cost of profits": 9,
        "Profit after tax corporate income": 17627,
        "Volume": 65605250,
        "Close of Quarter": 7.8,
        "EPS": 1189,
        "Non-adjusted EPS": 1189,
        "PE": 6.5,
        "Book Price": 22.8
      }
    },
    {
      "quarter": "Q3 2010",
      "income status": {
        "Net sales": 317932,
        "Cost of goods sold": 283623,
        "Gross Profit": 34309,
        "Financial expenses": 7032,
        "Of which: Interest expense": 6899,
        "Cost of sales": 28505,
        "Enterprise cost management": 6924,
        "Total Operating Expenses": 42461,
        "Total revenue financing activities": 20572,
        "Net profit from business activities": 12421,
        "Profit": -495,
        "Profit before tax": 11926,
        "Present corporate income tax expenses": "N/A",
        "Deferred income taxes expenses": "N/A",
        "The interests of minority shareholders": "N/A",
        "Total Cost of profits": 0,
        "Profit after tax corporate income": 11926,
        "Volume": 65605250,
        "Close of Quarter": 9.4,
        "EPS": -610,
        "Non-adjusted EPS": -610,
        "PE": -15.5,
        "Book Price": 22.6
      }
    },
    {
      "quarter": "Q2 2010",
      "income status": {
        "Net sales": 375853,
        "Cost of goods sold": "N/A",
        "Gross Profit": 63678,
        "Financial expenses": "N/A",
        "Of which: Interest expense": 9743,
        "Cost of sales": "N/A",
        "Enterprise cost management": 13980,
        "Total Operating Expenses": 13980,
        "Total revenue financing activities": "N/A",
        "Net profit from business activities": 26503,
        "Profit": 1505,
        "Profit before tax": 28008,
        "Present corporate income tax expenses": "N/A",
        "Deferred income taxes expenses": 2696,
        "The interests of minority shareholders": "N/A",
        "Total Cost of profits": 2696,
        "Profit after tax corporate income": 28449,
        "Volume": 65605250,
        "Close of Quarter": 10.9,
        "EPS": -719,
        "Non-adjusted EPS": -719,
        "PE": -15.2,
        "Book Price": 22.4
      }
    },
    {
      "quarter": "Q1 2010",
      "income status": {
        "Net sales": 359994,
        "Cost of goods sold": "N/A",
        "Gross Profit": 42950,
        "Financial expenses": "N/A",
        "Of which: Interest expense": 9413,
        "Cost of sales": "N/A",
        "Enterprise cost management": 5896,
        "Total Operating Expenses": 5896,
        "Total revenue financing activities": "N/A",
        "Net profit from business activities": 19822,
        "Profit": 189,
        "Profit before tax": 20011,
        "Present corporate income tax expenses": "N/A",
        "Deferred income taxes expenses": "N/A",
        "The interests of minority shareholders": "N/A",
        "Total Cost of profits": 0,
        "Profit after tax corporate income": 20011,
        "Volume": 65605250,
        "Close of Quarter": 10.4,
        "EPS": -1434,
        "Non-adjusted EPS": -1434,
        "PE": -7.2,
        "Book Price": 22.7
      }
    },
    {
      "quarter": "Q4 2009",
      "income status": {
        "Net sales": 436086,
        "Cost of goods sold": "N/A",
        "Gross Profit": -54601,
        "Financial expenses": "N/A",
        "Of which: Interest expense": 7954,
        "Cost of sales": "N/A",
        "Enterprise cost management": 40134,
        "Total Operating Expenses": 40134,
        "Total revenue financing activities": "N/A",
        "Net profit from business activities": -101357,
        "Profit": 921,
        "Profit before tax": -100436,
        "Present corporate income tax expenses": "N/A",
        "Deferred income taxes expenses": -45,
        "The interests of minority shareholders": "N/A",
        "Total Cost of profits": -45,
        "Profit after tax corporate income": -100391,
        "Volume": 65605250,
        "Close of Quarter": 9.3,
        "EPS": -2681,
        "Non-adjusted EPS": -2681,
        "PE": -3.5,
        "Book Price": 21.6
      }
    },
    {
      "quarter": "Q3 2009",
      "income status": {
        "Net sales": 477116,
        "Cost of goods sold": "N/A",
        "Gross Profit": 25854,
        "Financial expenses": "N/A",
        "Of which: Interest expense": "N/A",
        "Cost of sales": "N/A",
        "Enterprise cost management": 7189,
        "Total Operating Expenses": 7189,
        "Total revenue financing activities": "N/A",
        "Net profit from business activities": 3704,
        "Profit": 1067,
        "Profit before tax": 4771,
        "Present corporate income tax expenses": "N/A",
        "Deferred income taxes expenses": "N/A",
        "The interests of minority shareholders": "N/A",
        "Total Cost of profits": 0,
        "Profit after tax corporate income": 4771,
        "Volume": 65605250,
        "Close of Quarter": 14.1,
        "EPS": -3150,
        "Non-adjusted EPS": -3150,
        "PE": -4.5,
        "Book Price": 23.2
      }
    },
    {
      "quarter": "Q2 2009",
      "income status": {
        "Net sales": 555269,
        "Cost of goods sold": "N/A",
        "Gross Profit": 5467,
        "Financial expenses": "N/A",
        "Of which: Interest expense": 8059,
        "Cost of sales": "N/A",
        "Enterprise cost management": 8130,
        "Total Operating Expenses": 8130,
        "Total revenue financing activities": "N/A",
        "Net profit from business activities": -18675,
        "Profit": 324,
        "Profit before tax": -18350,
        "Present corporate income tax expenses": "N/A",
        "Deferred income taxes expenses": 134,
        "The interests of minority shareholders": "N/A",
        "Total Cost of profits": 134,
        "Profit after tax corporate income": -18485,
        "Volume": 65605250,
        "Close of Quarter": 9.0,
        "EPS": -1962,
        "Non-adjusted EPS": -1962,
        "PE": -4.6,
        "Book Price": 23.2
      }
    },
    {
      "quarter": "Q1 2009",
      "income status": {
        "Net sales": 390880,
        "Cost of goods sold": 408553,
        "Gross Profit": -17673,
        "Financial expenses": 19093,
        "Of which: Interest expense": 18097,
        "Cost of sales": 30968,
        "Enterprise cost management": 7081,
        "Total Operating Expenses": 57142,
        "Total revenue financing activities": 13036,
        "Net profit from business activities": -61780,
        "Profit": 3,
        "Profit before tax": -61777,
        "Present corporate income tax expenses": "N/A",
        "Deferred income taxes expenses": "N/A",
        "The interests of minority shareholders": "N/A",
        "Total Cost of profits": 0,
        "Profit after tax corporate income": -61777,
        "Volume": 66000000,
        "Close of Quarter": 8.2,
        "EPS": -429.6,
        "Non-adjusted EPS": -427,
        "PE": -19.3,
        "Book Price": 23.4
      }
    },
    {
      "quarter": "Q4 2008",
      "income status": {
        "Net sales": 827219,
        "Cost of goods sold": 824342,
        "Gross Profit": 2877,
        "Financial expenses": 49006,
        "Of which: Interest expense": 39838,
        "Cost of sales": 92813,
        "Enterprise cost management": 27158,
        "Total Operating Expenses": 168977,
        "Total revenue financing activities": 37944,
        "Net profit from business activities": -128157,
        "Profit": 1682,
        "Profit before tax": -126475,
        "Present corporate income tax expenses": 5620,
        "Deferred income taxes expenses": -933,
        "The interests of minority shareholders": "N/A",
        "Total Cost of profits": 4687,
        "Profit after tax corporate income": -131162,
        "Volume": 66000000,
        "Close of Quarter": 10.1,
        "EPS": 1701.2,
        "Non-adjusted EPS": 1691,
        "PE": 6.0,
        "Book Price": 24.7
      }
    },
    {
      "quarter": "Q3 2008",
      "income status": {
        "Net sales": 1163257,
        "Cost of goods sold": 960038,
        "Gross Profit": 203219,
        "Financial expenses": 38679,
        "Of which: Interest expense": 27721,
        "Cost of sales": 102375,
        "Enterprise cost management": 11370,
        "Total Operating Expenses": 152424,
        "Total revenue financing activities": 34109,
        "Net profit from business activities": 84903,
        "Profit": 742,
        "Profit before tax": 85645,
        "Present corporate income tax expenses": 2934,
        "Deferred income taxes expenses": "N/A",
        "The interests of minority shareholders": "N/A",
        "Total Cost of profits": 2934,
        "Profit after tax corporate income": 82710,
        "Volume": 66000000,
        "Close of Quarter": 21.6,
        "EPS": 5442.6,
        "Non-adjusted EPS": 5410,
        "PE": 4.0,
        "Book Price": 28.4
      }
    },
    {
      "quarter": "Q2 2008",
      "income status": {
        "Net sales": 650607,
        "Cost of goods sold": 519490,
        "Gross Profit": 131117,
        "Financial expenses": 57672,
        "Of which: Interest expense": 15936,
        "Cost of sales": 50506,
        "Enterprise cost management": 8874,
        "Total Operating Expenses": 117052,
        "Total revenue financing activities": 72197,
        "Net profit from business activities": 86262,
        "Profit": 353,
        "Profit before tax": 86614,
        "Present corporate income tax expenses": 4550,
        "Deferred income taxes expenses": "N/A",
        "The interests of minority shareholders": "N/A",
        "Total Cost of profits": 4550,
        "Profit after tax corporate income": 82064,
        "Volume": 66000000,
        "Close of Quarter": 25.2,
        "EPS": 5271.5,
        "Non-adjusted EPS": 5240,
        "PE": 4.8,
        "Book Price": 27.3
      }
    },
    {
      "quarter": "Q1 2008",
      "income status": {
        "Net sales": 700269,
        "Cost of goods sold": 551911,
        "Gross Profit": 148357,
        "Financial expenses": 19639,
        "Of which: Interest expense": 6636,
        "Cost of sales": 64998,
        "Enterprise cost management": 9366,
        "Total Operating Expenses": 94003,
        "Total revenue financing activities": 28419,
        "Net profit from business activities": 82773,
        "Profit": 372,
        "Profit before tax": 83146,
        "Present corporate income tax expenses": 5158,
        "Deferred income taxes expenses": "N/A",
        "The interests of minority shareholders": "N/A",
        "Total Cost of profits": 5158,
        "Profit after tax corporate income": 77987,
        "Volume": 66000000,
        "Close of Quarter": 25.7,
        "EPS": 5152.8,
        "Non-adjusted EPS": 5122,
        "PE": 5.0,
        "Book Price": 26.8
      }
    },
    {
      "quarter": "Q4 2007",
      "income status": {
        "Net sales": 648155,
        "Cost of goods sold": 449001,
        "Gross Profit": 199153,
        "Financial expenses": 6941,
        "Of which: Interest expense": 857,
        "Cost of sales": 63163,
        "Enterprise cost management": 14296,
        "Total Operating Expenses": 84400,
        "Total revenue financing activities": 23288,
        "Net profit from business activities": 138042,
        "Profit": 3356,
        "Profit before tax": 141398,
        "Present corporate income tax expenses": 28768,
        "Deferred income taxes expenses": -1657,
        "The interests of minority shareholders": "N/A",
        "Total Cost of profits": 27111,
        "Profit after tax corporate income": 114287,
        "Volume": 66000000,
        "Close of Quarter": 44.0,
        "EPS": 4067.3,
        "Non-adjusted EPS": 4043,
        "PE": 10.9,
        "Book Price": 25.8
      }
    },
    {
      "quarter": "Q3 2007",
      "income status": {
        "Net sales": 769193,
        "Cost of goods sold": 631767,
        "Gross Profit": 137426,
        "Financial expenses": 8605,
        "Of which: Interest expense": 4300,
        "Cost of sales": 59805,
        "Enterprise cost management": 10941,
        "Total Operating Expenses": 79351,
        "Total revenue financing activities": 18553,
        "Net profit from business activities": 76628,
        "Profit": 5642,
        "Profit before tax": 82270,
        "Present corporate income tax expenses": 10768,
        "Deferred income taxes expenses": "N/A",
        "The interests of minority shareholders": "N/A",
        "Total Cost of profits": 10768,
        "Profit after tax corporate income": 71502,
        "Volume": 66000000,
        "Close of Quarter": "N/A",
        "EPS": 2325.9,
        "Non-adjusted EPS": 2312,
        "PE": "N/A",
        "Book Price": 25.5
      }
    },
    {
      "quarter": "Q2 2007",
      "income status": {
        "Net sales": 957804,
        "Cost of goods sold": 782065,
        "Gross Profit": 175739,
        "Financial expenses": 16046,
        "Of which: Interest expense": 13045,
        "Cost of sales": 89696,
        "Enterprise cost management": 7420,
        "Total Operating Expenses": 113162,
        "Total revenue financing activities": 17826,
        "Net profit from business activities": 80403,
        "Profit": -462,
        "Profit before tax": 79940,
        "Present corporate income tax expenses": 5681,
        "Deferred income taxes expenses": "N/A",
        "The interests of minority shareholders": "N/A",
        "Total Cost of profits": 5681,
        "Profit after tax corporate income": 74260,
        "Volume": 66000000,
        "Close of Quarter": "N/A",
        "EPS": 1235.4,
        "Non-adjusted EPS": 1228,
        "PE": "N/A",
        "Book Price": "N/A"
      }
    },
    {
      "quarter": "Q4 2006",
      "income status": {
        "Net sales": 50826,
        "Cost of goods sold": 40902,
        "Gross Profit": 9924,
        "Financial expenses": 685,
        "Of which: Interest expense": 685,
        "Cost of sales": 1539,
        "Enterprise cost management": 2529,
        "Total Operating Expenses": 4753,
        "Total revenue financing activities": 2385,
        "Net profit from business activities": 7556,
        "Profit": "N/A",
        "Profit before tax": 7556,
        "Present corporate income tax expenses": 756,
        "Deferred income taxes expenses": "N/A",
        "The interests of minority shareholders": "N/A",
        "Total Cost of profits": 756,
        "Profit after tax corporate income": 6800,
        "Volume": 66000000,
        "Close of Quarter": "N/A",
        "EPS": 103.6,
        "Non-adjusted EPS": 103,
        "PE": "N/A",
        "Book Price": 0.6
      }
    }
  ]
}