{
  "ticker": "VCB",
  "data": [
    {
      "quarter": "Q1 2017",
      "income status": {
        "Net sales": 5275809,
        "Cost of goods sold": 10771959,
        "Gross Profit": -5496150,
        "Financial expenses": 597758,
        "Of which: Interest expense": "N/A",
        "Cost of sales": 1211327,
        "Enterprise cost management": 3149927,
        "Total Operating Expenses": 4959012,
        "Total revenue financing activities": 2011682,
        "Net profit from business activities": 4137564,
        "Profit": -1400661,
        "Profit before tax": 2736903,
        "Present corporate income tax expenses": -527258,
        "Deferred income taxes expenses": "N/A",
        "The interests of minority shareholders": 3638,
        "Total Cost of profits": -523620,
        "Profit after tax corporate income": 2206007,
        "Volume": 3597768575,
        "Close of Quarter": 36.9,
        "EPS": 2000,
        "Non-adjusted EPS": 2000,
        "PE": 18.5,
        "Book Price": 13.9
      }
    },
    {
      "quarter": "Q4 2016",
      "income status": {
        "Net sales": 4883490,
        "Cost of goods sold": 10245033,
        "Gross Profit": -5361543,
        "Financial expenses": 975481,
        "Of which: Interest expense": "N/A",
        "Cost of sales": 1237854,
        "Enterprise cost management": 2478081,
        "Total Operating Expenses": 4691416,
        "Total revenue financing activities": 1682646,
        "Net profit from business activities": 4088055,
        "Profit": -1896832,
        "Profit before tax": 2191223,
        "Present corporate income tax expenses": -416860,
        "Deferred income taxes expenses": "N/A",
        "The interests of minority shareholders": 6521,
        "Total Cost of profits": -410339,
        "Profit after tax corporate income": 1767842,
        "Volume": 3597768575,
        "Close of Quarter": 35.5,
        "EPS": 1897,
        "Non-adjusted EPS": 1897,
        "PE": 18.7,
        "Book Price": 13.7
      }
    },
    {
      "quarter": "Q3 2016",
      "income status": {
        "Net sales": 4488492,
        "Cost of goods sold": 9447193,
        "Gross Profit": -4958701,
        "Financial expenses": 395051,
        "Of which: Interest expense": "N/A",
        "Cost of sales": 1077573,
        "Enterprise cost management": 2503744,
        "Total Operating Expenses": 3976368,
        "Total revenue financing activities": 1571828,
        "Net profit from business activities": 3556576,
        "Profit": -1510057,
        "Profit before tax": 2046519,
        "Present corporate income tax expenses": -405008,
        "Deferred income taxes expenses": "N/A",
        "The interests of minority shareholders": 4649,
        "Total Cost of profits": -400359,
        "Profit after tax corporate income": 1636862,
        "Volume": 2665020334,
        "Close of Quarter": 38.3,
        "EPS": 1875.6,
        "Non-adjusted EPS": 2532,
        "PE": 15.1,
        "Book Price": 13.2
      }
    },
    {
      "quarter": "Q2 2016",
      "income status": {
        "Net sales": 4624667,
        "Cost of goods sold": 9227108,
        "Gross Profit": -4602441,
        "Financial expenses": 587259,
        "Of which: Interest expense": "N/A",
        "Cost of sales": 1042851,
        "Enterprise cost management": 2630525,
        "Total Operating Expenses": 4260635,
        "Total revenue financing activities": 1684344,
        "Net profit from business activities": 3678486,
        "Profit": -1698322,
        "Profit before tax": 1980164,
        "Present corporate income tax expenses": -391982,
        "Deferred income taxes expenses": "N/A",
        "The interests of minority shareholders": 3824,
        "Total Cost of profits": -388158,
        "Profit after tax corporate income": 1584358,
        "Volume": 2665020334,
        "Close of Quarter": 34.3,
        "EPS": 1745.9,
        "Non-adjusted EPS": 2357,
        "PE": 14.6,
        "Book Price": 13.5
      }
    },
    {
      "quarter": "Q1 2016",
      "income status": {
        "Net sales": 4532765,
        "Cost of goods sold": 8806228,
        "Gross Profit": -4273463,
        "Financial expenses": 357105,
        "Of which: Interest expense": "N/A",
        "Cost of sales": 954874,
        "Enterprise cost management": 2367354,
        "Total Operating Expenses": 3679333,
        "Total revenue financing activities": 1439197,
        "Net profit from business activities": 3604608,
        "Profit": -1305197,
        "Profit before tax": 2299411,
        "Present corporate income tax expenses": -458429,
        "Deferred income taxes expenses": "N/A",
        "The interests of minority shareholders": 4296,
        "Total Cost of profits": -454133,
        "Profit after tax corporate income": 1836686,
        "Volume": 2665020334,
        "Close of Quarter": 29.8,
        "EPS": 1672.6,
        "Non-adjusted EPS": 2258,
        "PE": 13.2,
        "Book Price": 13.0
      }
    },
    {
      "quarter": "Q4 2015",
      "income status": {
        "Net sales": 4437264,
        "Cost of goods sold": 8508725,
        "Gross Profit": -4071461,
        "Financial expenses": 1040346,
        "Of which: Interest expense": "N/A",
        "Cost of sales": 1025283,
        "Enterprise cost management": 2346779,
        "Total Operating Expenses": 4412408,
        "Total revenue financing activities": 1440191,
        "Net profit from business activities": 3530676,
        "Profit": -1350703,
        "Profit before tax": 2179973,
        "Present corporate income tax expenses": -481914,
        "Deferred income taxes expenses": "N/A",
        "The interests of minority shareholders": 9051,
        "Total Cost of profits": -472863,
        "Profit after tax corporate income": 1689008,
        "Volume": 2665020334,
        "Close of Quarter": 31.9,
        "EPS": 1478.5,
        "Non-adjusted EPS": 1996,
        "PE": 16.0,
        "Book Price": 12.7
      }
    },
    {
      "quarter": "Q3 2015",
      "income status": {
        "Net sales": 3950666,
        "Cost of goods sold": 7980791,
        "Gross Profit": -4030125,
        "Financial expenses": 475310,
        "Of which: Interest expense": "N/A",
        "Cost of sales": 852950,
        "Enterprise cost management": 2704983,
        "Total Operating Expenses": 4033243,
        "Total revenue financing activities": 1623098,
        "Net profit from business activities": 2868781,
        "Profit": -1370994,
        "Profit before tax": 1497787,
        "Present corporate income tax expenses": -322025,
        "Deferred income taxes expenses": "N/A",
        "The interests of minority shareholders": 3647,
        "Total Cost of profits": -318378,
        "Profit after tax corporate income": 1172115,
        "Volume": 2665020334,
        "Close of Quarter": 31.2,
        "EPS": 1378.5,
        "Non-adjusted EPS": 1861,
        "PE": 16.7,
        "Book Price": 12.2
      }
    },
    {
      "quarter": "Q2 2015",
      "income status": {
        "Net sales": 7485439,
        "Cost of goods sold": 3916608,
        "Gross Profit": 3568831,
        "Financial expenses": 8008,
        "Of which: Interest expense": "N/A",
        "Cost of sales": 377303,
        "Enterprise cost management": 1580040,
        "Total Operating Expenses": 1965351,
        "Total revenue financing activities": 1920665,
        "Net profit from business activities": 3524145,
        "Profit": -1829132,
        "Profit before tax": 1695013,
        "Present corporate income tax expenses": -370339,
        "Deferred income taxes expenses": "N/A",
        "The interests of minority shareholders": 3602,
        "Total Cost of profits": -366737,
        "Profit after tax corporate income": 1321072,
        "Volume": 2665020334,
        "Close of Quarter": 35.4,
        "EPS": 1341.5,
        "Non-adjusted EPS": 1811,
        "PE": 19.6,
        "Book Price": 12.7
      }
    },
    {
      "quarter": "Q1 2015",
      "income status": {
        "Net sales": 7385983,
        "Cost of goods sold": 3889712,
        "Gross Profit": 3496271,
        "Financial expenses": 9584,
        "Of which: Interest expense": "N/A",
        "Cost of sales": 346724,
        "Enterprise cost management": 1667018,
        "Total Operating Expenses": 2023326,
        "Total revenue financing activities": 1500091,
        "Net profit from business activities": 2973036,
        "Profit": -1517264,
        "Profit before tax": 1455772,
        "Present corporate income tax expenses": -321160,
        "Deferred income taxes expenses": "N/A",
        "The interests of minority shareholders": -3083,
        "Total Cost of profits": -324243,
        "Profit after tax corporate income": 1137695,
        "Volume": 2665020334,
        "Close of Quarter": 24.9,
        "EPS": 1268.2,
        "Non-adjusted EPS": 1712,
        "PE": 14.6,
        "Book Price": 12.4
      }
    },
    {
      "quarter": "Q4 2014",
      "income status": {
        "Net sales": 7305608,
        "Cost of goods sold": 4047919,
        "Gross Profit": 3257689,
        "Financial expenses": 88015,
        "Of which: Interest expense": "N/A",
        "Cost of sales": 445676,
        "Enterprise cost management": 2170804,
        "Total Operating Expenses": 2704495,
        "Total revenue financing activities": 2201438,
        "Net profit from business activities": 2754632,
        "Profit": -1058881,
        "Profit before tax": 1695751,
        "Present corporate income tax expenses": -356452,
        "Deferred income taxes expenses": "N/A",
        "The interests of minority shareholders": 9275,
        "Total Cost of profits": -347177,
        "Profit after tax corporate income": 1329398,
        "Volume": 2665020334,
        "Close of Quarter": 22.7,
        "EPS": 1276.3,
        "Non-adjusted EPS": 1723,
        "PE": 13.2,
        "Book Price": 12.3
      }
    },
    {
      "quarter": "Q3 2014",
      "income status": {
        "Net sales": 7053374,
        "Cost of goods sold": 4107903,
        "Gross Profit": 2945471,
        "Financial expenses": 39743,
        "Of which: Interest expense": "N/A",
        "Cost of sales": 337836,
        "Enterprise cost management": 1594616,
        "Total Operating Expenses": 1972195,
        "Total revenue financing activities": 1464935,
        "Net profit from business activities": 2438211,
        "Profit": -1104961,
        "Profit before tax": 1333250,
        "Present corporate income tax expenses": -291470,
        "Deferred income taxes expenses": "N/A",
        "The interests of minority shareholders": 3011,
        "Total Cost of profits": -288459,
        "Profit after tax corporate income": 1038769,
        "Volume": 2665020334,
        "Close of Quarter": 18.6,
        "EPS": 1277.8,
        "Non-adjusted EPS": 1725,
        "PE": 10.8,
        "Book Price": 12
      }
    },
    {
      "quarter": "Q2 2014",
      "income status": {
        "Net sales": 6928272,
        "Cost of goods sold": 4121869,
        "Gross Profit": 2806403,
        "Financial expenses": 17892,
        "Of which: Interest expense": "N/A",
        "Cost of sales": 321314,
        "Enterprise cost management": 1640098,
        "Total Operating Expenses": 1979304,
        "Total revenue financing activities": 1728363,
        "Net profit from business activities": 2555462,
        "Profit": -1209801,
        "Profit before tax": 1345661,
        "Present corporate income tax expenses": -285678,
        "Deferred income taxes expenses": 13,
        "The interests of minority shareholders": 3023,
        "Total Cost of profits": -282642,
        "Profit after tax corporate income": 1056947,
        "Volume": 2317417076,
        "Close of Quarter": 18.6,
        "EPS": 1278.0,
        "Non-adjusted EPS": 1984,
        "PE": 9.4,
        "Book Price": 12.4
      }
    },
    {
      "quarter": "Q1 2014",
      "income status": {
        "Net sales": 6701526,
        "Cost of goods sold": 3935907,
        "Gross Profit": 2765619,
        "Financial expenses": 14133,
        "Of which: Interest expense": "N/A",
        "Cost of sales": 311766,
        "Enterprise cost management": 1419875,
        "Total Operating Expenses": 1745774,
        "Total revenue financing activities": 1679040,
        "Net profit from business activities": 2698885,
        "Profit": -1198236,
        "Profit before tax": 1500649,
        "Present corporate income tax expenses": -330797,
        "Deferred income taxes expenses": "N/A",
        "The interests of minority shareholders": 3887,
        "Total Cost of profits": -326910,
        "Profit after tax corporate income": 1165965,
        "Volume": 2317417076,
        "Close of Quarter": 18.3,
        "EPS": 1224.5,
        "Non-adjusted EPS": 1901,
        "PE": 9.6,
        "Book Price": 12.2
      }
    },
    {
      "quarter": "Q4 2013",
      "income status": {
        "Net sales": 6767196,
        "Cost of goods sold": 4031753,
        "Gross Profit": 2735443,
        "Financial expenses": 15095,
        "Of which: Interest expense": "N/A",
        "Cost of sales": 358898,
        "Enterprise cost management": 2025996,
        "Total Operating Expenses": 2399989,
        "Total revenue financing activities": 1916585,
        "Net profit from business activities": 2252039,
        "Profit": -499367,
        "Profit before tax": 1752672,
        "Present corporate income tax expenses": -408558,
        "Deferred income taxes expenses": -380,
        "The interests of minority shareholders": 8032,
        "Total Cost of profits": -400906,
        "Profit after tax corporate income": 1335702,
        "Volume": 2317417076,
        "Close of Quarter": 15.9,
        "EPS": 1209.7,
        "Non-adjusted EPS": 1878,
        "PE": 8.5,
        "Book Price": 12.0
      }
    },
    {
      "quarter": "Q3 2013",
      "income status": {
        "Net sales": 6970616,
        "Cost of goods sold": 4057026,
        "Gross Profit": 2913590,
        "Financial expenses": 17017,
        "Of which: Interest expense": "N/A",
        "Cost of sales": 2698999,
        "Enterprise cost management": 1574764,
        "Total Operating Expenses": 4290780,
        "Total revenue financing activities": 1407328,
        "Net profit from business activities": 2459238,
        "Profit": -1070764,
        "Profit before tax": 1388474,
        "Present corporate income tax expenses": -345375,
        "Deferred income taxes expenses": "N/A",
        "The interests of minority shareholders": 3207,
        "Total Cost of profits": -342168,
        "Profit after tax corporate income": 1039892,
        "Volume": 2317417076,
        "Close of Quarter": 16.0,
        "EPS": 1131.7,
        "Non-adjusted EPS": 1757,
        "PE": 9.1,
        "Book Price": 11.5
      }
    },
    {
      "quarter": "Q2 2013",
      "income status": {
        "Net sales": 7190258,
        "Cost of goods sold": 4637657,
        "Gross Profit": 2552601,
        "Financial expenses": 34657,
        "Of which: Interest expense": "N/A",
        "Cost of sales": 280824,
        "Enterprise cost management": 1280166,
        "Total Operating Expenses": 1595647,
        "Total revenue financing activities": 1347710,
        "Net profit from business activities": 2304664,
        "Profit": -1166802,
        "Profit before tax": 1137862,
        "Present corporate income tax expenses": -270643,
        "Deferred income taxes expenses": "N/A",
        "The interests of minority shareholders": 3525,
        "Total Cost of profits": -267118,
        "Profit after tax corporate income": 863694,
        "Volume": 2317417076,
        "Close of Quarter": 16.6,
        "EPS": 1149.8,
        "Non-adjusted EPS": 1785,
        "PE": 9.3,
        "Book Price": 11.3
      }
    },
    {
      "quarter": "Q1 2013",
      "income status": {
        "Net sales": 7380722,
        "Cost of goods sold": 4789856,
        "Gross Profit": 2590866,
        "Financial expenses": 26525,
        "Of which: Interest expense": "N/A",
        "Cost of sales": 233497,
        "Enterprise cost management": 1332765,
        "Total Operating Expenses": 1592787,
        "Total revenue financing activities": 1274819,
        "Net profit from business activities": 2272898,
        "Profit": 807607,
        "Profit before tax": 1465291,
        "Present corporate income tax expenses": 348070,
        "Deferred income taxes expenses": "N/A",
        "The interests of minority shareholders": 4770,
        "Total Cost of profits": 352840,
        "Profit after tax corporate income": 1112451,
        "Volume": 2317417076,
        "Close of Quarter": 19.0,
        "EPS": 1162,
        "Non-adjusted EPS": 1804,
        "PE": 10.5,
        "Book Price": 3.9
      }
    },
    {
      "quarter": "Q4 2012",
      "income status": {
        "Net sales": 7487660,
        "Cost of goods sold": 5016186,
        "Gross Profit": 2471474,
        "Financial expenses": 29710,
        "Of which: Interest expense": "N/A",
        "Cost of sales": 241683,
        "Enterprise cost management": 1938936,
        "Total Operating Expenses": 2210329,
        "Total revenue financing activities": 1760899,
        "Net profit from business activities": 2022044,
        "Profit": 655103,
        "Profit before tax": 1366941,
        "Present corporate income tax expenses": 307760,
        "Deferred income taxes expenses": "N/A",
        "The interests of minority shareholders": 4313,
        "Total Cost of profits": 312073,
        "Profit after tax corporate income": 1054868,
        "Volume": 2317417076,
        "Close of Quarter": 15.6,
        "EPS": 1225.8,
        "Non-adjusted EPS": 1903,
        "PE": 8.2,
        "Book Price": 11.8
      }
    },
    {
      "quarter": "Q3 2012",
      "income status": {
        "Net sales": 7715570,
        "Cost of goods sold": 4967408,
        "Gross Profit": 2748162,
        "Financial expenses": 3480,
        "Of which: Interest expense": "N/A",
        "Cost of sales": 252502,
        "Enterprise cost management": 1568258,
        "Total Operating Expenses": 1824240,
        "Total revenue financing activities": 1088288,
        "Net profit from business activities": 2012210,
        "Profit": 535298,
        "Profit before tax": 1476912,
        "Present corporate income tax expenses": 368014,
        "Deferred income taxes expenses": "N/A",
        "The interests of minority shareholders": 3177,
        "Total Cost of profits": 371191,
        "Profit after tax corporate income": 1105721,
        "Volume": 2317417076,
        "Close of Quarter": 14.1,
        "EPS": 1137.5,
        "Non-adjusted EPS": 1766,
        "PE": 8.0,
        "Book Price": 11.5
      }
    },
    {
      "quarter": "Q2 2012",
      "income status": {
        "Net sales": 7861080,
        "Cost of goods sold": 5406284,
        "Gross Profit": 2454796,
        "Financial expenses": 69450,
        "Of which: Interest expense": "N/A",
        "Cost of sales": 186940,
        "Enterprise cost management": 1068898,
        "Total Operating Expenses": 1325288,
        "Total revenue financing activities": 1142306,
        "Net profit from business activities": 2271814,
        "Profit": 1089349,
        "Profit before tax": 1182465,
        "Present corporate income tax expenses": 272231,
        "Deferred income taxes expenses": "N/A",
        "The interests of minority shareholders": 3413,
        "Total Cost of profits": 275644,
        "Profit after tax corporate income": 906821,
        "Volume": 2317417076,
        "Close of Quarter": 16.9,
        "EPS": 1124.6,
        "Non-adjusted EPS": 1746,
        "PE": 9.7,
        "Book Price": 11.1
      }
    },
    {
      "quarter": "Q1 2012",
      "income status": {
        "Net sales": 8750059,
        "Cost of goods sold": 5450047,
        "Gross Profit": 3300012,
        "Financial expenses": 29517,
        "Of which: Interest expense": "N/A",
        "Cost of sales": 180814,
        "Enterprise cost management": 1419011,
        "Total Operating Expenses": 1629342,
        "Total revenue financing activities": 1014776,
        "Net profit from business activities": 2685446,
        "Profit": 950388,
        "Profit before tax": 1735058,
        "Present corporate income tax expenses": 388173,
        "Deferred income taxes expenses": "N/A",
        "The interests of minority shareholders": 5017,
        "Total Cost of profits": 393190,
        "Profit after tax corporate income": 1341868,
        "Volume": 2317417076,
        "Close of Quarter": 16.6,
        "EPS": 1146.5,
        "Non-adjusted EPS": 1780,
        "PE": 9.3,
        "Book Price": 11.6
      }
    },
    {
      "quarter": "Q4 2011",
      "income status": {
        "Net sales": 9655805,
        "Cost of goods sold": 5765269,
        "Gross Profit": 3890536,
        "Financial expenses": 165032,
        "Of which: Interest expense": "N/A",
        "Cost of sales": 194705,
        "Enterprise cost management": 1997297,
        "Total Operating Expenses": 2357034,
        "Total revenue financing activities": 1299154,
        "Net profit from business activities": 2832656,
        "Profit": 1717386,
        "Profit before tax": 1115270,
        "Present corporate income tax expenses": 374754,
        "Deferred income taxes expenses": "N/A",
        "The interests of minority shareholders": 1249,
        "Total Cost of profits": 376003,
        "Profit after tax corporate income": 739267,
        "Volume": 1969804514,
        "Close of Quarter": 11.9,
        "EPS": 1176.1,
        "Non-adjusted EPS": 2148,
        "PE": 5.6,
        "Book Price": 8.2
      }
    },
    {
      "quarter": "Q3 2011",
      "income status": {
        "Net sales": 8842647,
        "Cost of goods sold": 5158327,
        "Gross Profit": 3684320,
        "Financial expenses": 983760,
        "Of which: Interest expense": "N/A",
        "Cost of sales": 194232,
        "Enterprise cost management": 1289075,
        "Total Operating Expenses": 2467067,
        "Total revenue financing activities": 895525,
        "Net profit from business activities": 2112778,
        "Profit": 702097,
        "Profit before tax": 1410681,
        "Present corporate income tax expenses": 343611,
        "Deferred income taxes expenses": "N/A",
        "The interests of minority shareholders": 9086,
        "Total Cost of profits": 352697,
        "Profit after tax corporate income": 1057984,
        "Volume": 1969804514,
        "Close of Quarter": 15.0,
        "EPS": 1287.2,
        "Non-adjusted EPS": 2351,
        "PE": 6.4,
        "Book Price": 7.9
      }
    },
    {
      "quarter": "Q2 2011",
      "income status": {
        "Net sales": 7652619,
        "Cost of goods sold": 4965530,
        "Gross Profit": 2687089,
        "Financial expenses": 415377,
        "Of which: Interest expense": "N/A",
        "Cost of sales": 165036,
        "Enterprise cost management": 1173496,
        "Total Operating Expenses": 1753909,
        "Total revenue financing activities": 970040,
        "Net profit from business activities": 1903220,
        "Profit": -593512,
        "Profit before tax": 1309708,
        "Present corporate income tax expenses": -317152,
        "Deferred income taxes expenses": "N/A",
        "The interests of minority shareholders": 6230,
        "Total Cost of profits": -310922,
        "Profit after tax corporate income": 986326,
        "Volume": 1758754031,
        "Close of Quarter": 13.6,
        "EPS": 1253.4,
        "Non-adjusted EPS": 2564,
        "PE": 5.3,
        "Book Price": 7.7
      }
    },
    {
      "quarter": "Q1 2011",
      "income status": {
        "Net sales": 7851613,
        "Cost of goods sold": 5045476,
        "Gross Profit": 2806137,
        "Financial expenses": 52254,
        "Of which: Interest expense": "N/A",
        "Cost of sales": 157127,
        "Enterprise cost management": 1269778,
        "Total Operating Expenses": 1479159,
        "Total revenue financing activities": 968023,
        "Net profit from business activities": 2295001,
        "Profit": -400467,
        "Profit before tax": 1894534,
        "Present corporate income tax expenses": -453531,
        "Deferred income taxes expenses": "N/A",
        "The interests of minority shareholders": -6454,
        "Total Cost of profits": -459985,
        "Profit after tax corporate income": 1447457,
        "Volume": 1758754031,
        "Close of Quarter": 15.3,
        "EPS": 1276.4,
        "Non-adjusted EPS": 2611,
        "PE": 5.8,
        "Book Price": 7.4
      }
    },
    {
      "quarter": "Q4 2010",
      "income status": {
        "Net sales": 6453329,
        "Cost of goods sold": 3993761,
        "Gross Profit": 2459568,
        "Financial expenses": 17591,
        "Of which: Interest expense": "N/A",
        "Cost of sales": 151782,
        "Enterprise cost management": 1340871,
        "Total Operating Expenses": 1510244,
        "Total revenue financing activities": 1432210,
        "Net profit from business activities": 2381534,
        "Profit": -943517,
        "Profit before tax": 1438017,
        "Present corporate income tax expenses": -296424,
        "Deferred income taxes expenses": "N/A",
        "The interests of minority shareholders": 2351,
        "Total Cost of profits": -294073,
        "Profit after tax corporate income": 1139242,
        "Volume": 1322371452,
        "Close of Quarter": 15.9,
        "EPS": 1171.0,
        "Non-adjusted EPS": 3186,
        "PE": 5.0,
        "Book Price": 5.9
      }
    },
    {
      "quarter": "Q3 2010",
      "income status": {
        "Net sales": 4920820,
        "Cost of goods sold": 3101592,
        "Gross Profit": 1819228,
        "Financial expenses": 26619,
        "Of which: Interest expense": "N/A",
        "Cost of sales": 125233,
        "Enterprise cost management": 1035575,
        "Total Operating Expenses": 1187427,
        "Total revenue financing activities": 808245,
        "Net profit from business activities": 1440046,
        "Profit": -194355,
        "Profit before tax": 1245691,
        "Present corporate income tax expenses": -314525,
        "Deferred income taxes expenses": "N/A",
        "The interests of minority shareholders": -4691,
        "Total Cost of profits": -319216,
        "Profit after tax corporate income": 935857,
        "Volume": 1322371452,
        "Close of Quarter": 14.6,
        "EPS": 1257.8,
        "Non-adjusted EPS": 3422,
        "PE": 4.3,
        "Book Price": 5.6
      }
    },
    {
      "quarter": "Q2 2010",
      "income status": {
        "Net sales": 5362503,
        "Cost of goods sold": 2862049,
        "Gross Profit": 2500454,
        "Financial expenses": 52571,
        "Of which: Interest expense": "N/A",
        "Cost of sales": 142454,
        "Enterprise cost management": 1401121,
        "Total Operating Expenses": 1596146,
        "Total revenue financing activities": 503212,
        "Net profit from business activities": 1407520,
        "Profit": 75,
        "Profit before tax": 1407595,
        "Present corporate income tax expenses": -331628,
        "Deferred income taxes expenses": "N/A",
        "The interests of minority shareholders": 5890,
        "Total Cost of profits": -325738,
        "Profit after tax corporate income": 1070077,
        "Volume": 1210086026,
        "Close of Quarter": 16.6,
        "EPS": 1292.9,
        "Non-adjusted EPS": 3844,
        "PE": 4.3,
        "Book Price": 4.8
      }
    },
    {
      "quarter": "Q1 2010",
      "income status": {
        "Net sales": 4191973,
        "Cost of goods sold": 2434840,
        "Gross Profit": 1757133,
        "Financial expenses": 48074,
        "Of which: Interest expense": "N/A",
        "Cost of sales": 88471,
        "Enterprise cost management": 711087,
        "Total Operating Expenses": 847632,
        "Total revenue financing activities": 861459,
        "Net profit from business activities": 1770961,
        "Profit": -353225,
        "Profit before tax": 1417735,
        "Present corporate income tax expenses": -345113,
        "Deferred income taxes expenses": "N/A",
        "The interests of minority shareholders": 4684,
        "Total Cost of profits": -340429,
        "Profit after tax corporate income": 1067939,
        "Volume": 1210086026,
        "Close of Quarter": 16.6,
        "EPS": 1319.5,
        "Non-adjusted EPS": 3923,
        "PE": 4.2,
        "Book Price": 4.9
      }
    },
    {
      "quarter": "Q4 2009",
      "income status": {
        "Net sales": 3964240,
        "Cost of goods sold": 2232451,
        "Gross Profit": 1731788,
        "Financial expenses": "N/A",
        "Of which: Interest expense": "N/A",
        "Cost of sales": 146785,
        "Enterprise cost management": 1250177,
        "Total Operating Expenses": 1396962,
        "Total revenue financing activities": 1266419,
        "Net profit from business activities": 1644219,
        "Profit": 249136,
        "Profit before tax": 1893355,
        "Present corporate income tax expenses": "N/A",
        "Deferred income taxes expenses": "N/A",
        "The interests of minority shareholders": 10354,
        "Total Cost of profits": 10354,
        "Profit after tax corporate income": 1451246,
        "Volume": 1210086026,
        "Close of Quarter": 17.3,
        "EPS": 1331.3,
        "Non-adjusted EPS": 3958,
        "PE": 4.4,
        "Book Price": 4.6
      }
    },
    {
      "quarter": "Q3 2009",
      "income status": {
        "Net sales": 3817496,
        "Cost of goods sold": 2009152,
        "Gross Profit": 1808344,
        "Financial expenses": "N/A",
        "Of which: Interest expense": "N/A",
        "Cost of sales": 103448,
        "Enterprise cost management": 950970,
        "Total Operating Expenses": 1054418,
        "Total revenue financing activities": 677154,
        "Net profit from business activities": 1529369,
        "Profit": 1529369,
        "Profit before tax": 1376707,
        "Present corporate income tax expenses": "N/A",
        "Deferred income taxes expenses": "N/A",
        "The interests of minority shareholders": "N/A",
        "Total Cost of profits": 0,
        "Profit after tax corporate income": 1062758,
        "Volume": 1210086026,
        "Close of Quarter": 19.7,
        "EPS": 1053.1,
        "Non-adjusted EPS": 3131,
        "PE": 6.3,
        "Book Price": 4.4
      }
    },
    {
      "quarter": "Q2 2009",
      "income status": {
        "Net sales": 3736085,
        "Cost of goods sold": 2100179,
        "Gross Profit": 1635906,
        "Financial expenses": "N/A",
        "Of which: Interest expense": "N/A",
        "Cost of sales": 67707,
        "Enterprise cost management": 738651,
        "Total Operating Expenses": 806358,
        "Total revenue financing activities": 870291,
        "Net profit from business activities": 1726613,
        "Profit": 1726613,
        "Profit before tax": 1469867,
        "Present corporate income tax expenses": "N/A",
        "Deferred income taxes expenses": "N/A",
        "The interests of minority shareholders": "N/A",
        "Total Cost of profits": 0,
        "Profit after tax corporate income": 1165044,
        "Volume": 1210086026,
        "Close of Quarter": 22.1,
        "EPS": 757.8,
        "Non-adjusted EPS": 2253,
        "PE": 9.8,
        "Book Price": 4.2
      }
    },
    {
      "quarter": "Q1 2009",
      "income status": {
        "Net sales": 3845448,
        "Cost of goods sold": 2457027,
        "Gross Profit": 1388421,
        "Financial expenses": "N/A",
        "Of which: Interest expense": "N/A",
        "Cost of sales": 67037,
        "Enterprise cost management": 527903,
        "Total Operating Expenses": 594940,
        "Total revenue financing activities": 622731,
        "Net profit from business activities": 1459903,
        "Profit": 1459903,
        "Profit before tax": 1459903,
        "Present corporate income tax expenses": "N/A",
        "Deferred income taxes expenses": "N/A",
        "The interests of minority shareholders": "N/A",
        "Total Cost of profits": 0,
        "Profit after tax corporate income": 1110660,
        "Volume": 1210086026,
        "Close of Quarter": "N/A",
        "EPS": 433.9,
        "Non-adjusted EPS": 1290,
        "PE": "N/A",
        "Book Price": 4.1
      }
    },
    {
      "quarter": "Q3 2008",
      "income status": {
        "Net sales": 4587493,
        "Cost of goods sold": 3521352,
        "Gross Profit": 1066141,
        "Financial expenses": "N/A",
        "Of which: Interest expense": "N/A",
        "Cost of sales": 65663,
        "Enterprise cost management": 828697,
        "Total Operating Expenses": 894360,
        "Total revenue financing activities": 512018,
        "Net profit from business activities": 697570,
        "Profit": 697570,
        "Profit before tax": 637182,
        "Present corporate income tax expenses": "N/A",
        "Deferred income taxes expenses": "N/A",
        "The interests of minority shareholders": "N/A",
        "Total Cost of profits": 0,
        "Profit after tax corporate income": 450177,
        "Volume": 1210086026,
        "Close of Quarter": "N/A",
        "EPS": 125.1,
        "Non-adjusted EPS": 372,
        "PE": "N/A",
        "Book Price": "N/A"
      }
    }
  ]
}