{
  "ticker": "HAP",
  "data": [
    {
      "quarter": "Q1 2017",
      "income status": {
        "Net sales": 96931,
        "Cost of goods sold": 84405,
        "Gross Profit": 12525,
        "Financial expenses": 1087,
        "Of which: Interest expense": 980,
        "Cost of sales": 3574,
        "Enterprise cost management": 6060,
        "Total Operating Expenses": 10721,
        "Total revenue financing activities": 876,
        "Net profit from business activities": 2680,
        "Profit": -18,
        "Profit before tax": 2663,
        "Present corporate income tax expenses": 693,
        "Deferred income taxes expenses": "N/A",
        "The interests of minority shareholders": -16,
        "Total Cost of profits": 677,
        "Profit after tax corporate income": 1985,
        "Volume": 55471151,
        "Close of Quarter": 3.3,
        "EPS": 169,
        "Non-adjusted EPS": 169,
        "PE": 19.8,
        "Book Price": 12.1
      }
    },
    {
      "quarter": "Q4 2016",
      "income status": {
        "Net sales": 105685,
        "Cost of goods sold": 84153,
        "Gross Profit": 21532,
        "Financial expenses": 4938,
        "Of which: Interest expense": 4912,
        "Cost of sales": 4996,
        "Enterprise cost management": 8054,
        "Total Operating Expenses": 17988,
        "Total revenue financing activities": 1128,
        "Net profit from business activities": 4672,
        "Profit": -7717,
        "Profit before tax": -3045,
        "Present corporate income tax expenses": 739,
        "Deferred income taxes expenses": "N/A",
        "The interests of minority shareholders": -50,
        "Total Cost of profits": 689,
        "Profit after tax corporate income": -3734,
        "Volume": 55471151,
        "Close of Quarter": 3.0,
        "EPS": 233,
        "Non-adjusted EPS": 233,
        "PE": 12.8,
        "Book Price": 12
      }
    },
    {
      "quarter": "Q3 2016",
      "income status": {
        "Net sales": 102951,
        "Cost of goods sold": 84007,
        "Gross Profit": 18944,
        "Financial expenses": 4018,
        "Of which: Interest expense": 3936,
        "Cost of sales": 4132,
        "Enterprise cost management": 6513,
        "Total Operating Expenses": 14663,
        "Total revenue financing activities": 944,
        "Net profit from business activities": 5225,
        "Profit": -693,
        "Profit before tax": 4532,
        "Present corporate income tax expenses": 797,
        "Deferred income taxes expenses": "N/A",
        "The interests of minority shareholders": 50,
        "Total Cost of profits": 847,
        "Profit after tax corporate income": 3684,
        "Volume": 51364766,
        "Close of Quarter": 3.7,
        "EPS": 322.2,
        "Non-adjusted EPS": 348,
        "PE": 10.8,
        "Book Price": 12.2
      }
    },
    {
      "quarter": "Q2 2016",
      "income status": {
        "Net sales": 112578,
        "Cost of goods sold": 97165,
        "Gross Profit": 15413,
        "Financial expenses": 10279,
        "Of which: Interest expense": 8188,
        "Cost of sales": 5158,
        "Enterprise cost management": 6862,
        "Total Operating Expenses": 22299,
        "Total revenue financing activities": 1830,
        "Net profit from business activities": -5055,
        "Profit": 14287,
        "Profit before tax": 9231,
        "Present corporate income tax expenses": 1648,
        "Deferred income taxes expenses": "N/A",
        "The interests of minority shareholders": 168,
        "Total Cost of profits": 1816,
        "Profit after tax corporate income": 7415,
        "Volume": 51364766,
        "Close of Quarter": 4.4,
        "EPS": 348.2,
        "Non-adjusted EPS": 376,
        "PE": 11.6,
        "Book Price": 12.1
      }
    },
    {
      "quarter": "Q1 2016",
      "income status": {
        "Net sales": 104778,
        "Cost of goods sold": 81617,
        "Gross Profit": 23161,
        "Financial expenses": 7202,
        "Of which: Interest expense": 6306,
        "Cost of sales": 4589,
        "Enterprise cost management": 6339,
        "Total Operating Expenses": 18130,
        "Total revenue financing activities": 1721,
        "Net profit from business activities": 6752,
        "Profit": -63,
        "Profit before tax": 6689,
        "Present corporate income tax expenses": 1057,
        "Deferred income taxes expenses": "N/A",
        "The interests of minority shareholders": 77,
        "Total Cost of profits": 1134,
        "Profit after tax corporate income": 5555,
        "Volume": 51364766,
        "Close of Quarter": 4.2,
        "EPS": 493.5,
        "Non-adjusted EPS": 533,
        "PE": 7.9,
        "Book Price": 12.5
      }
    },
    {
      "quarter": "Q4 2015",
      "income status": {
        "Net sales": 111245,
        "Cost of goods sold": 92120,
        "Gross Profit": 19125,
        "Financial expenses": 5652,
        "Of which: Interest expense": 12991,
        "Cost of sales": 5011,
        "Enterprise cost management": 8825,
        "Total Operating Expenses": 19488,
        "Total revenue financing activities": 2911,
        "Net profit from business activities": 2548,
        "Profit": -162,
        "Profit before tax": 2386,
        "Present corporate income tax expenses": 1102,
        "Deferred income taxes expenses": "N/A",
        "The interests of minority shareholders": 70,
        "Total Cost of profits": 1172,
        "Profit after tax corporate income": 1214,
        "Volume": 51364766,
        "Close of Quarter": 4.8,
        "EPS": 665.8,
        "Non-adjusted EPS": 719,
        "PE": 6.7,
        "Book Price": 12.4
      }
    },
    {
      "quarter": "Q3 2015",
      "income status": {
        "Net sales": 95668,
        "Cost of goods sold": 80255,
        "Gross Profit": 15413,
        "Financial expenses": 2609,
        "Of which: Interest expense": 2633,
        "Cost of sales": 4321,
        "Enterprise cost management": 5914,
        "Total Operating Expenses": 12844,
        "Total revenue financing activities": 3702,
        "Net profit from business activities": 6271,
        "Profit": -15,
        "Profit before tax": 6256,
        "Present corporate income tax expenses": 1088,
        "Deferred income taxes expenses": "N/A",
        "The interests of minority shareholders": 21,
        "Total Cost of profits": 1109,
        "Profit after tax corporate income": 5147,
        "Volume": 51364766,
        "Close of Quarter": 5.0,
        "EPS": 693.6,
        "Non-adjusted EPS": 749,
        "PE": 6.6,
        "Book Price": 12.4
      }
    },
    {
      "quarter": "Q2 2015",
      "income status": {
        "Net sales": 84953,
        "Cost of goods sold": 97059,
        "Gross Profit": -12106,
        "Financial expenses": 8494,
        "Of which: Interest expense": 5942,
        "Cost of sales": 4308,
        "Enterprise cost management": 8104,
        "Total Operating Expenses": 20906,
        "Total revenue financing activities": -10524,
        "Net profit from business activities": -43535,
        "Profit": 65894,
        "Profit before tax": 22360,
        "Present corporate income tax expenses": 6723,
        "Deferred income taxes expenses": "N/A",
        "The interests of minority shareholders": 162,
        "Total Cost of profits": 6885,
        "Profit after tax corporate income": 15474,
        "Volume": 32104652,
        "Close of Quarter": 5.5,
        "EPS": 1014.6,
        "Non-adjusted EPS": 1753,
        "PE": 3.1,
        "Book Price": 12.3
      }
    },
    {
      "quarter": "Q1 2015",
      "income status": {
        "Net sales": 83766,
        "Cost of goods sold": 65310,
        "Gross Profit": 18456,
        "Financial expenses": 6777,
        "Of which: Interest expense": 6776,
        "Cost of sales": 3293,
        "Enterprise cost management": 6358,
        "Total Operating Expenses": 16428,
        "Total revenue financing activities": 16699,
        "Net profit from business activities": 18727,
        "Profit": 17,
        "Profit before tax": 18744,
        "Present corporate income tax expenses": 3668,
        "Deferred income taxes expenses": "N/A",
        "The interests of minority shareholders": -41,
        "Total Cost of profits": 3627,
        "Profit after tax corporate income": 15117,
        "Volume": 32104652,
        "Close of Quarter": 4.8,
        "EPS": 737.9,
        "Non-adjusted EPS": 1275,
        "PE": 3.8,
        "Book Price": 10.6
      }
    },
    {
      "quarter": "Q4 2014",
      "income status": {
        "Net sales": 89598,
        "Cost of goods sold": 74193,
        "Gross Profit": 15405,
        "Financial expenses": 12399,
        "Of which: Interest expense": 9135,
        "Cost of sales": 4213,
        "Enterprise cost management": 6537,
        "Total Operating Expenses": 23149,
        "Total revenue financing activities": 15405,
        "Net profit from business activities": 7661,
        "Profit": -3357,
        "Profit before tax": 4304,
        "Present corporate income tax expenses": 1508,
        "Deferred income taxes expenses": "N/A",
        "The interests of minority shareholders": 79,
        "Total Cost of profits": 1587,
        "Profit after tax corporate income": 2717,
        "Volume": 32104652,
        "Close of Quarter": 5.3,
        "EPS": 500.1,
        "Non-adjusted EPS": 864,
        "PE": 6.1,
        "Book Price": 10.3
      }
    },
    {
      "quarter": "Q3 2014",
      "income status": {
        "Net sales": 101764,
        "Cost of goods sold": 89627,
        "Gross Profit": 12136,
        "Financial expenses": 1855,
        "Of which: Interest expense": 2224,
        "Cost of sales": 4475,
        "Enterprise cost management": 6869,
        "Total Operating Expenses": 13199,
        "Total revenue financing activities": 28578,
        "Net profit from business activities": 27516,
        "Profit": -118,
        "Profit before tax": 27398,
        "Present corporate income tax expenses": 4481,
        "Deferred income taxes expenses": "N/A",
        "The interests of minority shareholders": -53,
        "Total Cost of profits": 4428,
        "Profit after tax corporate income": 22969,
        "Volume": 32104652,
        "Close of Quarter": 5.7,
        "EPS": 422.5,
        "Non-adjusted EPS": 730,
        "PE": 7.8,
        "Book Price": 10.3
      }
    },
    {
      "quarter": "Q2 2014",
      "income status": {
        "Net sales": 83254,
        "Cost of goods sold": 66674,
        "Gross Profit": 16580,
        "Financial expenses": 7596,
        "Of which: Interest expense": 3879,
        "Cost of sales": 5383,
        "Enterprise cost management": 10010,
        "Total Operating Expenses": 22989,
        "Total revenue financing activities": 8095,
        "Net profit from business activities": 1686,
        "Profit": -682,
        "Profit before tax": 1004,
        "Present corporate income tax expenses": 801,
        "Deferred income taxes expenses": "N/A",
        "The interests of minority shareholders": 63,
        "Total Cost of profits": 864,
        "Profit after tax corporate income": 140,
        "Volume": 32104652,
        "Close of Quarter": 5.7,
        "EPS": 65.4,
        "Non-adjusted EPS": 113,
        "PE": 50.3,
        "Book Price": 9.8
      }
    },
    {
      "quarter": "Q1 2014",
      "income status": {
        "Net sales": 80393,
        "Cost of goods sold": 70394,
        "Gross Profit": 9999,
        "Financial expenses": 3447,
        "Of which: Interest expense": 3822,
        "Cost of sales": 4618,
        "Enterprise cost management": 5911,
        "Total Operating Expenses": 13976,
        "Total revenue financing activities": 6388,
        "Net profit from business activities": 2411,
        "Profit": 29,
        "Profit before tax": 2439,
        "Present corporate income tax expenses": 330,
        "Deferred income taxes expenses": "N/A",
        "The interests of minority shareholders": 188,
        "Total Cost of profits": 518,
        "Profit after tax corporate income": 1921,
        "Volume": 32104652,
        "Close of Quarter": 6.0,
        "EPS": 427.7,
        "Non-adjusted EPS": 739,
        "PE": 8.1,
        "Book Price": 10.1
      }
    },
    {
      "quarter": "Q4 2013",
      "income status": {
        "Net sales": 100022,
        "Cost of goods sold": 87999,
        "Gross Profit": 12023,
        "Financial expenses": 2780,
        "Of which: Interest expense": 2495,
        "Cost of sales": 5196,
        "Enterprise cost management": 7918,
        "Total Operating Expenses": 15894,
        "Total revenue financing activities": 2778,
        "Net profit from business activities": -1094,
        "Profit": 359,
        "Profit before tax": -735,
        "Present corporate income tax expenses": 658,
        "Deferred income taxes expenses": "N/A",
        "The interests of minority shareholders": 211,
        "Total Cost of profits": 869,
        "Profit after tax corporate income": -1603,
        "Volume": 32104652,
        "Close of Quarter": 4.1,
        "EPS": 415.6,
        "Non-adjusted EPS": 718,
        "PE": 5.7,
        "Book Price": 10.0
      }
    },
    {
      "quarter": "Q3 2013",
      "income status": {
        "Net sales": 91585,
        "Cost of goods sold": 79780,
        "Gross Profit": 11804,
        "Financial expenses": 1902,
        "Of which: Interest expense": 1742,
        "Cost of sales": 4439,
        "Enterprise cost management": 5681,
        "Total Operating Expenses": 12022,
        "Total revenue financing activities": 1121,
        "Net profit from business activities": 904,
        "Profit": 2990,
        "Profit before tax": 3894,
        "Present corporate income tax expenses": 717,
        "Deferred income taxes expenses": "N/A",
        "The interests of minority shareholders": 1,
        "Total Cost of profits": 718,
        "Profit after tax corporate income": 3176,
        "Volume": 27919791,
        "Close of Quarter": 3.3,
        "EPS": 535.5,
        "Non-adjusted EPS": 1064,
        "PE": 3.1,
        "Book Price": 10.1
      }
    },
    {
      "quarter": "Q2 2013",
      "income status": {
        "Net sales": 76859,
        "Cost of goods sold": 67404,
        "Gross Profit": 9455,
        "Financial expenses": 3552,
        "Of which: Interest expense": 2042,
        "Cost of sales": 4572,
        "Enterprise cost management": 6772,
        "Total Operating Expenses": 14896,
        "Total revenue financing activities": 26207,
        "Net profit from business activities": 20765,
        "Profit": -183,
        "Profit before tax": 20582,
        "Present corporate income tax expenses": 185,
        "Deferred income taxes expenses": "N/A",
        "The interests of minority shareholders": 177,
        "Total Cost of profits": 362,
        "Profit after tax corporate income": 20220,
        "Volume": 27919791,
        "Close of Quarter": 3.0,
        "EPS": 500.3,
        "Non-adjusted EPS": 994,
        "PE": 3.0,
        "Book Price": 10.0
      }
    },
    {
      "quarter": "Q1 2013",
      "income status": {
        "Net sales": 83890,
        "Cost of goods sold": 69780,
        "Gross Profit": 14110,
        "Financial expenses": 1459,
        "Of which: Interest expense": 1615,
        "Cost of sales": 4275,
        "Enterprise cost management": 6108,
        "Total Operating Expenses": 11842,
        "Total revenue financing activities": 361,
        "Net profit from business activities": 2629,
        "Profit": -158,
        "Profit before tax": 2471,
        "Present corporate income tax expenses": 1056,
        "Deferred income taxes expenses": "N/A",
        "The interests of minority shareholders": 167,
        "Total Cost of profits": 1223,
        "Profit after tax corporate income": 1248,
        "Volume": 27919791,
        "Close of Quarter": 2.9,
        "EPS": 198.3,
        "Non-adjusted EPS": 394,
        "PE": 7.3,
        "Book Price": 9.7
      }
    },
    {
      "quarter": "Q4 2012",
      "income status": {
        "Net sales": 98679,
        "Cost of goods sold": 82523,
        "Gross Profit": 16156,
        "Financial expenses": -537,
        "Of which: Interest expense": 666,
        "Cost of sales": 5161,
        "Enterprise cost management": 7398,
        "Total Operating Expenses": 12022,
        "Total revenue financing activities": 947,
        "Net profit from business activities": 5080,
        "Profit": 917,
        "Profit before tax": 5997,
        "Present corporate income tax expenses": 661,
        "Deferred income taxes expenses": "N/A",
        "The interests of minority shareholders": 267,
        "Total Cost of profits": 928,
        "Profit after tax corporate income": 5069,
        "Volume": 27919791,
        "Close of Quarter": 2.6,
        "EPS": 189.3,
        "Non-adjusted EPS": 376,
        "PE": 7.0,
        "Book Price": 9.6
      }
    },
    {
      "quarter": "Q3 2012",
      "income status": {
        "Net sales": 80522,
        "Cost of goods sold": 69746,
        "Gross Profit": 10776,
        "Financial expenses": 1210,
        "Of which: Interest expense": 1576,
        "Cost of sales": 4114,
        "Enterprise cost management": 5412,
        "Total Operating Expenses": 10736,
        "Total revenue financing activities": 769,
        "Net profit from business activities": 810,
        "Profit": 162,
        "Profit before tax": 1385,
        "Present corporate income tax expenses": 75,
        "Deferred income taxes expenses": "N/A",
        "The interests of minority shareholders": 103,
        "Total Cost of profits": 178,
        "Profit after tax corporate income": 1207,
        "Volume": 27919791,
        "Close of Quarter": 2.3,
        "EPS": 266.3,
        "Non-adjusted EPS": 529,
        "PE": 4.4,
        "Book Price": 9.7
      }
    },
    {
      "quarter": "Q2 2012",
      "income status": {
        "Net sales": 102576,
        "Cost of goods sold": 90666,
        "Gross Profit": 11910,
        "Financial expenses": 5805,
        "Of which: Interest expense": 2032,
        "Cost of sales": 4391,
        "Enterprise cost management": 7189,
        "Total Operating Expenses": 17385,
        "Total revenue financing activities": 550,
        "Net profit from business activities": -4923,
        "Profit": 8751,
        "Profit before tax": 4387,
        "Present corporate income tax expenses": 1138,
        "Deferred income taxes expenses": "N/A",
        "The interests of minority shareholders": -231,
        "Total Cost of profits": 907,
        "Profit after tax corporate income": 3480,
        "Volume": 24280759,
        "Close of Quarter": 3.1,
        "EPS": 293.7,
        "Non-adjusted EPS": 671,
        "PE": 4.6,
        "Book Price": 9.6
      }
    },
    {
      "quarter": "Q1 2012",
      "income status": {
        "Net sales": 78124,
        "Cost of goods sold": 65142,
        "Gross Profit": 12982,
        "Financial expenses": 2140,
        "Of which: Interest expense": 2057,
        "Cost of sales": 4245,
        "Enterprise cost management": 7252,
        "Total Operating Expenses": 13637,
        "Total revenue financing activities": 716,
        "Net profit from business activities": 61,
        "Profit": 180,
        "Profit before tax": 1336,
        "Present corporate income tax expenses": 997,
        "Deferred income taxes expenses": "N/A",
        "The interests of minority shareholders": -413,
        "Total Cost of profits": 584,
        "Profit after tax corporate income": 752,
        "Volume": 24280759,
        "Close of Quarter": 2.6,
        "EPS": 218.9,
        "Non-adjusted EPS": 500,
        "PE": 5.1,
        "Book Price": 9.5
      }
    },
    {
      "quarter": "Q4 2011",
      "income status": {
        "Net sales": 84988,
        "Cost of goods sold": 68058,
        "Gross Profit": 16930,
        "Financial expenses": -2657,
        "Of which: Interest expense": 2579,
        "Cost of sales": 5342,
        "Enterprise cost management": 6858,
        "Total Operating Expenses": 9543,
        "Total revenue financing activities": 2367,
        "Net profit from business activities": 9754,
        "Profit": -118,
        "Profit before tax": 15803,
        "Present corporate income tax expenses": 1366,
        "Deferred income taxes expenses": "N/A",
        "The interests of minority shareholders": -319,
        "Total Cost of profits": 1047,
        "Profit after tax corporate income": 9339,
        "Volume": 24280759,
        "Close of Quarter": 1.5,
        "EPS": 218.0,
        "Non-adjusted EPS": 498,
        "PE": 3.1,
        "Book Price": 9.6
      }
    },
    {
      "quarter": "Q3 2011",
      "income status": {
        "Net sales": 78262,
        "Cost of goods sold": 69629,
        "Gross Profit": 8633,
        "Financial expenses": 3576,
        "Of which: Interest expense": 1127,
        "Cost of sales": 3564,
        "Enterprise cost management": 7427,
        "Total Operating Expenses": 14567,
        "Total revenue financing activities": 2395,
        "Net profit from business activities": -3539,
        "Profit": 4623,
        "Profit before tax": 5417,
        "Present corporate income tax expenses": 748,
        "Deferred income taxes expenses": "N/A",
        "The interests of minority shareholders": -2378,
        "Total Cost of profits": -1630,
        "Profit after tax corporate income": 2713,
        "Volume": 22782487,
        "Close of Quarter": 2.6,
        "EPS": 33.3,
        "Non-adjusted EPS": 81,
        "PE": 31.6,
        "Book Price": 9.4
      }
    },
    {
      "quarter": "Q2 2011",
      "income status": {
        "Net sales": 93050,
        "Cost of goods sold": 78402,
        "Gross Profit": 14648,
        "Financial expenses": 5491,
        "Of which: Interest expense": 1258,
        "Cost of sales": 3606,
        "Enterprise cost management": 8488,
        "Total Operating Expenses": 17585,
        "Total revenue financing activities": 6484,
        "Net profit from business activities": 3546,
        "Profit": 308,
        "Profit before tax": 1829,
        "Present corporate income tax expenses": 1322,
        "Deferred income taxes expenses": "N/A",
        "The interests of minority shareholders": 1160,
        "Total Cost of profits": 2482,
        "Profit after tax corporate income": -653,
        "Volume": 18496208,
        "Close of Quarter": 3.0,
        "EPS": 20.0,
        "Non-adjusted EPS": 60,
        "PE": 49.8,
        "Book Price": 9.1
      }
    },
    {
      "quarter": "Q1 2011",
      "income status": {
        "Net sales": 100720,
        "Cost of goods sold": 85764,
        "Gross Profit": 14957,
        "Financial expenses": 2362,
        "Of which: Interest expense": 1166,
        "Cost of sales": 3759,
        "Enterprise cost management": 8135,
        "Total Operating Expenses": 14256,
        "Total revenue financing activities": 2446,
        "Net profit from business activities": 3148,
        "Profit": -31,
        "Profit before tax": 2547,
        "Present corporate income tax expenses": 1252,
        "Deferred income taxes expenses": "N/A",
        "The interests of minority shareholders": 604,
        "Total Cost of profits": 1856,
        "Profit after tax corporate income": 691,
        "Volume": 18496208,
        "Close of Quarter": 3.9,
        "EPS": 838.6,
        "Non-adjusted EPS": 2515,
        "PE": 1.5,
        "Book Price": 9.1
      }
    },
    {
      "quarter": "Q4 2010",
      "income status": {
        "Net sales": 101318,
        "Cost of goods sold": 86944,
        "Gross Profit": 14375,
        "Financial expenses": 8500,
        "Of which: Interest expense": 3046,
        "Cost of sales": 4662,
        "Enterprise cost management": 7633,
        "Total Operating Expenses": 20795,
        "Total revenue financing activities": 8666,
        "Net profit from business activities": 2246,
        "Profit": 1721,
        "Profit before tax": 2160,
        "Present corporate income tax expenses": 2607,
        "Deferred income taxes expenses": "N/A",
        "The interests of minority shareholders": 456,
        "Total Cost of profits": 3063,
        "Profit after tax corporate income": -902,
        "Volume": 18496208,
        "Close of Quarter": 5.3,
        "EPS": 882.9,
        "Non-adjusted EPS": 2648,
        "PE": 2,
        "Book Price": 9.2
      }
    },
    {
      "quarter": "Q3 2010",
      "income status": {
        "Net sales": 89752,
        "Cost of goods sold": 74684,
        "Gross Profit": 15068,
        "Financial expenses": 4049,
        "Of which: Interest expense": 942,
        "Cost of sales": 2971,
        "Enterprise cost management": 5942,
        "Total Operating Expenses": 12962,
        "Total revenue financing activities": 2379,
        "Net profit from business activities": 4484,
        "Profit": 560,
        "Profit before tax": 5087,
        "Present corporate income tax expenses": 1750,
        "Deferred income taxes expenses": "N/A",
        "The interests of minority shareholders": 1355,
        "Total Cost of profits": 3105,
        "Profit after tax corporate income": 1982,
        "Volume": 18496208,
        "Close of Quarter": 5.9,
        "EPS": 1082.7,
        "Non-adjusted EPS": 3247,
        "PE": 1.8,
        "Book Price": 9.2
      }
    },
    {
      "quarter": "Q2 2010",
      "income status": {
        "Net sales": 95179,
        "Cost of goods sold": 77585,
        "Gross Profit": 17594,
        "Financial expenses": -30461,
        "Of which: Interest expense": 1460,
        "Cost of sales": 3590,
        "Enterprise cost management": 5992,
        "Total Operating Expenses": -20879,
        "Total revenue financing activities": 2595,
        "Net profit from business activities": 41067,
        "Profit": 6305,
        "Profit before tax": 47765,
        "Present corporate income tax expenses": 1878,
        "Deferred income taxes expenses": "N/A",
        "The interests of minority shareholders": 1131,
        "Total Cost of profits": 3009,
        "Profit after tax corporate income": 44756,
        "Volume": 18496208,
        "Close of Quarter": 7.7,
        "EPS": 1275.7,
        "Non-adjusted EPS": 3826,
        "PE": 2.0,
        "Book Price": 9.2
      }
    },
    {
      "quarter": "Q1 2010",
      "income status": {
        "Net sales": 74794,
        "Cost of goods sold": 59365,
        "Gross Profit": 15429,
        "Financial expenses": 1990,
        "Of which: Interest expense": 1075,
        "Cost of sales": 3960,
        "Enterprise cost management": 7960,
        "Total Operating Expenses": 13910,
        "Total revenue financing activities": 4048,
        "Net profit from business activities": 5567,
        "Profit": 454,
        "Profit before tax": 6021,
        "Present corporate income tax expenses": 1649,
        "Deferred income taxes expenses": "N/A",
        "The interests of minority shareholders": 1235,
        "Total Cost of profits": 2884,
        "Profit after tax corporate income": 3137,
        "Volume": 18496208,
        "Close of Quarter": 7.2,
        "EPS": 823.6,
        "Non-adjusted EPS": 2470,
        "PE": 2.9,
        "Book Price": 8.4
      }
    },
    {
      "quarter": "Q4 2009",
      "income status": {
        "Net sales": 63192,
        "Cost of goods sold": 48029,
        "Gross Profit": 15162,
        "Financial expenses": -7990,
        "Of which: Interest expense": 1289,
        "Cost of sales": 2362,
        "Enterprise cost management": 7348,
        "Total Operating Expenses": 1720,
        "Total revenue financing activities": 958,
        "Net profit from business activities": 14401,
        "Profit": -1735,
        "Profit before tax": 12666,
        "Present corporate income tax expenses": 1741,
        "Deferred income taxes expenses": "N/A",
        "The interests of minority shareholders": 742,
        "Total Cost of profits": 2483,
        "Profit after tax corporate income": 10183,
        "Volume": 18496208,
        "Close of Quarter": 7.3,
        "EPS": 825.9,
        "Non-adjusted EPS": 2477,
        "PE": 3.0,
        "Book Price": 8
      }
    },
    {
      "quarter": "Q3 2009",
      "income status": {
        "Net sales": 70659,
        "Cost of goods sold": 60355,
        "Gross Profit": 10304,
        "Financial expenses": 1879,
        "Of which: Interest expense": 616,
        "Cost of sales": 1949,
        "Enterprise cost management": 6831,
        "Total Operating Expenses": 10659,
        "Total revenue financing activities": 14667,
        "Net profit from business activities": 14312,
        "Profit": 1841,
        "Profit before tax": 16153,
        "Present corporate income tax expenses": 1430,
        "Deferred income taxes expenses": "N/A",
        "The interests of minority shareholders": 2036,
        "Total Cost of profits": 3466,
        "Profit after tax corporate income": 12687,
        "Volume": 16816371,
        "Close of Quarter": 9.3,
        "EPS": -1052.3,
        "Non-adjusted EPS": -3471,
        "PE": -2.7,
        "Book Price": 8.1
      }
    },
    {
      "quarter": "Q2 2009",
      "income status": {
        "Net sales": 65682,
        "Cost of goods sold": 67944,
        "Gross Profit": -2262,
        "Financial expenses": -33724,
        "Of which: Interest expense": -3,
        "Cost of sales": 1751,
        "Enterprise cost management": 7710,
        "Total Operating Expenses": -24263,
        "Total revenue financing activities": -176,
        "Net profit from business activities": 21826,
        "Profit": 325,
        "Profit before tax": 22151,
        "Present corporate income tax expenses": 397,
        "Deferred income taxes expenses": "N/A",
        "The interests of minority shareholders": 2082,
        "Total Cost of profits": 2479,
        "Profit after tax corporate income": 19672,
        "Volume": 16816371,
        "Close of Quarter": 8.1,
        "EPS": -1120.2,
        "Non-adjusted EPS": -3695,
        "PE": -2.2,
        "Book Price": 7.8
      }
    },
    {
      "quarter": "Q1 2009",
      "income status": {
        "Net sales": 93344,
        "Cost of goods sold": 79329,
        "Gross Profit": 14015,
        "Financial expenses": 23810,
        "Of which: Interest expense": 2220,
        "Cost of sales": 1480,
        "Enterprise cost management": 5628,
        "Total Operating Expenses": 30918,
        "Total revenue financing activities": 20752,
        "Net profit from business activities": 3850,
        "Profit": 418,
        "Profit before tax": 4268,
        "Present corporate income tax expenses": 397,
        "Deferred income taxes expenses": "N/A",
        "The interests of minority shareholders": 590,
        "Total Cost of profits": 987,
        "Profit after tax corporate income": 3281,
        "Volume": 16816371,
        "Close of Quarter": 4.1,
        "EPS": -1303.6,
        "Non-adjusted EPS": -4300,
        "PE": -1.0,
        "Book Price": 7.4
      }
    },
    {
      "quarter": "Q4 2008",
      "income status": {
        "Net sales": 88829,
        "Cost of goods sold": 99936,
        "Gross Profit": -11107,
        "Financial expenses": 83049,
        "Of which: Interest expense": 5471,
        "Cost of sales": 1593,
        "Enterprise cost management": 5791,
        "Total Operating Expenses": 90433,
        "Total revenue financing activities": 8282,
        "Net profit from business activities": -93258,
        "Profit": -293,
        "Profit before tax": -93552,
        "Present corporate income tax expenses": 462,
        "Deferred income taxes expenses": "N/A",
        "The interests of minority shareholders": "N/A",
        "Total Cost of profits": 462,
        "Profit after tax corporate income": -94013,
        "Volume": 14624002,
        "Close of Quarter": 4.5,
        "EPS": -1087.0,
        "Non-adjusted EPS": -4123,
        "PE": -1.1,
        "Book Price": 7.6
      }
    },
    {
      "quarter": "Q3 2008",
      "income status": {
        "Net sales": 98847,
        "Cost of goods sold": 79330,
        "Gross Profit": 19518,
        "Financial expenses": 6930,
        "Of which: Interest expense": 167,
        "Cost of sales": 2433,
        "Enterprise cost management": 7438,
        "Total Operating Expenses": 16801,
        "Total revenue financing activities": 8139,
        "Net profit from business activities": 10855,
        "Profit": 516,
        "Profit before tax": 11371,
        "Present corporate income tax expenses": 2447,
        "Deferred income taxes expenses": "N/A",
        "The interests of minority shareholders": "N/A",
        "Total Cost of profits": 2447,
        "Profit after tax corporate income": 8925,
        "Volume": 14624002,
        "Close of Quarter": 7.7,
        "EPS": 1339.5,
        "Non-adjusted EPS": 5081,
        "PE": 1.5,
        "Book Price": 9.5
      }
    },
    {
      "quarter": "Q2 2008",
      "income status": {
        "Net sales": 164880,
        "Cost of goods sold": 145617,
        "Gross Profit": 19263,
        "Financial expenses": 2933,
        "Of which: Interest expense": 149,
        "Cost of sales": 2455,
        "Enterprise cost management": 7256,
        "Total Operating Expenses": 12644,
        "Total revenue financing activities": 4941,
        "Net profit from business activities": 11560,
        "Profit": -257,
        "Profit before tax": 11303,
        "Present corporate income tax expenses": 1801,
        "Deferred income taxes expenses": "N/A",
        "The interests of minority shareholders": "N/A",
        "Total Cost of profits": 1801,
        "Profit after tax corporate income": 9502,
        "Volume": 14779472,
        "Close of Quarter": 7.1,
        "EPS": 1521.1,
        "Non-adjusted EPS": 5709,
        "PE": 1.3,
        "Book Price": 9.3
      }
    },
    {
      "quarter": "Q1 2008",
      "income status": {
        "Net sales": 90850,
        "Cost of goods sold": 55654,
        "Gross Profit": 35196,
        "Financial expenses": 2958,
        "Of which: Interest expense": 1753,
        "Cost of sales": 2129,
        "Enterprise cost management": 6035,
        "Total Operating Expenses": 11122,
        "Total revenue financing activities": 599,
        "Net profit from business activities": 24673,
        "Profit": -425,
        "Profit before tax": 24247,
        "Present corporate income tax expenses": 8009,
        "Deferred income taxes expenses": "N/A",
        "The interests of minority shareholders": 943,
        "Total Cost of profits": 8952,
        "Profit after tax corporate income": 15295,
        "Volume": 14779472,
        "Close of Quarter": 13.2,
        "EPS": 1577.0,
        "Non-adjusted EPS": 5919,
        "PE": 2.2,
        "Book Price": 9.1
      }
    },
    {
      "quarter": "Q4 2007",
      "income status": {
        "Net sales": 156870,
        "Cost of goods sold": 135286,
        "Gross Profit": 21584,
        "Financial expenses": 32986,
        "Of which: Interest expense": 1968,
        "Cost of sales": 4109,
        "Enterprise cost management": 9380,
        "Total Operating Expenses": 46475,
        "Total revenue financing activities": 74739,
        "Net profit from business activities": 49848,
        "Profit": -4543,
        "Profit before tax": 45305,
        "Present corporate income tax expenses": 4727,
        "Deferred income taxes expenses": "N/A",
        "The interests of minority shareholders": "N/A",
        "Total Cost of profits": 4727,
        "Profit after tax corporate income": 40578,
        "Volume": 14779472,
        "Close of Quarter": 23.3,
        "EPS": 1529.3,
        "Non-adjusted EPS": 5740,
        "PE": 4.1,
        "Book Price": 9.0
      }
    },
    {
      "quarter": "Q3 2007",
      "income status": {
        "Net sales": 26384,
        "Cost of goods sold": 23022,
        "Gross Profit": 3362,
        "Financial expenses": 2375,
        "Of which: Interest expense": "N/A",
        "Cost of sales": 1098,
        "Enterprise cost management": 1994,
        "Total Operating Expenses": 5467,
        "Total revenue financing activities": 25714,
        "Net profit from business activities": 23609,
        "Profit": 40,
        "Profit before tax": 23649,
        "Present corporate income tax expenses": 4646,
        "Deferred income taxes expenses": "N/A",
        "The interests of minority shareholders": "N/A",
        "Total Cost of profits": 4646,
        "Profit after tax corporate income": 19003,
        "Volume": 6000251,
        "Close of Quarter": 21.2,
        "EPS": 900.1,
        "Non-adjusted EPS": 8321,
        "PE": 2.6,
        "Book Price": 3.5
      }
    },
    {
      "quarter": "Q2 2007",
      "income status": {
        "Net sales": 28851,
        "Cost of goods sold": 23812,
        "Gross Profit": 5039,
        "Financial expenses": 1066,
        "Of which: Interest expense": "N/A",
        "Cost of sales": 776,
        "Enterprise cost management": 1993,
        "Total Operating Expenses": 3835,
        "Total revenue financing activities": 14080,
        "Net profit from business activities": 15283,
        "Profit": -96,
        "Profit before tax": 15188,
        "Present corporate income tax expenses": 2584,
        "Deferred income taxes expenses": "N/A",
        "The interests of minority shareholders": "N/A",
        "Total Cost of profits": 2584,
        "Profit after tax corporate income": 12603,
        "Volume": 6000251,
        "Close of Quarter": 16.9,
        "EPS": 636.0,
        "Non-adjusted EPS": 5880,
        "PE": 2.9,
        "Book Price": 3.2
      }
    },
    {
      "quarter": "Q1 2007",
      "income status": {
        "Net sales": 36507,
        "Cost of goods sold": 30654,
        "Gross Profit": 5853,
        "Financial expenses": 669,
        "Of which: Interest expense": "N/A",
        "Cost of sales": 759,
        "Enterprise cost management": 3001,
        "Total Operating Expenses": 4429,
        "Total revenue financing activities": 14240,
        "Net profit from business activities": 15664,
        "Profit": 176,
        "Profit before tax": 15840,
        "Present corporate income tax expenses": 3190,
        "Deferred income taxes expenses": "N/A",
        "The interests of minority shareholders": "N/A",
        "Total Cost of profits": 3190,
        "Profit after tax corporate income": 12650,
        "Volume": 6000251,
        "Close of Quarter": 20.5,
        "EPS": 486.3,
        "Non-adjusted EPS": 4496,
        "PE": 4.6,
        "Book Price": 3.1
      }
    },
    {
      "quarter": "Q4 2006",
      "income status": {
        "Net sales": 26701,
        "Cost of goods sold": 25284,
        "Gross Profit": 1417,
        "Financial expenses": -1382,
        "Of which: Interest expense": "N/A",
        "Cost of sales": -155,
        "Enterprise cost management": 1797,
        "Total Operating Expenses": 260,
        "Total revenue financing activities": 5613,
        "Net profit from business activities": 6770,
        "Profit": 347,
        "Profit before tax": 7117,
        "Present corporate income tax expenses": 1447,
        "Deferred income taxes expenses": "N/A",
        "The interests of minority shareholders": "N/A",
        "Total Cost of profits": 1447,
        "Profit after tax corporate income": 5670,
        "Volume": 6000251,
        "Close of Quarter": 7.3,
        "EPS": 304.7,
        "Non-adjusted EPS": 2817,
        "PE": 2.6,
        "Book Price": 2.9
      }
    },
    {
      "quarter": "Q3 2006",
      "income status": {
        "Net sales": 32376,
        "Cost of goods sold": 29319,
        "Gross Profit": 3056,
        "Financial expenses": 1783,
        "Of which: Interest expense": "N/A",
        "Cost of sales": 461,
        "Enterprise cost management": 1345,
        "Total Operating Expenses": 3589,
        "Total revenue financing activities": 5354,
        "Net profit from business activities": 4822,
        "Profit": 19,
        "Profit before tax": 4841,
        "Present corporate income tax expenses": 484,
        "Deferred income taxes expenses": "N/A",
        "The interests of minority shareholders": "N/A",
        "Total Cost of profits": 484,
        "Profit after tax corporate income": 4357,
        "Volume": 6000251,
        "Close of Quarter": 8.9,
        "EPS": 202.5,
        "Non-adjusted EPS": 1872,
        "PE": 4.8,
        "Book Price": 2.8
      }
    },
    {
      "quarter": "Q2 2006",
      "income status": {
        "Net sales": 30415,
        "Cost of goods sold": 26707,
        "Gross Profit": 3709,
        "Financial expenses": 630,
        "Of which: Interest expense": "N/A",
        "Cost of sales": 201,
        "Enterprise cost management": 1244,
        "Total Operating Expenses": 2075,
        "Total revenue financing activities": 3137,
        "Net profit from business activities": 4771,
        "Profit": 128,
        "Profit before tax": 4899,
        "Present corporate income tax expenses": 598,
        "Deferred income taxes expenses": "N/A",
        "The interests of minority shareholders": "N/A",
        "Total Cost of profits": 598,
        "Profit after tax corporate income": 4300,
        "Volume": 6000251,
        "Close of Quarter": 8.3,
        "EPS": 124.0,
        "Non-adjusted EPS": 1146,
        "PE": 7.2,
        "Book Price": 1.8
      }
    },
    {
      "quarter": "Q1 2006",
      "income status": {
        "Net sales": 26427,
        "Cost of goods sold": 24527,
        "Gross Profit": 1900,
        "Financial expenses": 259,
        "Of which: Interest expense": "N/A",
        "Cost of sales": 180,
        "Enterprise cost management": 752,
        "Total Operating Expenses": 1191,
        "Total revenue financing activities": 1954,
        "Net profit from business activities": 2663,
        "Profit": 109,
        "Profit before tax": 2772,
        "Present corporate income tax expenses": 194,
        "Deferred income taxes expenses": "N/A",
        "The interests of minority shareholders": "N/A",
        "Total Cost of profits": 194,
        "Profit after tax corporate income": 2578,
        "Volume": 6000251,
        "Close of Quarter": 10.4,
        "EPS": 46.5,
        "Non-adjusted EPS": 430,
        "PE": 24.3,
        "Book Price": 1.3
      }
    }
  ]
}