{
  "ticker": "FPC",
  "data": [
    {
      "quarter": "Q1 2012",
      "income status": {
        "Net sales": 3824,
        "Cost of goods sold": 3479,
        "Gross Profit": 345,
        "Financial expenses": 1773,
        "Of which: Interest expense": 1772,
        "Cost of sales": "N/A",
        "Enterprise cost management": 3976,
        "Total Operating Expenses": 5749,
        "Total revenue financing activities": 2698,
        "Net profit from business activities": -2705,
        "Profit": -361,
        "Profit before tax": -3066,
        "Present corporate income tax expenses": "N/A",
        "Deferred income taxes expenses": "N/A",
        "The interests of minority shareholders": -19,
        "Total Cost of profits": -19,
        "Profit after tax corporate income": -3047,
        "Volume": 32999991,
        "Close of Quarter": 1.6,
        "EPS": -12421,
        "Non-adjusted EPS": -12421,
        "PE": -0.1,
        "Book Price": 5.1
      }
    },
    {
      "quarter": "Q4 2011",
      "income status": {
        "Net sales": 25961,
        "Cost of goods sold": 80650,
        "Gross Profit": -54689,
        "Financial expenses": 195817,
        "Of which: Interest expense": 4140,
        "Cost of sales": "N/A",
        "Enterprise cost management": 87624,
        "Total Operating Expenses": 283441,
        "Total revenue financing activities": 1999,
        "Net profit from business activities": -336132,
        "Profit": -42234,
        "Profit before tax": -378366,
        "Present corporate income tax expenses": 335,
        "Deferred income taxes expenses": "N/A",
        "The interests of minority shareholders": 8041,
        "Total Cost of profits": 8376,
        "Profit after tax corporate income": -386742,
        "Volume": 32999991,
        "Close of Quarter": 1.6,
        "EPS": -12375,
        "Non-adjusted EPS": -12375,
        "PE": -0.1,
        "Book Price": 0.1
      }
    },
    {
      "quarter": "Q3 2011",
      "income status": {
        "Net sales": 9259,
        "Cost of goods sold": 8737,
        "Gross Profit": 523,
        "Financial expenses": 2,
        "Of which: Interest expense": "N/A",
        "Cost of sales": "N/A",
        "Enterprise cost management": 5058,
        "Total Operating Expenses": 5060,
        "Total revenue financing activities": 2195,
        "Net profit from business activities": -2343,
        "Profit": -1945,
        "Profit before tax": -4288,
        "Present corporate income tax expenses": 490,
        "Deferred income taxes expenses": "N/A",
        "The interests of minority shareholders": -50,
        "Total Cost of profits": 440,
        "Profit after tax corporate income": -4728,
        "Volume": 32999991,
        "Close of Quarter": 1.6,
        "EPS": -532,
        "Non-adjusted EPS": -532,
        "PE": -3.0,
        "Book Price": 10.5
      }
    },
    {
      "quarter": "Q2 2011",
      "income status": {
        "Net sales": 5277,
        "Cost of goods sold": 16999,
        "Gross Profit": -11722,
        "Financial expenses": 1619,
        "Of which: Interest expense": 1091,
        "Cost of sales": "N/A",
        "Enterprise cost management": 26165,
        "Total Operating Expenses": 27784,
        "Total revenue financing activities": 2203,
        "Net profit from business activities": -37303,
        "Profit": 18279,
        "Profit before tax": -19023,
        "Present corporate income tax expenses": -626,
        "Deferred income taxes expenses": "N/A",
        "The interests of minority shareholders": -3023,
        "Total Cost of profits": -3649,
        "Profit after tax corporate income": -15374,
        "Volume": 32999991,
        "Close of Quarter": 2.9,
        "EPS": -714,
        "Non-adjusted EPS": -714,
        "PE": -4.1,
        "Book Price": 10.6
      }
    },
    {
      "quarter": "Q1 2011",
      "income status": {
        "Net sales": 18880,
        "Cost of goods sold": 15826,
        "Gross Profit": 3054,
        "Financial expenses": 1770,
        "Of which: Interest expense": 1742,
        "Cost of sales": "N/A",
        "Enterprise cost management": 5199,
        "Total Operating Expenses": 6969,
        "Total revenue financing activities": 1876,
        "Net profit from business activities": -2040,
        "Profit": 2233,
        "Profit before tax": 193,
        "Present corporate income tax expenses": 1297,
        "Deferred income taxes expenses": "N/A",
        "The interests of minority shareholders": 419,
        "Total Cost of profits": 1716,
        "Profit after tax corporate income": -1523,
        "Volume": 32999991,
        "Close of Quarter": 3.3,
        "EPS": -1940,
        "Non-adjusted EPS": -1940,
        "PE": -1.7,
        "Book Price": 11.2
      }
    },
    {
      "quarter": "Q4 2010",
      "income status": {
        "Net sales": 45765,
        "Cost of goods sold": 35157,
        "Gross Profit": 10607,
        "Financial expenses": 1968,
        "Of which: Interest expense": 1968,
        "Cost of sales": "N/A",
        "Enterprise cost management": 5804,
        "Total Operating Expenses": 7772,
        "Total revenue financing activities": 286,
        "Net profit from business activities": 3121,
        "Profit": 1323,
        "Profit before tax": 4443,
        "Present corporate income tax expenses": 7,
        "Deferred income taxes expenses": "N/A",
        "The interests of minority shareholders": 373,
        "Total Cost of profits": 380,
        "Profit after tax corporate income": 4063,
        "Volume": 32999991,
        "Close of Quarter": 7.2,
        "EPS": -2190,
        "Non-adjusted EPS": -2190,
        "PE": -3.3,
        "Book Price": 14.2
      }
    },
    {
      "quarter": "Q3 2010",
      "income status": {
        "Net sales": 11364,
        "Cost of goods sold": 10393,
        "Gross Profit": 970,
        "Financial expenses": 2796,
        "Of which: Interest expense": 2791,
        "Cost of sales": "N/A",
        "Enterprise cost management": 7901,
        "Total Operating Expenses": 10697,
        "Total revenue financing activities": 350,
        "Net profit from business activities": -9376,
        "Profit": -1416,
        "Profit before tax": -10792,
        "Present corporate income tax expenses": 1,
        "Deferred income taxes expenses": "N/A",
        "The interests of minority shareholders": -68,
        "Total Cost of profits": -67,
        "Profit after tax corporate income": -10725,
        "Volume": 32999991,
        "Close of Quarter": 7.2,
        "EPS": -12326,
        "Non-adjusted EPS": -12326,
        "PE": -0.6,
        "Book Price": 13.8
      }
    },
    {
      "quarter": "Q2 2010",
      "income status": {
        "Net sales": 14318,
        "Cost of goods sold": 23064,
        "Gross Profit": -8747,
        "Financial expenses": 2688,
        "Of which: Interest expense": 2685,
        "Cost of sales": "N/A",
        "Enterprise cost management": 9507,
        "Total Operating Expenses": 12195,
        "Total revenue financing activities": -580,
        "Net profit from business activities": -21521,
        "Profit": -34555,
        "Profit before tax": -56076,
        "Present corporate income tax expenses": -108,
        "Deferred income taxes expenses": "N/A",
        "The interests of minority shareholders": -139,
        "Total Cost of profits": -247,
        "Profit after tax corporate income": -55829,
        "Volume": 32999991,
        "Close of Quarter": 7.2,
        "EPS": -12252,
        "Non-adjusted EPS": -12252,
        "PE": -0.6,
        "Book Price": 13.6
      }
    },
    {
      "quarter": "Q1 2010",
      "income status": {
        "Net sales": 25546,
        "Cost of goods sold": 21110,
        "Gross Profit": 4436,
        "Financial expenses": 2684,
        "Of which: Interest expense": 2679,
        "Cost of sales": "N/A",
        "Enterprise cost management": 11863,
        "Total Operating Expenses": 14547,
        "Total revenue financing activities": 454,
        "Net profit from business activities": -9657,
        "Profit": 249,
        "Profit before tax": -9408,
        "Present corporate income tax expenses": 279,
        "Deferred income taxes expenses": "N/A",
        "The interests of minority shareholders": 91,
        "Total Cost of profits": 370,
        "Profit after tax corporate income": -9778,
        "Volume": 32999991,
        "Close of Quarter": 6.8,
        "EPS": -10765,
        "Non-adjusted EPS": -10765,
        "PE": -0.6,
        "Book Price": 15.3
      }
    },
    {
      "quarter": "Q4 2009",
      "income status": {
        "Net sales": 9134,
        "Cost of goods sold": 268456,
        "Gross Profit": -259322,
        "Financial expenses": 2800,
        "Of which: Interest expense": 2318,
        "Cost of sales": "N/A",
        "Enterprise cost management": 14511,
        "Total Operating Expenses": 17311,
        "Total revenue financing activities": 1503,
        "Net profit from business activities": -275130,
        "Profit": -52208,
        "Profit before tax": -327338,
        "Present corporate income tax expenses": 1281,
        "Deferred income taxes expenses": "N/A",
        "The interests of minority shareholders": 1819,
        "Total Cost of profits": 3100,
        "Profit after tax corporate income": -330438,
        "Volume": 32999991,
        "Close of Quarter": 9.2,
        "EPS": -10738,
        "Non-adjusted EPS": -10738,
        "PE": -0.9,
        "Book Price": 14
      }
    },
    {
      "quarter": "Q3 2009",
      "income status": {
        "Net sales": 58256,
        "Cost of goods sold": 50937,
        "Gross Profit": 7319,
        "Financial expenses": 1764,
        "Of which: Interest expense": 1429,
        "Cost of sales": "N/A",
        "Enterprise cost management": 17543,
        "Total Operating Expenses": 19307,
        "Total revenue financing activities": 750,
        "Net profit from business activities": -11238,
        "Profit": 5484,
        "Profit before tax": -5754,
        "Present corporate income tax expenses": 1945,
        "Deferred income taxes expenses": "N/A",
        "The interests of minority shareholders": 582,
        "Total Cost of profits": 2527,
        "Profit after tax corporate income": -8281,
        "Volume": 32999991,
        "Close of Quarter": 13.7,
        "EPS": -2228,
        "Non-adjusted EPS": -2228,
        "PE": -6.2,
        "Book Price": 24
      }
    },
    {
      "quarter": "Q2 2009",
      "income status": {
        "Net sales": 92975,
        "Cost of goods sold": 77712,
        "Gross Profit": 15263,
        "Financial expenses": 2515,
        "Of which: Interest expense": 2207,
        "Cost of sales": "N/A",
        "Enterprise cost management": 21334,
        "Total Operating Expenses": 23849,
        "Total revenue financing activities": 273,
        "Net profit from business activities": -8313,
        "Profit": 737,
        "Profit before tax": -7575,
        "Present corporate income tax expenses": 56,
        "Deferred income taxes expenses": "N/A",
        "The interests of minority shareholders": -889,
        "Total Cost of profits": -833,
        "Profit after tax corporate income": -6742,
        "Volume": 32999991,
        "Close of Quarter": 13.5,
        "EPS": -1951,
        "Non-adjusted EPS": -1951,
        "PE": -6.9,
        "Book Price": 24.1
      }
    },
    {
      "quarter": "Q1 2009",
      "income status": {
        "Net sales": 85769,
        "Cost of goods sold": 73956,
        "Gross Profit": 11812,
        "Financial expenses": 3383,
        "Of which: Interest expense": 3091,
        "Cost of sales": "N/A",
        "Enterprise cost management": 17939,
        "Total Operating Expenses": 21322,
        "Total revenue financing activities": 5,
        "Net profit from business activities": -9504,
        "Profit": -606,
        "Profit before tax": -10110,
        "Present corporate income tax expenses": 204,
        "Deferred income taxes expenses": "N/A",
        "The interests of minority shareholders": -1407,
        "Total Cost of profits": -1203,
        "Profit after tax corporate income": -8908,
        "Volume": 32999991,
        "Close of Quarter": 16.9,
        "EPS": -1685,
        "Non-adjusted EPS": -1685,
        "PE": -10.0,
        "Book Price": 24.4
      }
    },
    {
      "quarter": "Q4 2008",
      "income status": {
        "Net sales": 118375,
        "Cost of goods sold": 135816,
        "Gross Profit": -17441,
        "Financial expenses": 5082,
        "Of which: Interest expense": 4465,
        "Cost of sales": "N/A",
        "Enterprise cost management": 33213,
        "Total Operating Expenses": 38295,
        "Total revenue financing activities": 371,
        "Net profit from business activities": -55365,
        "Profit": 3684,
        "Profit before tax": -51681,
        "Present corporate income tax expenses": -2084,
        "Deferred income taxes expenses": "N/A",
        "The interests of minority shareholders": "N/A",
        "Total Cost of profits": -2084,
        "Profit after tax corporate income": -49597,
        "Volume": 32999991,
        "Close of Quarter": 19,
        "EPS": -1350,
        "Non-adjusted EPS": -1350,
        "PE": -14.1,
        "Book Price": 25.4
      }
    },
    {
      "quarter": "Q3 2008",
      "income status": {
        "Net sales": 106648,
        "Cost of goods sold": 66370,
        "Gross Profit": 40277,
        "Financial expenses": 5777,
        "Of which: Interest expense": 4738,
        "Cost of sales": "N/A",
        "Enterprise cost management": 32623,
        "Total Operating Expenses": 38400,
        "Total revenue financing activities": 22,
        "Net profit from business activities": 1900,
        "Profit": 61,
        "Profit before tax": 1960,
        "Present corporate income tax expenses": 1099,
        "Deferred income taxes expenses": "N/A",
        "The interests of minority shareholders": "N/A",
        "Total Cost of profits": 1099,
        "Profit after tax corporate income": 861,
        "Volume": 32999991,
        "Close of Quarter": 21.7,
        "EPS": 1492,
        "Non-adjusted EPS": 1492,
        "PE": 14.5,
        "Book Price": 27
      }
    },
    {
      "quarter": "Q2 2008",
      "income status": {
        "Net sales": 136175,
        "Cost of goods sold": 94600,
        "Gross Profit": 41575,
        "Financial expenses": 3106,
        "Of which: Interest expense": 2311,
        "Cost of sales": "N/A",
        "Enterprise cost management": 35130,
        "Total Operating Expenses": 38236,
        "Total revenue financing activities": 208,
        "Net profit from business activities": 3547,
        "Profit": -149,
        "Profit before tax": 3398,
        "Present corporate income tax expenses": 1360,
        "Deferred income taxes expenses": "N/A",
        "The interests of minority shareholders": "N/A",
        "Total Cost of profits": 1360,
        "Profit after tax corporate income": 2038,
        "Volume": 32999991,
        "Close of Quarter": 22.8,
        "EPS": 1667,
        "Non-adjusted EPS": 1667,
        "PE": 13.7,
        "Book Price": 27
      }
    },
    {
      "quarter": "Q1 2008",
      "income status": {
        "Net sales": 114084,
        "Cost of goods sold": 73581,
        "Gross Profit": 40502,
        "Financial expenses": 1531,
        "Of which: Interest expense": 1511,
        "Cost of sales": "N/A",
        "Enterprise cost management": 33980,
        "Total Operating Expenses": 35511,
        "Total revenue financing activities": 91,
        "Net profit from business activities": 5082,
        "Profit": -599,
        "Profit before tax": 4483,
        "Present corporate income tax expenses": 2194,
        "Deferred income taxes expenses": "N/A",
        "The interests of minority shareholders": 131,
        "Total Cost of profits": 2325,
        "Profit after tax corporate income": 2158,
        "Volume": 32999991,
        "Close of Quarter": 23,
        "EPS": 1914,
        "Non-adjusted EPS": 1914,
        "PE": 12.0,
        "Book Price": 27
      }
    },
    {
      "quarter": "Q4 2007",
      "income status": {
        "Net sales": 179735,
        "Cost of goods sold": 126350,
        "Gross Profit": 53384,
        "Financial expenses": 1167,
        "Of which: Interest expense": 1151,
        "Cost of sales": "N/A",
        "Enterprise cost management": 30827,
        "Total Operating Expenses": 31994,
        "Total revenue financing activities": 1127,
        "Net profit from business activities": 22518,
        "Profit": 32346,
        "Profit before tax": 54864,
        "Present corporate income tax expenses": 10675,
        "Deferred income taxes expenses": "N/A",
        "The interests of minority shareholders": "N/A",
        "Total Cost of profits": 10675,
        "Profit after tax corporate income": 44189,
        "Volume": 32999991,
        "Close of Quarter": 52.5,
        "EPS": 1992,
        "Non-adjusted EPS": 1992,
        "PE": 26.4,
        "Book Price": 28.9
      }
    },
    {
      "quarter": "Q3 2007",
      "income status": {
        "Net sales": 115254,
        "Cost of goods sold": 80206,
        "Gross Profit": 35048,
        "Financial expenses": 1882,
        "Of which: Interest expense": 1759,
        "Cost of sales": "N/A",
        "Enterprise cost management": 22746,
        "Total Operating Expenses": 24628,
        "Total revenue financing activities": 402,
        "Net profit from business activities": 10822,
        "Profit": -3652,
        "Profit before tax": 7170,
        "Present corporate income tax expenses": 538,
        "Deferred income taxes expenses": "N/A",
        "The interests of minority shareholders": "N/A",
        "Total Cost of profits": 538,
        "Profit after tax corporate income": 6632,
        "Volume": 15000000,
        "Close of Quarter": 59.5,
        "EPS": 1085,
        "Non-adjusted EPS": 2387,
        "PE": 24.9,
        "Book Price": 27.5
      }
    },
    {
      "quarter": "Q2 2007",
      "income status": {
        "Net sales": 123191,
        "Cost of goods sold": 91232,
        "Gross Profit": 31959,
        "Financial expenses": 4822,
        "Of which: Interest expense": 4185,
        "Cost of sales": "N/A",
        "Enterprise cost management": 20786,
        "Total Operating Expenses": 25608,
        "Total revenue financing activities": 612,
        "Net profit from business activities": 6963,
        "Profit": 4057,
        "Profit before tax": 11020,
        "Present corporate income tax expenses": 826,
        "Deferred income taxes expenses": "N/A",
        "The interests of minority shareholders": "N/A",
        "Total Cost of profits": 826,
        "Profit after tax corporate income": 10193,
        "Volume": 15000000,
        "Close of Quarter": 58.5,
        "EPS": 1149.1,
        "Non-adjusted EPS": 2528,
        "PE": 23.1,
        "Book Price": 8.2
      }
    },
    {
      "quarter": "Q1 2007",
      "income status": {
        "Net sales": 129570,
        "Cost of goods sold": 97013,
        "Gross Profit": 32556,
        "Financial expenses": 4863,
        "Of which: Interest expense": 4848,
        "Cost of sales": "N/A",
        "Enterprise cost management": 22014,
        "Total Operating Expenses": 26877,
        "Total revenue financing activities": 243,
        "Net profit from business activities": 5922,
        "Profit": -819,
        "Profit before tax": 5102,
        "Present corporate income tax expenses": 383,
        "Deferred income taxes expenses": "N/A",
        "The interests of minority shareholders": "N/A",
        "Total Cost of profits": 383,
        "Profit after tax corporate income": 4720,
        "Volume": 15000000,
        "Close of Quarter": 46.6,
        "EPS": 935,
        "Non-adjusted EPS": 2057,
        "PE": 22.7,
        "Book Price": 8.8
      }
    },
    {
      "quarter": "Q4 2006",
      "income status": {
        "Net sales": 98531,
        "Cost of goods sold": 57359,
        "Gross Profit": 41172,
        "Financial expenses": 2230,
        "Of which: Interest expense": 693,
        "Cost of sales": "N/A",
        "Enterprise cost management": 23908,
        "Total Operating Expenses": 26138,
        "Total revenue financing activities": 136,
        "Net profit from business activities": 15171,
        "Profit": 245,
        "Profit before tax": 15416,
        "Present corporate income tax expenses": 1156,
        "Deferred income taxes expenses": "N/A",
        "The interests of minority shareholders": "N/A",
        "Total Cost of profits": 1156,
        "Profit after tax corporate income": 14260,
        "Volume": 15000000,
        "Close of Quarter": 21.0,
        "EPS": 929.1,
        "Non-adjusted EPS": 2044,
        "PE": 10.3,
        "Book Price": 8.7
      }
    },
    {
      "quarter": "Q3 2006",
      "income status": {
        "Net sales": 100852,
        "Cost of goods sold": 71931,
        "Gross Profit": 28921,
        "Financial expenses": 2389,
        "Of which: Interest expense": 2190,
        "Cost of sales": "N/A",
        "Enterprise cost management": 17752,
        "Total Operating Expenses": 20141,
        "Total revenue financing activities": 31,
        "Net profit from business activities": 8812,
        "Profit": -65,
        "Profit before tax": 8747,
        "Present corporate income tax expenses": "N/A",
        "Deferred income taxes expenses": "N/A",
        "The interests of minority shareholders": "N/A",
        "Total Cost of profits": 0,
        "Profit after tax corporate income": 8747,
        "Volume": 10000000,
        "Close of Quarter": 26.9,
        "EPS": 497.0,
        "Non-adjusted EPS": 1640,
        "PE": 16.4,
        "Book Price": 3.7
      }
    },
    {
      "quarter": "Q2 2006",
      "income status": {
        "Net sales": 150904,
        "Cost of goods sold": 127549,
        "Gross Profit": 23355,
        "Financial expenses": 1605,
        "Of which: Interest expense": 1500,
        "Cost of sales": "N/A",
        "Enterprise cost management": 18364,
        "Total Operating Expenses": 19969,
        "Total revenue financing activities": 60,
        "Net profit from business activities": 3445,
        "Profit": -66,
        "Profit before tax": 3380,
        "Present corporate income tax expenses": 253,
        "Deferred income taxes expenses": "N/A",
        "The interests of minority shareholders": "N/A",
        "Total Cost of profits": 253,
        "Profit after tax corporate income": 3126,
        "Volume": 10000000,
        "Close of Quarter": "N/A",
        "EPS": 232.1,
        "Non-adjusted EPS": 766,
        "PE": "N/A",
        "Book Price": 3.4
      }
    },
    {
      "quarter": "Q1 2006",
      "income status": {
        "Net sales": 147250,
        "Cost of goods sold": 122530,
        "Gross Profit": 24721,
        "Financial expenses": 903,
        "Of which: Interest expense": 874,
        "Cost of sales": "N/A",
        "Enterprise cost management": 18787,
        "Total Operating Expenses": 19690,
        "Total revenue financing activities": 6,
        "Net profit from business activities": 5037,
        "Profit": -141,
        "Profit before tax": 4896,
        "Present corporate income tax expenses": 367,
        "Deferred income taxes expenses": "N/A",
        "The interests of minority shareholders": "N/A",
        "Total Cost of profits": 367,
        "Profit after tax corporate income": 4529,
        "Volume": 10000000,
        "Close of Quarter": "N/A",
        "EPS": 137.3,
        "Non-adjusted EPS": 453,
        "PE": "N/A",
        "Book Price": "N/A"
      }
    }
  ]
}