{
  "ticker": "KMR",
  "data": [
    {
      "quarter": "Q1 2017",
      "income status": {
        "Net sales": 66414,
        "Cost of goods sold": 52193,
        "Gross Profit": 14220,
        "Financial expenses": 2247,
        "Of which: Interest expense": 2150,
        "Cost of sales": 4330,
        "Enterprise cost management": 7139,
        "Total Operating Expenses": 13716,
        "Total revenue financing activities": 74,
        "Net profit from business activities": 578,
        "Profit": 475,
        "Profit before tax": 1054,
        "Present corporate income tax expenses": "N/A",
        "Deferred income taxes expenses": "N/A",
        "The interests of minority shareholders": "N/A",
        "Total Cost of profits": 0,
        "Profit after tax corporate income": 1054,
        "Volume": 56881443,
        "Close of Quarter": 4.6,
        "EPS": 137,
        "Non-adjusted EPS": 137,
        "PE": 33.6,
        "Book Price": 10.5
      }
    },
    {
      "quarter": "Q4 2016",
      "income status": {
        "Net sales": 30592,
        "Cost of goods sold": 30172,
        "Gross Profit": 420,
        "Financial expenses": 2740,
        "Of which: Interest expense": 2979,
        "Cost of sales": 3617,
        "Enterprise cost management": 5567,
        "Total Operating Expenses": 11924,
        "Total revenue financing activities": 1685,
        "Net profit from business activities": -9819,
        "Profit": 1345,
        "Profit before tax": -8474,
        "Present corporate income tax expenses": 760,
        "Deferred income taxes expenses": "N/A",
        "The interests of minority shareholders": "N/A",
        "Total Cost of profits": 760,
        "Profit after tax corporate income": -9234,
        "Volume": 48881443,
        "Close of Quarter": 4.9,
        "EPS": 174.5,
        "Non-adjusted EPS": 203,
        "PE": 24.3,
        "Book Price": 9.1
      }
    },
    {
      "quarter": "Q3 2016",
      "income status": {
        "Net sales": 108474,
        "Cost of goods sold": 86521,
        "Gross Profit": 21953,
        "Financial expenses": 1779,
        "Of which: Interest expense": 1737,
        "Cost of sales": 5969,
        "Enterprise cost management": 6970,
        "Total Operating Expenses": 14718,
        "Total revenue financing activities": -88,
        "Net profit from business activities": 7147,
        "Profit": -94,
        "Profit before tax": 7053,
        "Present corporate income tax expenses": "N/A",
        "Deferred income taxes expenses": "N/A",
        "The interests of minority shareholders": "N/A",
        "Total Cost of profits": 0,
        "Profit after tax corporate income": 7053,
        "Volume": 48881443,
        "Close of Quarter": 5.5,
        "EPS": 238.9,
        "Non-adjusted EPS": 278,
        "PE": 19.6,
        "Book Price": 9.3
      }
    },
    {
      "quarter": "Q2 2016",
      "income status": {
        "Net sales": 149304,
        "Cost of goods sold": 116186,
        "Gross Profit": 33118,
        "Financial expenses": 2130,
        "Of which: Interest expense": 1772,
        "Cost of sales": 7719,
        "Enterprise cost management": 9227,
        "Total Operating Expenses": 19076,
        "Total revenue financing activities": 589,
        "Net profit from business activities": 14631,
        "Profit": -1685,
        "Profit before tax": 12946,
        "Present corporate income tax expenses": 4010,
        "Deferred income taxes expenses": "N/A",
        "The interests of minority shareholders": "N/A",
        "Total Cost of profits": 4010,
        "Profit after tax corporate income": 8937,
        "Volume": 48881443,
        "Close of Quarter": 5.9,
        "EPS": 376.4,
        "Non-adjusted EPS": 438,
        "PE": 13.5,
        "Book Price": 9.2
      }
    },
    {
      "quarter": "Q1 2016",
      "income status": {
        "Net sales": 76076,
        "Cost of goods sold": 61495,
        "Gross Profit": 14580,
        "Financial expenses": 1603,
        "Of which: Interest expense": 1498,
        "Cost of sales": 3528,
        "Enterprise cost management": 6516,
        "Total Operating Expenses": 11647,
        "Total revenue financing activities": 75,
        "Net profit from business activities": 3008,
        "Profit": 154,
        "Profit before tax": 3162,
        "Present corporate income tax expenses": "N/A",
        "Deferred income taxes expenses": "N/A",
        "The interests of minority shareholders": "N/A",
        "Total Cost of profits": 0,
        "Profit after tax corporate income": 3162,
        "Volume": 48881443,
        "Close of Quarter": 4.4,
        "EPS": 292.2,
        "Non-adjusted EPS": 340,
        "PE": 12.9,
        "Book Price": 9.0
      }
    },
    {
      "quarter": "Q4 2015",
      "income status": {
        "Net sales": 40818,
        "Cost of goods sold": 32954,
        "Gross Profit": 7864,
        "Financial expenses": 2347,
        "Of which: Interest expense": 2889,
        "Cost of sales": 3241,
        "Enterprise cost management": 9699,
        "Total Operating Expenses": 15287,
        "Total revenue financing activities": 2031,
        "Net profit from business activities": -5391,
        "Profit": -150,
        "Profit before tax": -5541,
        "Present corporate income tax expenses": "N/A",
        "Deferred income taxes expenses": "N/A",
        "The interests of minority shareholders": "N/A",
        "Total Cost of profits": 0,
        "Profit after tax corporate income": -5541,
        "Volume": 48881443,
        "Close of Quarter": 4.5,
        "EPS": 98.8,
        "Non-adjusted EPS": 115,
        "PE": 39.1,
        "Book Price": 9.0
      }
    },
    {
      "quarter": "Q3 2015",
      "income status": {
        "Net sales": 123918,
        "Cost of goods sold": 92097,
        "Gross Profit": 31821,
        "Financial expenses": 2312,
        "Of which: Interest expense": 1610,
        "Cost of sales": 7256,
        "Enterprise cost management": 7171,
        "Total Operating Expenses": 16739,
        "Total revenue financing activities": 408,
        "Net profit from business activities": 15489,
        "Profit": -653,
        "Profit before tax": 14836,
        "Present corporate income tax expenses": "N/A",
        "Deferred income taxes expenses": "N/A",
        "The interests of minority shareholders": "N/A",
        "Total Cost of profits": 0,
        "Profit after tax corporate income": 14836,
        "Volume": 48881443,
        "Close of Quarter": 4.6,
        "EPS": 56.7,
        "Non-adjusted EPS": 66,
        "PE": 69.7,
        "Book Price": 9.1
      }
    },
    {
      "quarter": "Q2 2015",
      "income status": {
        "Net sales": 124616,
        "Cost of goods sold": 90709,
        "Gross Profit": 33907,
        "Financial expenses": 2586,
        "Of which: Interest expense": 1669,
        "Cost of sales": 6497,
        "Enterprise cost management": 9807,
        "Total Operating Expenses": 18890,
        "Total revenue financing activities": 779,
        "Net profit from business activities": 15796,
        "Profit": -1795,
        "Profit before tax": 14001,
        "Present corporate income tax expenses": 2606,
        "Deferred income taxes expenses": 7246,
        "The interests of minority shareholders": "N/A",
        "Total Cost of profits": 9852,
        "Profit after tax corporate income": 4150,
        "Volume": 44437900,
        "Close of Quarter": 5.2,
        "EPS": -102.3,
        "Non-adjusted EPS": -131,
        "PE": -39.7,
        "Book Price": 8.9
      }
    },
    {
      "quarter": "Q1 2015",
      "income status": {
        "Net sales": 65762,
        "Cost of goods sold": 61349,
        "Gross Profit": 4413,
        "Financial expenses": 1591,
        "Of which: Interest expense": 1578,
        "Cost of sales": 4662,
        "Enterprise cost management": 6074,
        "Total Operating Expenses": 12327,
        "Total revenue financing activities": 4,
        "Net profit from business activities": -7910,
        "Profit": 105,
        "Profit before tax": -7804,
        "Present corporate income tax expenses": "N/A",
        "Deferred income taxes expenses": 5,
        "The interests of minority shareholders": "N/A",
        "Total Cost of profits": 5,
        "Profit after tax corporate income": -7809,
        "Volume": 44437900,
        "Close of Quarter": 5.4,
        "EPS": 70.3,
        "Non-adjusted EPS": 90,
        "PE": 59.6,
        "Book Price": 8.8
      }
    },
    {
      "quarter": "Q4 2014",
      "income status": {
        "Net sales": 41285,
        "Cost of goods sold": 38586,
        "Gross Profit": 2698,
        "Financial expenses": 2031,
        "Of which: Interest expense": 1636,
        "Cost of sales": 4059,
        "Enterprise cost management": 7068,
        "Total Operating Expenses": 13158,
        "Total revenue financing activities": 1081,
        "Net profit from business activities": -9378,
        "Profit": 803,
        "Profit before tax": -8575,
        "Present corporate income tax expenses": -633,
        "Deferred income taxes expenses": "N/A",
        "The interests of minority shareholders": "N/A",
        "Total Cost of profits": -633,
        "Profit after tax corporate income": -7942,
        "Volume": 40398222,
        "Close of Quarter": 6.5,
        "EPS": 155.5,
        "Non-adjusted EPS": 219,
        "PE": 29.5,
        "Book Price": 9.0
      }
    },
    {
      "quarter": "Q3 2014",
      "income status": {
        "Net sales": 120026,
        "Cost of goods sold": 98120,
        "Gross Profit": 21907,
        "Financial expenses": 1833,
        "Of which: Interest expense": 1827,
        "Cost of sales": 7225,
        "Enterprise cost management": 6524,
        "Total Operating Expenses": 15582,
        "Total revenue financing activities": -152,
        "Net profit from business activities": 6172,
        "Profit": -398,
        "Profit before tax": 5774,
        "Present corporate income tax expenses": "N/A",
        "Deferred income taxes expenses": "N/A",
        "The interests of minority shareholders": "N/A",
        "Total Cost of profits": 0,
        "Profit after tax corporate income": 5774,
        "Volume": 34398222,
        "Close of Quarter": 6.3,
        "EPS": 400.3,
        "Non-adjusted EPS": 662,
        "PE": 9.5,
        "Book Price": 9.1
      }
    },
    {
      "quarter": "Q2 2014",
      "income status": {
        "Net sales": 137880,
        "Cost of goods sold": 104301,
        "Gross Profit": 33579,
        "Financial expenses": 3175,
        "Of which: Interest expense": 2022,
        "Cost of sales": 7052,
        "Enterprise cost management": 10147,
        "Total Operating Expenses": 20374,
        "Total revenue financing activities": 1473,
        "Net profit from business activities": 14678,
        "Profit": 3097,
        "Profit before tax": 17776,
        "Present corporate income tax expenses": 3949,
        "Deferred income taxes expenses": -164,
        "The interests of minority shareholders": "N/A",
        "Total Cost of profits": 3785,
        "Profit after tax corporate income": 13991,
        "Volume": 34398222,
        "Close of Quarter": 5.2,
        "EPS": 509.2,
        "Non-adjusted EPS": 842,
        "PE": 6.2,
        "Book Price": 8.0
      }
    },
    {
      "quarter": "Q1 2014",
      "income status": {
        "Net sales": 47124,
        "Cost of goods sold": 38078,
        "Gross Profit": 9046,
        "Financial expenses": 1959,
        "Of which: Interest expense": 1917,
        "Cost of sales": 3918,
        "Enterprise cost management": 5840,
        "Total Operating Expenses": 11717,
        "Total revenue financing activities": 26,
        "Net profit from business activities": -2645,
        "Profit": -318,
        "Profit before tax": -2963,
        "Present corporate income tax expenses": "N/A",
        "Deferred income taxes expenses": "N/A",
        "The interests of minority shareholders": "N/A",
        "Total Cost of profits": 0,
        "Profit after tax corporate income": -2963,
        "Volume": 34398222,
        "Close of Quarter": 6.8,
        "EPS": 386.4,
        "Non-adjusted EPS": 639,
        "PE": 10.7,
        "Book Price": 7.8
      }
    },
    {
      "quarter": "Q4 2013",
      "income status": {
        "Net sales": 68793,
        "Cost of goods sold": 57525,
        "Gross Profit": 11268,
        "Financial expenses": 2682,
        "Of which: Interest expense": 2172,
        "Cost of sales": 4518,
        "Enterprise cost management": 8723,
        "Total Operating Expenses": 15923,
        "Total revenue financing activities": 616,
        "Net profit from business activities": -4039,
        "Profit": 13898,
        "Profit before tax": 9859,
        "Present corporate income tax expenses": 1185,
        "Deferred income taxes expenses": 2702,
        "The interests of minority shareholders": "N/A",
        "Total Cost of profits": 3887,
        "Profit after tax corporate income": 5972,
        "Volume": 34398222,
        "Close of Quarter": 5.5,
        "EPS": 354.4,
        "Non-adjusted EPS": 586,
        "PE": 9.4,
        "Book Price": 7.9
      }
    },
    {
      "quarter": "Q3 2013",
      "income status": {
        "Net sales": 119419,
        "Cost of goods sold": 98292,
        "Gross Profit": 21127,
        "Financial expenses": 2748,
        "Of which: Interest expense": 2561,
        "Cost of sales": 7092,
        "Enterprise cost management": 6434,
        "Total Operating Expenses": 16274,
        "Total revenue financing activities": 130,
        "Net profit from business activities": 4983,
        "Profit": 10047,
        "Profit before tax": 15030,
        "Present corporate income tax expenses": 933,
        "Deferred income taxes expenses": 2127,
        "The interests of minority shareholders": "N/A",
        "Total Cost of profits": 3060,
        "Profit after tax corporate income": 11970,
        "Volume": 34398222,
        "Close of Quarter": 2.1,
        "EPS": 245.5,
        "Non-adjusted EPS": 406,
        "PE": 5.2,
        "Book Price": 7.7
      }
    },
    {
      "quarter": "Q2 2013",
      "income status": {
        "Net sales": 107583,
        "Cost of goods sold": 82024,
        "Gross Profit": 25560,
        "Financial expenses": 4193,
        "Of which: Interest expense": 3305,
        "Cost of sales": 6912,
        "Enterprise cost management": 8498,
        "Total Operating Expenses": 19603,
        "Total revenue financing activities": 1760,
        "Net profit from business activities": 7718,
        "Profit": -1130,
        "Profit before tax": 6588,
        "Present corporate income tax expenses": 990,
        "Deferred income taxes expenses": -1394,
        "The interests of minority shareholders": "N/A",
        "Total Cost of profits": -404,
        "Profit after tax corporate income": 6991,
        "Volume": 34398222,
        "Close of Quarter": 1.7,
        "EPS": 75.0,
        "Non-adjusted EPS": 124,
        "PE": 13.7,
        "Book Price": 7.6
      }
    },
    {
      "quarter": "Q1 2013",
      "income status": {
        "Net sales": 41487,
        "Cost of goods sold": 33483,
        "Gross Profit": 8005,
        "Financial expenses": 2873,
        "Of which: Interest expense": 2859,
        "Cost of sales": 3832,
        "Enterprise cost management": 5290,
        "Total Operating Expenses": 11995,
        "Total revenue financing activities": 53,
        "Net profit from business activities": -3937,
        "Profit": -832,
        "Profit before tax": -4768,
        "Present corporate income tax expenses": "N/A",
        "Deferred income taxes expenses": "N/A",
        "The interests of minority shareholders": "N/A",
        "Total Cost of profits": 0,
        "Profit after tax corporate income": -4768,
        "Volume": 34398222,
        "Close of Quarter": 2.4,
        "EPS": -33.9,
        "Non-adjusted EPS": -56,
        "PE": -42.9,
        "Book Price": 7.7
      }
    },
    {
      "quarter": "Q4 2012",
      "income status": {
        "Net sales": 61518,
        "Cost of goods sold": 44979,
        "Gross Profit": 16539,
        "Financial expenses": 4138,
        "Of which: Interest expense": 4040,
        "Cost of sales": 4579,
        "Enterprise cost management": 8030,
        "Total Operating Expenses": 16747,
        "Total revenue financing activities": 21,
        "Net profit from business activities": -188,
        "Profit": -22,
        "Profit before tax": -209,
        "Present corporate income tax expenses": 5,
        "Deferred income taxes expenses": "N/A",
        "The interests of minority shareholders": "N/A",
        "Total Cost of profits": 5,
        "Profit after tax corporate income": -214,
        "Volume": 34398222,
        "Close of Quarter": 2.4,
        "EPS": 55.0,
        "Non-adjusted EPS": 91,
        "PE": 26.4,
        "Book Price": 7.8
      }
    },
    {
      "quarter": "Q3 2012",
      "income status": {
        "Net sales": 99420,
        "Cost of goods sold": 78554,
        "Gross Profit": 20867,
        "Financial expenses": 4184,
        "Of which: Interest expense": 4096,
        "Cost of sales": 7566,
        "Enterprise cost management": 5634,
        "Total Operating Expenses": 17384,
        "Total revenue financing activities": 102,
        "Net profit from business activities": 3585,
        "Profit": -212,
        "Profit before tax": 3373,
        "Present corporate income tax expenses": 1127,
        "Deferred income taxes expenses": "N/A",
        "The interests of minority shareholders": "N/A",
        "Total Cost of profits": 1127,
        "Profit after tax corporate income": 2246,
        "Volume": 34398222,
        "Close of Quarter": 2.2,
        "EPS": 21.2,
        "Non-adjusted EPS": 35,
        "PE": 64,
        "Book Price": 7.8
      }
    },
    {
      "quarter": "Q2 2012",
      "income status": {
        "Net sales": 113098,
        "Cost of goods sold": 94665,
        "Gross Profit": 18433,
        "Financial expenses": 5243,
        "Of which: Interest expense": 4806,
        "Cost of sales": 6135,
        "Enterprise cost management": 5891,
        "Total Operating Expenses": 17269,
        "Total revenue financing activities": 195,
        "Net profit from business activities": 1360,
        "Profit": -27,
        "Profit before tax": 1332,
        "Present corporate income tax expenses": 509,
        "Deferred income taxes expenses": "N/A",
        "The interests of minority shareholders": "N/A",
        "Total Cost of profits": 509,
        "Profit after tax corporate income": 823,
        "Volume": 32450591,
        "Close of Quarter": 3.1,
        "EPS": 39.4,
        "Non-adjusted EPS": 69,
        "PE": 44.9,
        "Book Price": 7.8
      }
    },
    {
      "quarter": "Q1 2012",
      "income status": {
        "Net sales": 73861,
        "Cost of goods sold": 59527,
        "Gross Profit": 14334,
        "Financial expenses": 3935,
        "Of which: Interest expense": 3860,
        "Cost of sales": 4878,
        "Enterprise cost management": 5328,
        "Total Operating Expenses": 14141,
        "Total revenue financing activities": 73,
        "Net profit from business activities": 266,
        "Profit": -6,
        "Profit before tax": 260,
        "Present corporate income tax expenses": "N/A",
        "Deferred income taxes expenses": "N/A",
        "The interests of minority shareholders": "N/A",
        "Total Cost of profits": 0,
        "Profit after tax corporate income": 260,
        "Volume": 32450591,
        "Close of Quarter": 2.6,
        "EPS": 174.6,
        "Non-adjusted EPS": 306,
        "PE": 8.4,
        "Book Price": 7.8
      }
    },
    {
      "quarter": "Q4 2011",
      "income status": {
        "Net sales": 102597,
        "Cost of goods sold": 100111,
        "Gross Profit": 2487,
        "Financial expenses": 11256,
        "Of which: Interest expense": 4034,
        "Cost of sales": 6400,
        "Enterprise cost management": 4285,
        "Total Operating Expenses": 21941,
        "Total revenue financing activities": 9836,
        "Net profit from business activities": -9617,
        "Profit": 6408,
        "Profit before tax": -3209,
        "Present corporate income tax expenses": -628,
        "Deferred income taxes expenses": -455,
        "The interests of minority shareholders": "N/A",
        "Total Cost of profits": -1083,
        "Profit after tax corporate income": -2126,
        "Volume": 32450591,
        "Close of Quarter": 2.2,
        "EPS": 179.1,
        "Non-adjusted EPS": 314,
        "PE": 7.0,
        "Book Price": 7.8
      }
    },
    {
      "quarter": "Q3 2011",
      "income status": {
        "Net sales": 79133,
        "Cost of goods sold": 59344,
        "Gross Profit": 19789,
        "Financial expenses": 5201,
        "Of which: Interest expense": 4295,
        "Cost of sales": 6361,
        "Enterprise cost management": 5008,
        "Total Operating Expenses": 16570,
        "Total revenue financing activities": 110,
        "Net profit from business activities": 3329,
        "Profit": -64,
        "Profit before tax": 9001,
        "Present corporate income tax expenses": "N/A",
        "Deferred income taxes expenses": "N/A",
        "The interests of minority shareholders": "N/A",
        "Total Cost of profits": 0,
        "Profit after tax corporate income": 3266,
        "Volume": 32450591,
        "Close of Quarter": 3.7,
        "EPS": 820.4,
        "Non-adjusted EPS": 1438,
        "PE": 2.5,
        "Book Price": 7.5
      }
    },
    {
      "quarter": "Q2 2011",
      "income status": {
        "Net sales": 117536,
        "Cost of goods sold": 92258,
        "Gross Profit": 25278,
        "Financial expenses": 7542,
        "Of which: Interest expense": 4037,
        "Cost of sales": 7842,
        "Enterprise cost management": 8611,
        "Total Operating Expenses": 23995,
        "Total revenue financing activities": 9287,
        "Net profit from business activities": 10570,
        "Profit": 220,
        "Profit before tax": 10790,
        "Present corporate income tax expenses": 2263,
        "Deferred income taxes expenses": "N/A",
        "The interests of minority shareholders": "N/A",
        "Total Cost of profits": 2263,
        "Profit after tax corporate income": 8527,
        "Volume": 32450591,
        "Close of Quarter": 3.8,
        "EPS": 766.8,
        "Non-adjusted EPS": 1344,
        "PE": 2.8,
        "Book Price": 7.9
      }
    },
    {
      "quarter": "Q1 2011",
      "income status": {
        "Net sales": 65779,
        "Cost of goods sold": 50601,
        "Gross Profit": 15178,
        "Financial expenses": 3500,
        "Of which: Interest expense": 3296,
        "Cost of sales": 5982,
        "Enterprise cost management": 5547,
        "Total Operating Expenses": 15029,
        "Total revenue financing activities": 377,
        "Net profit from business activities": 526,
        "Profit": -11,
        "Profit before tax": 515,
        "Present corporate income tax expenses": "N/A",
        "Deferred income taxes expenses": "N/A",
        "The interests of minority shareholders": "N/A",
        "Total Cost of profits": 0,
        "Profit after tax corporate income": 515,
        "Volume": 32450591,
        "Close of Quarter": 4.5,
        "EPS": 682.3,
        "Non-adjusted EPS": 1196,
        "PE": 3.7,
        "Book Price": 7.6
      }
    },
    {
      "quarter": "Q4 2010",
      "income status": {
        "Net sales": 129422,
        "Cost of goods sold": 71610,
        "Gross Profit": 57812,
        "Financial expenses": 4504,
        "Of which: Interest expense": 2890,
        "Cost of sales": 6971,
        "Enterprise cost management": 2606,
        "Total Operating Expenses": 14081,
        "Total revenue financing activities": 1985,
        "Net profit from business activities": 45716,
        "Profit": -125,
        "Profit before tax": 45591,
        "Present corporate income tax expenses": 11245,
        "Deferred income taxes expenses": "N/A",
        "The interests of minority shareholders": "N/A",
        "Total Cost of profits": 11245,
        "Profit after tax corporate income": 34346,
        "Volume": 31090734,
        "Close of Quarter": 5.9,
        "EPS": 679.4,
        "Non-adjusted EPS": 1243,
        "PE": 4.8,
        "Book Price": 7.6
      }
    },
    {
      "quarter": "Q3 2010",
      "income status": {
        "Net sales": 96397,
        "Cost of goods sold": 80392,
        "Gross Profit": 16005,
        "Financial expenses": 5337,
        "Of which: Interest expense": 2922,
        "Cost of sales": 7283,
        "Enterprise cost management": 4165,
        "Total Operating Expenses": 16785,
        "Total revenue financing activities": 1159,
        "Net profit from business activities": 380,
        "Profit": -39,
        "Profit before tax": 341,
        "Present corporate income tax expenses": 127,
        "Deferred income taxes expenses": "N/A",
        "The interests of minority shareholders": "N/A",
        "Total Cost of profits": 127,
        "Profit after tax corporate income": 214,
        "Volume": 31090734,
        "Close of Quarter": 6.7,
        "EPS": 407.8,
        "Non-adjusted EPS": 746,
        "PE": 8.9,
        "Book Price": 7
      }
    },
    {
      "quarter": "Q2 2010",
      "income status": {
        "Net sales": 110267,
        "Cost of goods sold": 91200,
        "Gross Profit": 19067,
        "Financial expenses": 6235,
        "Of which: Interest expense": 4052,
        "Cost of sales": 6091,
        "Enterprise cost management": 6433,
        "Total Operating Expenses": 18759,
        "Total revenue financing activities": 6173,
        "Net profit from business activities": 6481,
        "Profit": -45,
        "Profit before tax": 6436,
        "Present corporate income tax expenses": 2699,
        "Deferred income taxes expenses": "N/A",
        "The interests of minority shareholders": "N/A",
        "Total Cost of profits": 2699,
        "Profit after tax corporate income": 3737,
        "Volume": 25944332,
        "Close of Quarter": 8.4,
        "EPS": 542.8,
        "Non-adjusted EPS": 1190,
        "PE": 7.1,
        "Book Price": 6.9
      }
    },
    {
      "quarter": "Q1 2010",
      "income status": {
        "Net sales": 41552,
        "Cost of goods sold": 33873,
        "Gross Profit": 7679,
        "Financial expenses": 3702,
        "Of which: Interest expense": 2151,
        "Cost of sales": 3879,
        "Enterprise cost management": 3314,
        "Total Operating Expenses": 10895,
        "Total revenue financing activities": 3815,
        "Net profit from business activities": 599,
        "Profit": -134,
        "Profit before tax": 466,
        "Present corporate income tax expenses": 118,
        "Deferred income taxes expenses": "N/A",
        "The interests of minority shareholders": "N/A",
        "Total Cost of profits": 118,
        "Profit after tax corporate income": 348,
        "Volume": 24579332,
        "Close of Quarter": 8.1,
        "EPS": 546.2,
        "Non-adjusted EPS": 1264,
        "PE": 6.4,
        "Book Price": 6.5
      }
    },
    {
      "quarter": "Q4 2009",
      "income status": {
        "Net sales": 81037,
        "Cost of goods sold": 45249,
        "Gross Profit": 35787,
        "Financial expenses": 4205,
        "Of which: Interest expense": 1803,
        "Cost of sales": 2468,
        "Enterprise cost management": 3637,
        "Total Operating Expenses": 10310,
        "Total revenue financing activities": 1939,
        "Net profit from business activities": 27417,
        "Profit": -485,
        "Profit before tax": 26932,
        "Present corporate income tax expenses": 8051,
        "Deferred income taxes expenses": "N/A",
        "The interests of minority shareholders": "N/A",
        "Total Cost of profits": 8051,
        "Profit after tax corporate income": 18881,
        "Volume": 10562209,
        "Close of Quarter": 7.9,
        "EPS": 562.3,
        "Non-adjusted EPS": 3028,
        "PE": 2.6,
        "Book Price": 3.8
      }
    },
    {
      "quarter": "Q3 2009",
      "income status": {
        "Net sales": 48806,
        "Cost of goods sold": 33721,
        "Gross Profit": 15086,
        "Financial expenses": 2927,
        "Of which: Interest expense": 1077,
        "Cost of sales": 2403,
        "Enterprise cost management": 2828,
        "Total Operating Expenses": 8158,
        "Total revenue financing activities": 1558,
        "Net profit from business activities": 8485,
        "Profit": 19,
        "Profit before tax": 8504,
        "Present corporate income tax expenses": 595,
        "Deferred income taxes expenses": "N/A",
        "The interests of minority shareholders": "N/A",
        "Total Cost of profits": 595,
        "Profit after tax corporate income": 7909,
        "Volume": 10562209,
        "Close of Quarter": 8.5,
        "EPS": 521.2,
        "Non-adjusted EPS": 2807,
        "PE": 3.0,
        "Book Price": 3.5
      }
    },
    {
      "quarter": "Q2 2009",
      "income status": {
        "Net sales": 39343,
        "Cost of goods sold": 30900,
        "Gross Profit": 8443,
        "Financial expenses": 3654,
        "Of which: Interest expense": 1047,
        "Cost of sales": 1904,
        "Enterprise cost management": 5434,
        "Total Operating Expenses": 10992,
        "Total revenue financing activities": 6747,
        "Net profit from business activities": 4197,
        "Profit": -61,
        "Profit before tax": 4136,
        "Present corporate income tax expenses": 203,
        "Deferred income taxes expenses": "N/A",
        "The interests of minority shareholders": "N/A",
        "Total Cost of profits": 203,
        "Profit after tax corporate income": 3932,
        "Volume": 10562209,
        "Close of Quarter": 6.5,
        "EPS": 441.2,
        "Non-adjusted EPS": 2376,
        "PE": 2.7,
        "Book Price": 3.4
      }
    },
    {
      "quarter": "Q1 2009",
      "income status": {
        "Net sales": 20229,
        "Cost of goods sold": 13183,
        "Gross Profit": 7046,
        "Financial expenses": 2066,
        "Of which: Interest expense": 1492,
        "Cost of sales": 1431,
        "Enterprise cost management": 2294,
        "Total Operating Expenses": 5791,
        "Total revenue financing activities": 172,
        "Net profit from business activities": 1428,
        "Profit": -70,
        "Profit before tax": 1358,
        "Present corporate income tax expenses": 95,
        "Deferred income taxes expenses": "N/A",
        "The interests of minority shareholders": "N/A",
        "Total Cost of profits": 95,
        "Profit after tax corporate income": 1263,
        "Volume": 10562209,
        "Close of Quarter": 4.3,
        "EPS": 406.1,
        "Non-adjusted EPS": 2187,
        "PE": 2.0,
        "Book Price": 3.3
      }
    },
    {
      "quarter": "Q4 2008",
      "income status": {
        "Net sales": 65353,
        "Cost of goods sold": 46489,
        "Gross Profit": 18864,
        "Financial expenses": 6889,
        "Of which: Interest expense": -1488,
        "Cost of sales": 1107,
        "Enterprise cost management": 2040,
        "Total Operating Expenses": 10036,
        "Total revenue financing activities": 8944,
        "Net profit from business activities": 17772,
        "Profit": -199,
        "Profit before tax": 17572,
        "Present corporate income tax expenses": 1027,
        "Deferred income taxes expenses": "N/A",
        "The interests of minority shareholders": "N/A",
        "Total Cost of profits": 1027,
        "Profit after tax corporate income": 16545,
        "Volume": 10562209,
        "Close of Quarter": 3.4,
        "EPS": 431.5,
        "Non-adjusted EPS": 2324,
        "PE": 1.5,
        "Book Price": 3.3
      }
    },
    {
      "quarter": "Q3 2008",
      "income status": {
        "Net sales": 47683,
        "Cost of goods sold": 36768,
        "Gross Profit": 10915,
        "Financial expenses": 3121,
        "Of which: Interest expense": 2097,
        "Cost of sales": 2432,
        "Enterprise cost management": 1966,
        "Total Operating Expenses": 7519,
        "Total revenue financing activities": 543,
        "Net profit from business activities": 3939,
        "Profit": "N/A",
        "Profit before tax": 3939,
        "Present corporate income tax expenses": 578,
        "Deferred income taxes expenses": "N/A",
        "The interests of minority shareholders": "N/A",
        "Total Cost of profits": 578,
        "Profit after tax corporate income": 3361,
        "Volume": 13287066,
        "Close of Quarter": 7.2,
        "EPS": 140.6,
        "Non-adjusted EPS": 602,
        "PE": 11.9,
        "Book Price": 3.1
      }
    },
    {
      "quarter": "Q2 2008",
      "income status": {
        "Net sales": 35169,
        "Cost of goods sold": 27871,
        "Gross Profit": 7298,
        "Financial expenses": 2004,
        "Of which: Interest expense": 1281,
        "Cost of sales": 1634,
        "Enterprise cost management": 1899,
        "Total Operating Expenses": 5537,
        "Total revenue financing activities": 372,
        "Net profit from business activities": 2133,
        "Profit": 10,
        "Profit before tax": 2143,
        "Present corporate income tax expenses": 214,
        "Deferred income taxes expenses": "N/A",
        "The interests of minority shareholders": "N/A",
        "Total Cost of profits": 214,
        "Profit after tax corporate income": 1929,
        "Volume": 13287066,
        "Close of Quarter": 29.1,
        "EPS": 81.5,
        "Non-adjusted EPS": 349,
        "PE": 83.4,
        "Book Price": 3.0
      }
    },
    {
      "quarter": "Q1 2008",
      "income status": {
        "Net sales": 21504,
        "Cost of goods sold": 14475,
        "Gross Profit": 7029,
        "Financial expenses": 1067,
        "Of which: Interest expense": 983,
        "Cost of sales": 1199,
        "Enterprise cost management": 1822,
        "Total Operating Expenses": 4088,
        "Total revenue financing activities": 64,
        "Net profit from business activities": 3004,
        "Profit": 4,
        "Profit before tax": 3009,
        "Present corporate income tax expenses": 301,
        "Deferred income taxes expenses": "N/A",
        "The interests of minority shareholders": "N/A",
        "Total Cost of profits": 301,
        "Profit after tax corporate income": 2708,
        "Volume": 13287066,
        "Close of Quarter": "N/A",
        "EPS": 47.7,
        "Non-adjusted EPS": 204,
        "PE": "N/A",
        "Book Price": 3.0
      }
    }
  ]
}