{
  "ticker": "NKD",
  "data": [
    {
      "quarter": "Q4 2010",
      "income status": {
        "Net sales": 591941,
        "Cost of goods sold": 387871,
        "Gross Profit": 204070,
        "Financial expenses": 9945,
        "Of which: Interest expense": 8826,
        "Cost of sales": 113971,
        "Enterprise cost management": 34634,
        "Total Operating Expenses": 158550,
        "Total revenue financing activities": 31359,
        "Net profit from business activities": 76879,
        "Profit": 33502,
        "Profit before tax": 113136,
        "Present corporate income tax expenses": 4308,
        "Deferred income taxes expenses": -11562,
        "The interests of minority shareholders": 17893,
        "Total Cost of profits": 10639,
        "Profit after tax corporate income": 102497,
        "Volume": 15122638,
        "Close of Quarter": 41.2,
        "EPS": 10725,
        "Non-adjusted EPS": 10725,
        "PE": 3.8,
        "Book Price": "N/A"
      }
    },
    {
      "quarter": "Q3 2010",
      "income status": {
        "Net sales": 355142,
        "Cost of goods sold": 226145,
        "Gross Profit": 128998,
        "Financial expenses": 8452,
        "Of which: Interest expense": 5312,
        "Cost of sales": 60665,
        "Enterprise cost management": 8793,
        "Total Operating Expenses": 77910,
        "Total revenue financing activities": 1515,
        "Net profit from business activities": 52603,
        "Profit": 920,
        "Profit before tax": 53523,
        "Present corporate income tax expenses": 9627,
        "Deferred income taxes expenses": "N/A",
        "The interests of minority shareholders": 18,
        "Total Cost of profits": 9645,
        "Profit after tax corporate income": 43878,
        "Volume": 15122638,
        "Close of Quarter": 43.0,
        "EPS": 5774,
        "Non-adjusted EPS": 5774,
        "PE": 7.5,
        "Book Price": 20.8
      }
    },
    {
      "quarter": "Q2 2010",
      "income status": {
        "Net sales": 305172,
        "Cost of goods sold": 230906,
        "Gross Profit": 74266,
        "Financial expenses": 14759,
        "Of which: Interest expense": "N/A",
        "Cost of sales": 39835,
        "Enterprise cost management": 15050,
        "Total Operating Expenses": 69644,
        "Total revenue financing activities": 1841,
        "Net profit from business activities": 6462,
        "Profit": 1299,
        "Profit before tax": 7761,
        "Present corporate income tax expenses": 927,
        "Deferred income taxes expenses": "N/A",
        "The interests of minority shareholders": 30,
        "Total Cost of profits": 957,
        "Profit after tax corporate income": 6804,
        "Volume": 15122638,
        "Close of Quarter": 41.5,
        "EPS": 5222,
        "Non-adjusted EPS": 5222,
        "PE": 7.9,
        "Book Price": 18
      }
    },
    {
      "quarter": "Q1 2010",
      "income status": {
        "Net sales": 155971,
        "Cost of goods sold": 115646,
        "Gross Profit": 40325,
        "Financial expenses": 5120,
        "Of which: Interest expense": "N/A",
        "Cost of sales": 19448,
        "Enterprise cost management": 6489,
        "Total Operating Expenses": 31057,
        "Total revenue financing activities": 1113,
        "Net profit from business activities": 10381,
        "Profit": 760,
        "Profit before tax": 11141,
        "Present corporate income tax expenses": 2118,
        "Deferred income taxes expenses": "N/A",
        "The interests of minority shareholders": 15,
        "Total Cost of profits": 2133,
        "Profit after tax corporate income": 9008,
        "Volume": 14753784,
        "Close of Quarter": 43.9,
        "EPS": 6065.4,
        "Non-adjusted EPS": 6217,
        "PE": 7.1,
        "Book Price": 18.1
      }
    },
    {
      "quarter": "Q4 2009",
      "income status": {
        "Net sales": 266093,
        "Cost of goods sold": 188333,
        "Gross Profit": 77761,
        "Financial expenses": 6247,
        "Of which: Interest expense": "N/A",
        "Cost of sales": 32589,
        "Enterprise cost management": 9348,
        "Total Operating Expenses": 48184,
        "Total revenue financing activities": 5227,
        "Net profit from business activities": 34804,
        "Profit": -522,
        "Profit before tax": 34282,
        "Present corporate income tax expenses": 6648,
        "Deferred income taxes expenses": "N/A",
        "The interests of minority shareholders": 12,
        "Total Cost of profits": 6660,
        "Profit after tax corporate income": 27622,
        "Volume": 14753784,
        "Close of Quarter": 37.5,
        "EPS": 5986.3,
        "Non-adjusted EPS": 6136,
        "PE": 6.1,
        "Book Price": 18.0
      }
    },
    {
      "quarter": "Q3 2009",
      "income status": {
        "Net sales": 229137,
        "Cost of goods sold": 143611,
        "Gross Profit": 85526,
        "Financial expenses": 5589,
        "Of which: Interest expense": "N/A",
        "Cost of sales": 32209,
        "Enterprise cost management": 5348,
        "Total Operating Expenses": 43146,
        "Total revenue financing activities": 963,
        "Net profit from business activities": 43343,
        "Profit": 488,
        "Profit before tax": 43831,
        "Present corporate income tax expenses": 8272,
        "Deferred income taxes expenses": "N/A",
        "The interests of minority shareholders": 19,
        "Total Cost of profits": 8291,
        "Profit after tax corporate income": 35539,
        "Volume": 12296729,
        "Close of Quarter": 50.1,
        "EPS": 4411.3,
        "Non-adjusted EPS": 5425,
        "PE": 9.2,
        "Book Price": 17.2
      }
    },
    {
      "quarter": "Q2 2009",
      "income status": {
        "Net sales": 141484,
        "Cost of goods sold": 112076,
        "Gross Profit": 29408,
        "Financial expenses": 4147,
        "Of which: Interest expense": "N/A",
        "Cost of sales": 14800,
        "Enterprise cost management": 5328,
        "Total Operating Expenses": 24275,
        "Total revenue financing activities": 17643,
        "Net profit from business activities": 22777,
        "Profit": 1567,
        "Profit before tax": 24344,
        "Present corporate income tax expenses": 4782,
        "Deferred income taxes expenses": "N/A",
        "The interests of minority shareholders": 6,
        "Total Cost of profits": 4788,
        "Profit after tax corporate income": 19556,
        "Volume": 12296729,
        "Close of Quarter": 24.8,
        "EPS": 2950.1,
        "Non-adjusted EPS": 3628,
        "PE": 6.8,
        "Book Price": 15.9
      }
    },
    {
      "quarter": "Q1 2009",
      "income status": {
        "Net sales": 129464,
        "Cost of goods sold": 97220,
        "Gross Profit": 32243,
        "Financial expenses": 3704,
        "Of which: Interest expense": "N/A",
        "Cost of sales": 16897,
        "Enterprise cost management": 4868,
        "Total Operating Expenses": 25469,
        "Total revenue financing activities": 616,
        "Net profit from business activities": 7390,
        "Profit": 1560,
        "Profit before tax": 9045,
        "Present corporate income tax expenses": 1224,
        "Deferred income taxes expenses": "N/A",
        "The interests of minority shareholders": 13,
        "Total Cost of profits": 1237,
        "Profit after tax corporate income": 7808,
        "Volume": 12296729,
        "Close of Quarter": 12.3,
        "EPS": 2053.2,
        "Non-adjusted EPS": 2525,
        "PE": 4.9,
        "Book Price": 14.7
      }
    },
    {
      "quarter": "Q4 2008",
      "income status": {
        "Net sales": 226651,
        "Cost of goods sold": 177356,
        "Gross Profit": 49295,
        "Financial expenses": 17011,
        "Of which: Interest expense": 6668,
        "Cost of sales": 20589,
        "Enterprise cost management": 11163,
        "Total Operating Expenses": 48763,
        "Total revenue financing activities": 2071,
        "Net profit from business activities": 2602,
        "Profit": 3934,
        "Profit before tax": 6536,
        "Present corporate income tax expenses": 2725,
        "Deferred income taxes expenses": "N/A",
        "The interests of minority shareholders": 7,
        "Total Cost of profits": 2732,
        "Profit after tax corporate income": 3804,
        "Volume": 12296729,
        "Close of Quarter": 19.9,
        "EPS": 2596.3,
        "Non-adjusted EPS": 3193,
        "PE": 6.2,
        "Book Price": 16.8
      }
    },
    {
      "quarter": "Q3 2008",
      "income status": {
        "Net sales": 191929,
        "Cost of goods sold": 137481,
        "Gross Profit": 54448,
        "Financial expenses": 12214,
        "Of which: Interest expense": 6472,
        "Cost of sales": 20782,
        "Enterprise cost management": 6183,
        "Total Operating Expenses": 39179,
        "Total revenue financing activities": 1176,
        "Net profit from business activities": 16445,
        "Profit": 203,
        "Profit before tax": 16647,
        "Present corporate income tax expenses": 3188,
        "Deferred income taxes expenses": "N/A",
        "The interests of minority shareholders": 14,
        "Total Cost of profits": 3202,
        "Profit after tax corporate income": 13446,
        "Volume": 12296729,
        "Close of Quarter": 38.4,
        "EPS": 4438.1,
        "Non-adjusted EPS": 5458,
        "PE": 7.0,
        "Book Price": 18.1
      }
    },
    {
      "quarter": "Q2 2008",
      "income status": {
        "Net sales": 126931,
        "Cost of goods sold": 97296,
        "Gross Profit": 29635,
        "Financial expenses": 5472,
        "Of which: Interest expense": 3534,
        "Cost of sales": 12899,
        "Enterprise cost management": 5195,
        "Total Operating Expenses": 23566,
        "Total revenue financing activities": 338,
        "Net profit from business activities": 6408,
        "Profit": 683,
        "Profit before tax": 7091,
        "Present corporate income tax expenses": 1093,
        "Deferred income taxes expenses": "N/A",
        "The interests of minority shareholders": 5,
        "Total Cost of profits": 1098,
        "Profit after tax corporate income": 5994,
        "Volume": 10079782,
        "Close of Quarter": 52.7,
        "EPS": 5125.7,
        "Non-adjusted EPS": 7690,
        "PE": 6.9,
        "Book Price": 17.9
      }
    },
    {
      "quarter": "Q1 2008",
      "income status": {
        "Net sales": 132854,
        "Cost of goods sold": 102949,
        "Gross Profit": 29905,
        "Financial expenses": 756,
        "Of which: Interest expense": "N/A",
        "Cost of sales": 6536,
        "Enterprise cost management": 6151,
        "Total Operating Expenses": 13443,
        "Total revenue financing activities": 1243,
        "Net profit from business activities": 17704,
        "Profit": 379,
        "Profit before tax": 18083,
        "Present corporate income tax expenses": 2069,
        "Deferred income taxes expenses": "N/A",
        "The interests of minority shareholders": "N/A",
        "Total Cost of profits": 2069,
        "Profit after tax corporate income": 16014,
        "Volume": 10079782,
        "Close of Quarter": 56.3,
        "EPS": 5248.3,
        "Non-adjusted EPS": 7874,
        "PE": 7.2,
        "Book Price": 17.6
      }
    },
    {
      "quarter": "Q4 2007",
      "income status": {
        "Net sales": 193588,
        "Cost of goods sold": 162425,
        "Gross Profit": 31163,
        "Financial expenses": 4153,
        "Of which: Interest expense": 3393,
        "Cost of sales": 13889,
        "Enterprise cost management": 7793,
        "Total Operating Expenses": 25835,
        "Total revenue financing activities": 44238,
        "Net profit from business activities": 49565,
        "Profit": -1457,
        "Profit before tax": 48108,
        "Present corporate income tax expenses": 16448,
        "Deferred income taxes expenses": "N/A",
        "The interests of minority shareholders": "N/A",
        "Total Cost of profits": 16448,
        "Profit after tax corporate income": 31660,
        "Volume": 10079782,
        "Close of Quarter": 104.4,
        "EPS": 5233.0,
        "Non-adjusted EPS": 7851,
        "PE": 13.3,
        "Book Price": 17.1
      }
    },
    {
      "quarter": "Q3 2007",
      "income status": {
        "Net sales": 161208,
        "Cost of goods sold": 109912,
        "Gross Profit": 51296,
        "Financial expenses": 4164,
        "Of which: Interest expense": 3281,
        "Cost of sales": 12752,
        "Enterprise cost management": 6271,
        "Total Operating Expenses": 23187,
        "Total revenue financing activities": 77,
        "Net profit from business activities": 28186,
        "Profit": -337,
        "Profit before tax": 27850,
        "Present corporate income tax expenses": 4007,
        "Deferred income taxes expenses": "N/A",
        "The interests of minority shareholders": "N/A",
        "Total Cost of profits": 4007,
        "Profit after tax corporate income": 23843,
        "Volume": 10079782,
        "Close of Quarter": 137.6,
        "EPS": 4560.4,
        "Non-adjusted EPS": 6842,
        "PE": 20.1,
        "Book Price": 16
      }
    },
    {
      "quarter": "Q2 2007",
      "income status": {
        "Net sales": 105552,
        "Cost of goods sold": 79793,
        "Gross Profit": 25760,
        "Financial expenses": 2110,
        "Of which: Interest expense": 1930,
        "Cost of sales": 8680,
        "Enterprise cost management": 5961,
        "Total Operating Expenses": 16751,
        "Total revenue financing activities": 489,
        "Net profit from business activities": 9498,
        "Profit": 122,
        "Profit before tax": 9620,
        "Present corporate income tax expenses": 1769,
        "Deferred income taxes expenses": "N/A",
        "The interests of minority shareholders": "N/A",
        "Total Cost of profits": 1769,
        "Profit after tax corporate income": 7851,
        "Volume": 10079782,
        "Close of Quarter": 100.4,
        "EPS": 4573.1,
        "Non-adjusted EPS": 6861,
        "PE": 14.6,
        "Book Price": 13.7
      }
    },
    {
      "quarter": "Q1 2007",
      "income status": {
        "Net sales": 101232,
        "Cost of goods sold": 73979,
        "Gross Profit": 27252,
        "Financial expenses": 2208,
        "Of which: Interest expense": "N/A",
        "Cost of sales": 5659,
        "Enterprise cost management": 5060,
        "Total Operating Expenses": 12927,
        "Total revenue financing activities": 2524,
        "Net profit from business activities": 16850,
        "Profit": 476,
        "Profit before tax": 17327,
        "Present corporate income tax expenses": 1544,
        "Deferred income taxes expenses": "N/A",
        "The interests of minority shareholders": "N/A",
        "Total Cost of profits": 1544,
        "Profit after tax corporate income": 15782,
        "Volume": 8399997,
        "Close of Quarter": 82.7,
        "EPS": 4543.1,
        "Non-adjusted EPS": 8179,
        "PE": 10.1,
        "Book Price": 13.9
      }
    },
    {
      "quarter": "Q4 2006",
      "income status": {
        "Net sales": 139820,
        "Cost of goods sold": 109546,
        "Gross Profit": 30275,
        "Financial expenses": 417,
        "Of which: Interest expense": "N/A",
        "Cost of sales": 9596,
        "Enterprise cost management": 6337,
        "Total Operating Expenses": 16350,
        "Total revenue financing activities": 2238,
        "Net profit from business activities": 16162,
        "Profit": 5325,
        "Profit before tax": 21487,
        "Present corporate income tax expenses": "N/A",
        "Deferred income taxes expenses": "N/A",
        "The interests of minority shareholders": "N/A",
        "Total Cost of profits": 0,
        "Profit after tax corporate income": 21487,
        "Volume": 8399997,
        "Close of Quarter": 63.7,
        "EPS": 4106.5,
        "Non-adjusted EPS": 7393,
        "PE": 8.6,
        "Book Price": 13.5
      }
    },
    {
      "quarter": "Q3 2006",
      "income status": {
        "Net sales": 125555,
        "Cost of goods sold": 82467,
        "Gross Profit": 43088,
        "Financial expenses": 2388,
        "Of which: Interest expense": 2290,
        "Cost of sales": 11703,
        "Enterprise cost management": 6542,
        "Total Operating Expenses": 20633,
        "Total revenue financing activities": 1492,
        "Net profit from business activities": 23947,
        "Profit": 99,
        "Profit before tax": 24046,
        "Present corporate income tax expenses": "N/A",
        "Deferred income taxes expenses": "N/A",
        "The interests of minority shareholders": 7,
        "Total Cost of profits": 7,
        "Profit after tax corporate income": 24039,
        "Volume": 8399997,
        "Close of Quarter": 38.3,
        "EPS": 2685.6,
        "Non-adjusted EPS": 4835,
        "PE": 7.9,
        "Book Price": 12.7
      }
    },
    {
      "quarter": "Q2 2006",
      "income status": {
        "Net sales": 77023,
        "Cost of goods sold": 56380,
        "Gross Profit": 20643,
        "Financial expenses": 1012,
        "Of which: Interest expense": 772,
        "Cost of sales": 6836,
        "Enterprise cost management": 5743,
        "Total Operating Expenses": 13591,
        "Total revenue financing activities": 170,
        "Net profit from business activities": 7223,
        "Profit": 179,
        "Profit before tax": 7402,
        "Present corporate income tax expenses": "N/A",
        "Deferred income taxes expenses": "N/A",
        "The interests of minority shareholders": 9,
        "Total Cost of profits": 9,
        "Profit after tax corporate income": 7393,
        "Volume": 8399997,
        "Close of Quarter": 37.8,
        "EPS": 1095.9,
        "Non-adjusted EPS": 1973,
        "PE": 19.2,
        "Book Price": 11.1
      }
    },
    {
      "quarter": "Q1 2006",
      "income status": {
        "Net sales": 77031,
        "Cost of goods sold": 56786,
        "Gross Profit": 20244,
        "Financial expenses": 853,
        "Of which: Interest expense": 736,
        "Cost of sales": 6128,
        "Enterprise cost management": 4551,
        "Total Operating Expenses": 11532,
        "Total revenue financing activities": 307,
        "Net profit from business activities": 9019,
        "Profit": 172,
        "Profit before tax": 9191,
        "Present corporate income tax expenses": "N/A",
        "Deferred income taxes expenses": "N/A",
        "The interests of minority shareholders": 9,
        "Total Cost of profits": 9,
        "Profit after tax corporate income": 9182,
        "Volume": 7000000,
        "Close of Quarter": 37.3,
        "EPS": 607.3,
        "Non-adjusted EPS": 1312,
        "PE": 28.5,
        "Book Price": 11.1
      }
    }
  ]
}