{
  "ticker": "HSI",
  "data": [
    {
      "quarter": "Q3 2015",
      "income status": {
        "Net sales": 70076,
        "Cost of goods sold": 61560,
        "Gross Profit": 8516,
        "Financial expenses": 2301,
        "Of which: Interest expense": 2248,
        "Cost of sales": 679,
        "Enterprise cost management": 2926,
        "Total Operating Expenses": 5906,
        "Total revenue financing activities": 255,
        "Net profit from business activities": 2864,
        "Profit": -38,
        "Profit before tax": 2827,
        "Present corporate income tax expenses": "N/A",
        "Deferred income taxes expenses": "N/A",
        "The interests of minority shareholders": -88,
        "Total Cost of profits": -88,
        "Profit after tax corporate income": 2915,
        "Volume": 9885590,
        "Close of Quarter": 1.4,
        "EPS": -3721,
        "Non-adjusted EPS": -3721,
        "PE": -0.4,
        "Book Price": -1.1
      }
    },
    {
      "quarter": "Q2 2015",
      "income status": {
        "Net sales": 148223,
        "Cost of goods sold": 140059,
        "Gross Profit": 8164,
        "Financial expenses": 8506,
        "Of which: Interest expense": 8494,
        "Cost of sales": 1621,
        "Enterprise cost management": 2954,
        "Total Operating Expenses": 13081,
        "Total revenue financing activities": 713,
        "Net profit from business activities": -4205,
        "Profit": -79,
        "Profit before tax": -4283,
        "Present corporate income tax expenses": "N/A",
        "Deferred income taxes expenses": "N/A",
        "The interests of minority shareholders": -164,
        "Total Cost of profits": -164,
        "Profit after tax corporate income": -4119,
        "Volume": 9885590,
        "Close of Quarter": 1.6,
        "EPS": -4582,
        "Non-adjusted EPS": -4582,
        "PE": -0.4,
        "Book Price": -1.4
      }
    },
    {
      "quarter": "Q1 2015",
      "income status": {
        "Net sales": 148813,
        "Cost of goods sold": 155011,
        "Gross Profit": -6197,
        "Financial expenses": 8773,
        "Of which: Interest expense": 8773,
        "Cost of sales": 1096,
        "Enterprise cost management": 3784,
        "Total Operating Expenses": 13653,
        "Total revenue financing activities": 111,
        "Net profit from business activities": -19739,
        "Profit": -700,
        "Profit before tax": -20439,
        "Present corporate income tax expenses": "N/A",
        "Deferred income taxes expenses": "N/A",
        "The interests of minority shareholders": -163,
        "Total Cost of profits": -163,
        "Profit after tax corporate income": -20276,
        "Volume": 9885590,
        "Close of Quarter": 2.3,
        "EPS": -4841,
        "Non-adjusted EPS": -4841,
        "PE": -0.5,
        "Book Price": -0.9
      }
    },
    {
      "quarter": "Q4 2014",
      "income status": {
        "Net sales": 48359,
        "Cost of goods sold": 49420,
        "Gross Profit": -1061,
        "Financial expenses": 10006,
        "Of which: Interest expense": 9984,
        "Cost of sales": 2134,
        "Enterprise cost management": 2688,
        "Total Operating Expenses": 14828,
        "Total revenue financing activities": 259,
        "Net profit from business activities": -15630,
        "Profit": 74,
        "Profit before tax": -15555,
        "Present corporate income tax expenses": "N/A",
        "Deferred income taxes expenses": "N/A",
        "The interests of minority shareholders": -246,
        "Total Cost of profits": -246,
        "Profit after tax corporate income": -15309,
        "Volume": 9885590,
        "Close of Quarter": 2.3,
        "EPS": -4611,
        "Non-adjusted EPS": -4611,
        "PE": -0.5,
        "Book Price": 1.1
      }
    },
    {
      "quarter": "Q3 2014",
      "income status": {
        "Net sales": 63322,
        "Cost of goods sold": 60488,
        "Gross Profit": 2834,
        "Financial expenses": 5132,
        "Of which: Interest expense": 4963,
        "Cost of sales": 664,
        "Enterprise cost management": 2897,
        "Total Operating Expenses": 8693,
        "Total revenue financing activities": 72,
        "Net profit from business activities": -5787,
        "Profit": 20,
        "Profit before tax": -5767,
        "Present corporate income tax expenses": "N/A",
        "Deferred income taxes expenses": "N/A",
        "The interests of minority shareholders": -179,
        "Total Cost of profits": -179,
        "Profit after tax corporate income": -5588,
        "Volume": 9885590,
        "Close of Quarter": 2.9,
        "EPS": -7278,
        "Non-adjusted EPS": -7278,
        "PE": -0.4,
        "Book Price": 2.7
      }
    },
    {
      "quarter": "Q2 2014",
      "income status": {
        "Net sales": 122498,
        "Cost of goods sold": 116019,
        "Gross Profit": 6479,
        "Financial expenses": 9244,
        "Of which: Interest expense": 9131,
        "Cost of sales": 2070,
        "Enterprise cost management": 2757,
        "Total Operating Expenses": 14071,
        "Total revenue financing activities": 658,
        "Net profit from business activities": -6934,
        "Profit": 70,
        "Profit before tax": -6864,
        "Present corporate income tax expenses": "N/A",
        "Deferred income taxes expenses": "N/A",
        "The interests of minority shareholders": -176,
        "Total Cost of profits": -176,
        "Profit after tax corporate income": -6688,
        "Volume": 9885590,
        "Close of Quarter": 3.3,
        "EPS": -7675,
        "Non-adjusted EPS": -7675,
        "PE": -0.4,
        "Book Price": 3.3
      }
    },
    {
      "quarter": "Q1 2014",
      "income status": {
        "Net sales": 62708,
        "Cost of goods sold": 67754,
        "Gross Profit": -5046,
        "Financial expenses": 9636,
        "Of which: Interest expense": 9578,
        "Cost of sales": 837,
        "Enterprise cost management": 2702,
        "Total Operating Expenses": 13175,
        "Total revenue financing activities": 112,
        "Net profit from business activities": -18109,
        "Profit": 72,
        "Profit before tax": -18037,
        "Present corporate income tax expenses": "N/A",
        "Deferred income taxes expenses": "N/A",
        "The interests of minority shareholders": -43,
        "Total Cost of profits": -43,
        "Profit after tax corporate income": -17994,
        "Volume": 9885590,
        "Close of Quarter": 4.5,
        "EPS": -7946,
        "Non-adjusted EPS": -7946,
        "PE": -0.6,
        "Book Price": 4
      }
    },
    {
      "quarter": "Q4 2013",
      "income status": {
        "Net sales": 99701,
        "Cost of goods sold": 103756,
        "Gross Profit": -4055,
        "Financial expenses": 11408,
        "Of which: Interest expense": 11183,
        "Cost of sales": 420,
        "Enterprise cost management": 26390,
        "Total Operating Expenses": 38218,
        "Total revenue financing activities": 262,
        "Net profit from business activities": -42010,
        "Profit": -77,
        "Profit before tax": -42087,
        "Present corporate income tax expenses": -58,
        "Deferred income taxes expenses": "N/A",
        "The interests of minority shareholders": -351,
        "Total Cost of profits": -409,
        "Profit after tax corporate income": -41678,
        "Volume": 9885590,
        "Close of Quarter": 4.5,
        "EPS": -7339,
        "Non-adjusted EPS": -7339,
        "PE": -0.6,
        "Book Price": 5.9
      }
    },
    {
      "quarter": "Q3 2013",
      "income status": {
        "Net sales": 112019,
        "Cost of goods sold": 106516,
        "Gross Profit": 5503,
        "Financial expenses": 12148,
        "Of which: Interest expense": 11899,
        "Cost of sales": 625,
        "Enterprise cost management": 3308,
        "Total Operating Expenses": 16081,
        "Total revenue financing activities": 392,
        "Net profit from business activities": -10186,
        "Profit": 264,
        "Profit before tax": -9922,
        "Present corporate income tax expenses": "N/A",
        "Deferred income taxes expenses": "N/A",
        "The interests of minority shareholders": -412,
        "Total Cost of profits": -412,
        "Profit after tax corporate income": -9510,
        "Volume": 9885590,
        "Close of Quarter": 4.8,
        "EPS": -2632,
        "Non-adjusted EPS": -2632,
        "PE": -1.8,
        "Book Price": 10.1
      }
    },
    {
      "quarter": "Q2 2013",
      "income status": {
        "Net sales": 228602,
        "Cost of goods sold": 221398,
        "Gross Profit": 7204,
        "Financial expenses": 14069,
        "Of which: Interest expense": 13701,
        "Cost of sales": 479,
        "Enterprise cost management": 3376,
        "Total Operating Expenses": 17924,
        "Total revenue financing activities": 446,
        "Net profit from business activities": -10275,
        "Profit": 1143,
        "Profit before tax": -9132,
        "Present corporate income tax expenses": 58,
        "Deferred income taxes expenses": "N/A",
        "The interests of minority shareholders": 181,
        "Total Cost of profits": 239,
        "Profit after tax corporate income": -9371,
        "Volume": 9885590,
        "Close of Quarter": 5,
        "EPS": -2331,
        "Non-adjusted EPS": -2331,
        "PE": -2.2,
        "Book Price": 11
      }
    },
    {
      "quarter": "Q1 2013",
      "income status": {
        "Net sales": 77457,
        "Cost of goods sold": 72319,
        "Gross Profit": 5139,
        "Financial expenses": 13652,
        "Of which: Interest expense": 13643,
        "Cost of sales": 551,
        "Enterprise cost management": 3097,
        "Total Operating Expenses": 17300,
        "Total revenue financing activities": 47,
        "Net profit from business activities": -12115,
        "Profit": 87,
        "Profit before tax": -12028,
        "Present corporate income tax expenses": "N/A",
        "Deferred income taxes expenses": "N/A",
        "The interests of minority shareholders": -41,
        "Total Cost of profits": -41,
        "Profit after tax corporate income": -11987,
        "Volume": 9885590,
        "Close of Quarter": 5.3,
        "EPS": -1162,
        "Non-adjusted EPS": -1162,
        "PE": -4.6,
        "Book Price": 12
      }
    },
    {
      "quarter": "Q4 2012",
      "income status": {
        "Net sales": 341914,
        "Cost of goods sold": 320324,
        "Gross Profit": 21590,
        "Financial expenses": 14779,
        "Of which: Interest expense": 14779,
        "Cost of sales": 1244,
        "Enterprise cost management": 3088,
        "Total Operating Expenses": 19111,
        "Total revenue financing activities": 336,
        "Net profit from business activities": 2815,
        "Profit": 2215,
        "Profit before tax": 5030,
        "Present corporate income tax expenses": 272,
        "Deferred income taxes expenses": "N/A",
        "The interests of minority shareholders": -87,
        "Total Cost of profits": 185,
        "Profit after tax corporate income": 4845,
        "Volume": 9885590,
        "Close of Quarter": 7,
        "EPS": 46,
        "Non-adjusted EPS": 46,
        "PE": 152.2,
        "Book Price": 13.4
      }
    },
    {
      "quarter": "Q3 2012",
      "income status": {
        "Net sales": 223885,
        "Cost of goods sold": 211823,
        "Gross Profit": 12062,
        "Financial expenses": 15175,
        "Of which: Interest expense": 15160,
        "Cost of sales": 448,
        "Enterprise cost management": 3301,
        "Total Operating Expenses": 18924,
        "Total revenue financing activities": 37,
        "Net profit from business activities": -6824,
        "Profit": 297,
        "Profit before tax": -6528,
        "Present corporate income tax expenses": "N/A",
        "Deferred income taxes expenses": "N/A",
        "The interests of minority shareholders": "N/A",
        "Total Cost of profits": 0,
        "Profit after tax corporate income": -6528,
        "Volume": 9885590,
        "Close of Quarter": 7.5,
        "EPS": -221,
        "Non-adjusted EPS": -221,
        "PE": -33.9,
        "Book Price": 12.9
      }
    },
    {
      "quarter": "Q2 2012",
      "income status": {
        "Net sales": 249703,
        "Cost of goods sold": 223719,
        "Gross Profit": 25984,
        "Financial expenses": 19444,
        "Of which: Interest expense": 17511,
        "Cost of sales": 1124,
        "Enterprise cost management": 3350,
        "Total Operating Expenses": 23918,
        "Total revenue financing activities": 275,
        "Net profit from business activities": 2341,
        "Profit": -37,
        "Profit before tax": 2304,
        "Present corporate income tax expenses": 125,
        "Deferred income taxes expenses": "N/A",
        "The interests of minority shareholders": "N/A",
        "Total Cost of profits": 125,
        "Profit after tax corporate income": 2179,
        "Volume": 9885590,
        "Close of Quarter": 7.5,
        "EPS": 1328,
        "Non-adjusted EPS": 1328,
        "PE": 5.7,
        "Book Price": 13.6
      }
    },
    {
      "quarter": "Q1 2012",
      "income status": {
        "Net sales": 248873,
        "Cost of goods sold": 226946,
        "Gross Profit": 21927,
        "Financial expenses": 19006,
        "Of which: Interest expense": 18874,
        "Cost of sales": 942,
        "Enterprise cost management": 3195,
        "Total Operating Expenses": 23143,
        "Total revenue financing activities": 136,
        "Net profit from business activities": -1081,
        "Profit": 1144,
        "Profit before tax": 64,
        "Present corporate income tax expenses": 109,
        "Deferred income taxes expenses": "N/A",
        "The interests of minority shareholders": "N/A",
        "Total Cost of profits": 109,
        "Profit after tax corporate income": -45,
        "Volume": 9885590,
        "Close of Quarter": 7.5,
        "EPS": 1682,
        "Non-adjusted EPS": 1682,
        "PE": 4.5,
        "Book Price": 13.4
      }
    },
    {
      "quarter": "Q4 2011",
      "income status": {
        "Net sales": 225628,
        "Cost of goods sold": 205416,
        "Gross Profit": 20213,
        "Financial expenses": 14422,
        "Of which: Interest expense": 13825,
        "Cost of sales": 1143,
        "Enterprise cost management": 2631,
        "Total Operating Expenses": 18196,
        "Total revenue financing activities": 543,
        "Net profit from business activities": 2559,
        "Profit": -58,
        "Profit before tax": 2501,
        "Present corporate income tax expenses": 295,
        "Deferred income taxes expenses": "N/A",
        "The interests of minority shareholders": "N/A",
        "Total Cost of profits": 295,
        "Profit after tax corporate income": 2206,
        "Volume": 9885590,
        "Close of Quarter": 7.7,
        "EPS": 2407,
        "Non-adjusted EPS": 2407,
        "PE": 3.2,
        "Book Price": 15.5
      }
    },
    {
      "quarter": "Q3 2011",
      "income status": {
        "Net sales": 265352,
        "Cost of goods sold": 234626,
        "Gross Profit": 30726,
        "Financial expenses": 16872,
        "Of which: Interest expense": 16861,
        "Cost of sales": 3221,
        "Enterprise cost management": 2056,
        "Total Operating Expenses": 22149,
        "Total revenue financing activities": 559,
        "Net profit from business activities": 9135,
        "Profit": 524,
        "Profit before tax": 9659,
        "Present corporate income tax expenses": 867,
        "Deferred income taxes expenses": "N/A",
        "The interests of minority shareholders": "N/A",
        "Total Cost of profits": 867,
        "Profit after tax corporate income": 8793,
        "Volume": 9885590,
        "Close of Quarter": 7.4,
        "EPS": 2746,
        "Non-adjusted EPS": 2746,
        "PE": 2.7,
        "Book Price": 15.2
      }
    },
    {
      "quarter": "Q2 2011",
      "income status": {
        "Net sales": 272658,
        "Cost of goods sold": 247780,
        "Gross Profit": 24878,
        "Financial expenses": 16164,
        "Of which: Interest expense": 14959,
        "Cost of sales": 587,
        "Enterprise cost management": 2146,
        "Total Operating Expenses": 18897,
        "Total revenue financing activities": 177,
        "Net profit from business activities": 6159,
        "Profit": 123,
        "Profit before tax": 6282,
        "Present corporate income tax expenses": 608,
        "Deferred income taxes expenses": "N/A",
        "The interests of minority shareholders": "N/A",
        "Total Cost of profits": 608,
        "Profit after tax corporate income": 5674,
        "Volume": 9885590,
        "Close of Quarter": 7.4,
        "EPS": 2558,
        "Non-adjusted EPS": 2558,
        "PE": 2.9,
        "Book Price": 14.4
      }
    },
    {
      "quarter": "Q1 2011",
      "income status": {
        "Net sales": 226437,
        "Cost of goods sold": 201670,
        "Gross Profit": 24767,
        "Financial expenses": 13530,
        "Of which: Interest expense": 13530,
        "Cost of sales": 986,
        "Enterprise cost management": 2729,
        "Total Operating Expenses": 17245,
        "Total revenue financing activities": 230,
        "Net profit from business activities": 7753,
        "Profit": 28,
        "Profit before tax": 7781,
        "Present corporate income tax expenses": 661,
        "Deferred income taxes expenses": "N/A",
        "The interests of minority shareholders": "N/A",
        "Total Cost of profits": 661,
        "Profit after tax corporate income": 7119,
        "Volume": 9885590,
        "Close of Quarter": 8.2,
        "EPS": 2263,
        "Non-adjusted EPS": 2263,
        "PE": 3.6,
        "Book Price": 13.8
      }
    },
    {
      "quarter": "Q4 2010",
      "income status": {
        "Net sales": 258846,
        "Cost of goods sold": 232151,
        "Gross Profit": 26695,
        "Financial expenses": 16871,
        "Of which: Interest expense": 15870,
        "Cost of sales": 1411,
        "Enterprise cost management": 2402,
        "Total Operating Expenses": 20684,
        "Total revenue financing activities": 68,
        "Net profit from business activities": 6079,
        "Profit": 89,
        "Profit before tax": 6168,
        "Present corporate income tax expenses": 608,
        "Deferred income taxes expenses": "N/A",
        "The interests of minority shareholders": "N/A",
        "Total Cost of profits": 608,
        "Profit after tax corporate income": 5560,
        "Volume": 9885590,
        "Close of Quarter": 8.4,
        "EPS": 2019,
        "Non-adjusted EPS": 2019,
        "PE": 4.2,
        "Book Price": 14.5
      }
    },
    {
      "quarter": "Q3 2010",
      "income status": {
        "Net sales": 264048,
        "Cost of goods sold": 239162,
        "Gross Profit": 24885,
        "Financial expenses": 14631,
        "Of which: Interest expense": 11414,
        "Cost of sales": 923,
        "Enterprise cost management": 2225,
        "Total Operating Expenses": 17779,
        "Total revenue financing activities": 240,
        "Net profit from business activities": 7346,
        "Profit": -13,
        "Profit before tax": 7333,
        "Present corporate income tax expenses": 399,
        "Deferred income taxes expenses": "N/A",
        "The interests of minority shareholders": "N/A",
        "Total Cost of profits": 399,
        "Profit after tax corporate income": 6934,
        "Volume": 9885590,
        "Close of Quarter": 9.0,
        "EPS": 2335,
        "Non-adjusted EPS": 2335,
        "PE": 3.8,
        "Book Price": 14
      }
    },
    {
      "quarter": "Q2 2010",
      "income status": {
        "Net sales": 189378,
        "Cost of goods sold": 164001,
        "Gross Profit": 25376,
        "Financial expenses": 19351,
        "Of which: Interest expense": 18504,
        "Cost of sales": 1884,
        "Enterprise cost management": 2141,
        "Total Operating Expenses": 23376,
        "Total revenue financing activities": 519,
        "Net profit from business activities": 2519,
        "Profit": 1219,
        "Profit before tax": 3738,
        "Present corporate income tax expenses": 980,
        "Deferred income taxes expenses": "N/A",
        "The interests of minority shareholders": "N/A",
        "Total Cost of profits": 980,
        "Profit after tax corporate income": 2758,
        "Volume": 9885590,
        "Close of Quarter": 12.5,
        "EPS": 1818,
        "Non-adjusted EPS": 1818,
        "PE": 6.9,
        "Book Price": 13.3
      }
    },
    {
      "quarter": "Q1 2010",
      "income status": {
        "Net sales": 162198,
        "Cost of goods sold": 145283,
        "Gross Profit": 16915,
        "Financial expenses": 8353,
        "Of which: Interest expense": 8353,
        "Cost of sales": 1383,
        "Enterprise cost management": 2499,
        "Total Operating Expenses": 12235,
        "Total revenue financing activities": 74,
        "Net profit from business activities": 4754,
        "Profit": 86,
        "Profit before tax": 4840,
        "Present corporate income tax expenses": 129,
        "Deferred income taxes expenses": "N/A",
        "The interests of minority shareholders": "N/A",
        "Total Cost of profits": 129,
        "Profit after tax corporate income": 4711,
        "Volume": 9885590,
        "Close of Quarter": 10.2,
        "EPS": 1793,
        "Non-adjusted EPS": 1793,
        "PE": 5.7,
        "Book Price": 13.1
      }
    },
    {
      "quarter": "Q4 2009",
      "income status": {
        "Net sales": 359551,
        "Cost of goods sold": 333996,
        "Gross Profit": 25556,
        "Financial expenses": 14207,
        "Of which: Interest expense": 13871,
        "Cost of sales": 1835,
        "Enterprise cost management": 2184,
        "Total Operating Expenses": 18226,
        "Total revenue financing activities": 2036,
        "Net profit from business activities": 9366,
        "Profit": 68,
        "Profit before tax": 9435,
        "Present corporate income tax expenses": 750,
        "Deferred income taxes expenses": "N/A",
        "The interests of minority shareholders": "N/A",
        "Total Cost of profits": 750,
        "Profit after tax corporate income": 8684,
        "Volume": 9885590,
        "Close of Quarter": 8.0,
        "EPS": 1598,
        "Non-adjusted EPS": 1598,
        "PE": 5.0,
        "Book Price": 14
      }
    },
    {
      "quarter": "Q3 2009",
      "income status": {
        "Net sales": 148856,
        "Cost of goods sold": 134177,
        "Gross Profit": 14679,
        "Financial expenses": 9368,
        "Of which: Interest expense": 7016,
        "Cost of sales": 2293,
        "Enterprise cost management": 2248,
        "Total Operating Expenses": 13909,
        "Total revenue financing activities": 1041,
        "Net profit from business activities": 1810,
        "Profit": 100,
        "Profit before tax": 1911,
        "Present corporate income tax expenses": 87,
        "Deferred income taxes expenses": "N/A",
        "The interests of minority shareholders": "N/A",
        "Total Cost of profits": 87,
        "Profit after tax corporate income": 1823,
        "Volume": 9885590,
        "Close of Quarter": 9.1,
        "EPS": -375,
        "Non-adjusted EPS": -375,
        "PE": -24.3,
        "Book Price": 13.1
      }
    },
    {
      "quarter": "Q2 2009",
      "income status": {
        "Net sales": 157729,
        "Cost of goods sold": 141741,
        "Gross Profit": 15988,
        "Financial expenses": 8923,
        "Of which: Interest expense": 8652,
        "Cost of sales": 2229,
        "Enterprise cost management": 2127,
        "Total Operating Expenses": 13279,
        "Total revenue financing activities": 135,
        "Net profit from business activities": 2844,
        "Profit": -12,
        "Profit before tax": 2832,
        "Present corporate income tax expenses": 329,
        "Deferred income taxes expenses": "N/A",
        "The interests of minority shareholders": "N/A",
        "Total Cost of profits": 329,
        "Profit after tax corporate income": 2503,
        "Volume": 9885590,
        "Close of Quarter": 8.8,
        "EPS": -172,
        "Non-adjusted EPS": -172,
        "PE": -51.3,
        "Book Price": 12.9
      }
    },
    {
      "quarter": "Q1 2009",
      "income status": {
        "Net sales": 233529,
        "Cost of goods sold": 210835,
        "Gross Profit": 22693,
        "Financial expenses": 17416,
        "Of which: Interest expense": 15878,
        "Cost of sales": 756,
        "Enterprise cost management": 1781,
        "Total Operating Expenses": 19953,
        "Total revenue financing activities": 135,
        "Net profit from business activities": 2876,
        "Profit": 154,
        "Profit before tax": 3030,
        "Present corporate income tax expenses": 237,
        "Deferred income taxes expenses": "N/A",
        "The interests of minority shareholders": "N/A",
        "Total Cost of profits": 237,
        "Profit after tax corporate income": 2792,
        "Volume": 10000000,
        "Close of Quarter": 8.0,
        "EPS": 533.1,
        "Non-adjusted EPS": 527,
        "PE": 15.1,
        "Book Price": 12.9
      }
    },
    {
      "quarter": "Q4 2008",
      "income status": {
        "Net sales": 189381,
        "Cost of goods sold": 172993,
        "Gross Profit": 16388,
        "Financial expenses": 22853,
        "Of which: Interest expense": "N/A",
        "Cost of sales": 2434,
        "Enterprise cost management": 1901,
        "Total Operating Expenses": 27188,
        "Total revenue financing activities": 181,
        "Net profit from business activities": -10618,
        "Profit": -144,
        "Profit before tax": -10761,
        "Present corporate income tax expenses": 67,
        "Deferred income taxes expenses": "N/A",
        "The interests of minority shareholders": "N/A",
        "Total Cost of profits": 67,
        "Profit after tax corporate income": -10828,
        "Volume": 10000000,
        "Close of Quarter": 8.3,
        "EPS": 1699.4,
        "Non-adjusted EPS": 1680,
        "PE": 4.9,
        "Book Price": 12.3
      }
    },
    {
      "quarter": "Q3 2008",
      "income status": {
        "Net sales": 86468,
        "Cost of goods sold": 58418,
        "Gross Profit": 28050,
        "Financial expenses": 21936,
        "Of which: Interest expense": "N/A",
        "Cost of sales": 580,
        "Enterprise cost management": 1823,
        "Total Operating Expenses": 24339,
        "Total revenue financing activities": 38,
        "Net profit from business activities": 3749,
        "Profit": 87,
        "Profit before tax": 3836,
        "Present corporate income tax expenses": "N/A",
        "Deferred income taxes expenses": "N/A",
        "The interests of minority shareholders": "N/A",
        "Total Cost of profits": 0,
        "Profit after tax corporate income": 3836,
        "Volume": 10000000,
        "Close of Quarter": 11.9,
        "EPS": 3901.6,
        "Non-adjusted EPS": 3857,
        "PE": 3.1,
        "Book Price": 15.1
      }
    },
    {
      "quarter": "Q2 2008",
      "income status": {
        "Net sales": 203334,
        "Cost of goods sold": 172285,
        "Gross Profit": 31048,
        "Financial expenses": 16014,
        "Of which: Interest expense": 14190,
        "Cost of sales": 3056,
        "Enterprise cost management": 1628,
        "Total Operating Expenses": 20698,
        "Total revenue financing activities": 121,
        "Net profit from business activities": 10471,
        "Profit": 50,
        "Profit before tax": 10521,
        "Present corporate income tax expenses": 1051,
        "Deferred income taxes expenses": "N/A",
        "The interests of minority shareholders": "N/A",
        "Total Cost of profits": 1051,
        "Profit after tax corporate income": 9470,
        "Volume": 10000000,
        "Close of Quarter": 11.3,
        "EPS": 3514.2,
        "Non-adjusted EPS": 3474,
        "PE": 3.2,
        "Book Price": 14.8
      }
    },
    {
      "quarter": "Q1 2008",
      "income status": {
        "Net sales": 162029,
        "Cost of goods sold": 134532,
        "Gross Profit": 27497,
        "Financial expenses": 9954,
        "Of which: Interest expense": 9876,
        "Cost of sales": 2120,
        "Enterprise cost management": 1176,
        "Total Operating Expenses": 13250,
        "Total revenue financing activities": 504,
        "Net profit from business activities": 14752,
        "Profit": 84,
        "Profit before tax": 14836,
        "Present corporate income tax expenses": 515,
        "Deferred income taxes expenses": "N/A",
        "The interests of minority shareholders": "N/A",
        "Total Cost of profits": 515,
        "Profit after tax corporate income": 14322,
        "Volume": 10000000,
        "Close of Quarter": 13.1,
        "EPS": 2556.3,
        "Non-adjusted EPS": 2527,
        "PE": 5.2,
        "Book Price": 14.0
      }
    },
    {
      "quarter": "Q4 2007",
      "income status": {
        "Net sales": 172234,
        "Cost of goods sold": 149039,
        "Gross Profit": 23195,
        "Financial expenses": 7424,
        "Of which: Interest expense": "N/A",
        "Cost of sales": 3429,
        "Enterprise cost management": 1861,
        "Total Operating Expenses": 12714,
        "Total revenue financing activities": 223,
        "Net profit from business activities": 10705,
        "Profit": 238,
        "Profit before tax": 10943,
        "Present corporate income tax expenses": "N/A",
        "Deferred income taxes expenses": "N/A",
        "The interests of minority shareholders": "N/A",
        "Total Cost of profits": 0,
        "Profit after tax corporate income": 10943,
        "Volume": 10000000,
        "Close of Quarter": 24.6,
        "EPS": 1106.7,
        "Non-adjusted EPS": 1094,
        "PE": 22.5,
        "Book Price": 13.7
      }
    }
  ]
}