{
  "ticker": "CLG",
  "data": [
    {
      "quarter": "Q1 2017",
      "income status": {
        "Net sales": 108965,
        "Cost of goods sold": 97458,
        "Gross Profit": 11507,
        "Financial expenses": 3519,
        "Of which: Interest expense": 3519,
        "Cost of sales": "N/A",
        "Enterprise cost management": 6391,
        "Total Operating Expenses": 9910,
        "Total revenue financing activities": 19,
        "Net profit from business activities": 994,
        "Profit": -2,
        "Profit before tax": 993,
        "Present corporate income tax expenses": 507,
        "Deferred income taxes expenses": 125,
        "The interests of minority shareholders": -198,
        "Total Cost of profits": 434,
        "Profit after tax corporate income": 558,
        "Volume": 21150000,
        "Close of Quarter": 4.2,
        "EPS": 552,
        "Non-adjusted EPS": 552,
        "PE": 7.6,
        "Book Price": 13.1
      }
    },
    {
      "quarter": "Q4 2016",
      "income status": {
        "Net sales": 150133,
        "Cost of goods sold": 133525,
        "Gross Profit": 16608,
        "Financial expenses": 3879,
        "Of which: Interest expense": 3879,
        "Cost of sales": 81,
        "Enterprise cost management": 6707,
        "Total Operating Expenses": 10667,
        "Total revenue financing activities": -37,
        "Net profit from business activities": 2075,
        "Profit": -448,
        "Profit before tax": 1628,
        "Present corporate income tax expenses": 1238,
        "Deferred income taxes expenses": -12,
        "The interests of minority shareholders": 193,
        "Total Cost of profits": 1419,
        "Profit after tax corporate income": 208,
        "Volume": 21150000,
        "Close of Quarter": 4.3,
        "EPS": 544,
        "Non-adjusted EPS": 544,
        "PE": 7.9,
        "Book Price": 13
      }
    },
    {
      "quarter": "Q3 2016",
      "income status": {
        "Net sales": 166155,
        "Cost of goods sold": 152776,
        "Gross Profit": 13378,
        "Financial expenses": 4290,
        "Of which: Interest expense": 4085,
        "Cost of sales": 444,
        "Enterprise cost management": 5334,
        "Total Operating Expenses": 10068,
        "Total revenue financing activities": 23,
        "Net profit from business activities": 3335,
        "Profit": -626,
        "Profit before tax": 2708,
        "Present corporate income tax expenses": 1917,
        "Deferred income taxes expenses": -956,
        "The interests of minority shareholders": -215,
        "Total Cost of profits": 746,
        "Profit after tax corporate income": 1963,
        "Volume": 21150000,
        "Close of Quarter": 3.9,
        "EPS": 614,
        "Non-adjusted EPS": 614,
        "PE": 6.3,
        "Book Price": 13
      }
    },
    {
      "quarter": "Q2 2016",
      "income status": {
        "Net sales": 222962,
        "Cost of goods sold": 200107,
        "Gross Profit": 22855,
        "Financial expenses": 5030,
        "Of which: Interest expense": 4929,
        "Cost of sales": -15,
        "Enterprise cost management": 5241,
        "Total Operating Expenses": 10256,
        "Total revenue financing activities": 329,
        "Net profit from business activities": 13331,
        "Profit": -649,
        "Profit before tax": 12681,
        "Present corporate income tax expenses": 1296,
        "Deferred income taxes expenses": 2422,
        "The interests of minority shareholders": 27,
        "Total Cost of profits": 3745,
        "Profit after tax corporate income": 8936,
        "Volume": 21150000,
        "Close of Quarter": 4,
        "EPS": 534,
        "Non-adjusted EPS": 534,
        "PE": 7.5,
        "Book Price": 12.9
      }
    },
    {
      "quarter": "Q1 2016",
      "income status": {
        "Net sales": 80023,
        "Cost of goods sold": 68773,
        "Gross Profit": 11250,
        "Financial expenses": 5284,
        "Of which: Interest expense": 5300,
        "Cost of sales": 124,
        "Enterprise cost management": 3946,
        "Total Operating Expenses": 9354,
        "Total revenue financing activities": 53,
        "Net profit from business activities": 1545,
        "Profit": -726,
        "Profit before tax": 819,
        "Present corporate income tax expenses": 778,
        "Deferred income taxes expenses": -368,
        "The interests of minority shareholders": 7,
        "Total Cost of profits": 417,
        "Profit after tax corporate income": 402,
        "Volume": 21150000,
        "Close of Quarter": 4.3,
        "EPS": 140,
        "Non-adjusted EPS": 140,
        "PE": 30.7,
        "Book Price": 9.9
      }
    },
    {
      "quarter": "Q4 2015",
      "income status": {
        "Net sales": 114316,
        "Cost of goods sold": 110280,
        "Gross Profit": 4036,
        "Financial expenses": 6440,
        "Of which: Interest expense": 6228,
        "Cost of sales": 307,
        "Enterprise cost management": 4503,
        "Total Operating Expenses": 11250,
        "Total revenue financing activities": 8766,
        "Net profit from business activities": 2481,
        "Profit": -960,
        "Profit before tax": 1521,
        "Present corporate income tax expenses": 864,
        "Deferred income taxes expenses": -1083,
        "The interests of minority shareholders": 65,
        "Total Cost of profits": -154,
        "Profit after tax corporate income": 1675,
        "Volume": 21150000,
        "Close of Quarter": 5.2,
        "EPS": 125,
        "Non-adjusted EPS": 125,
        "PE": 41.6,
        "Book Price": 9.5
      }
    },
    {
      "quarter": "Q3 2015",
      "income status": {
        "Net sales": 63279,
        "Cost of goods sold": 52503,
        "Gross Profit": 10776,
        "Financial expenses": 6455,
        "Of which: Interest expense": 2210,
        "Cost of sales": 254,
        "Enterprise cost management": 3905,
        "Total Operating Expenses": 10614,
        "Total revenue financing activities": 12,
        "Net profit from business activities": 1073,
        "Profit": -1004,
        "Profit before tax": 70,
        "Present corporate income tax expenses": 63,
        "Deferred income taxes expenses": -241,
        "The interests of minority shareholders": -39,
        "Total Cost of profits": -217,
        "Profit after tax corporate income": 287,
        "Volume": 21150000,
        "Close of Quarter": 5.4,
        "EPS": 514,
        "Non-adjusted EPS": 514,
        "PE": 10.5,
        "Book Price": 10.8
      }
    },
    {
      "quarter": "Q2 2015",
      "income status": {
        "Net sales": 107872,
        "Cost of goods sold": 84607,
        "Gross Profit": 23266,
        "Financial expenses": 17963,
        "Of which: Interest expense": 17998,
        "Cost of sales": 311,
        "Enterprise cost management": 4191,
        "Total Operating Expenses": 22465,
        "Total revenue financing activities": 580,
        "Net profit from business activities": 662,
        "Profit": -1080,
        "Profit before tax": -418,
        "Present corporate income tax expenses": 1739,
        "Deferred income taxes expenses": -2240,
        "The interests of minority shareholders": -518,
        "Total Cost of profits": -1019,
        "Profit after tax corporate income": 601,
        "Volume": 21150000,
        "Close of Quarter": 7.1,
        "EPS": 674,
        "Non-adjusted EPS": 674,
        "PE": 10.5,
        "Book Price": 8.1
      }
    },
    {
      "quarter": "Q1 2015",
      "income status": {
        "Net sales": 65454,
        "Cost of goods sold": 52648,
        "Gross Profit": 12806,
        "Financial expenses": 6239,
        "Of which: Interest expense": 6239,
        "Cost of sales": 322,
        "Enterprise cost management": 4187,
        "Total Operating Expenses": 10748,
        "Total revenue financing activities": 895,
        "Net profit from business activities": 1957,
        "Profit": -1259,
        "Profit before tax": 698,
        "Present corporate income tax expenses": "N/A",
        "Deferred income taxes expenses": 104,
        "The interests of minority shareholders": 522,
        "Total Cost of profits": 626,
        "Profit after tax corporate income": 72,
        "Volume": 21150000,
        "Close of Quarter": 7.9,
        "EPS": 629,
        "Non-adjusted EPS": 629,
        "PE": 12.6,
        "Book Price": 12.7
      }
    },
    {
      "quarter": "Q4 2014",
      "income status": {
        "Net sales": 24991,
        "Cost of goods sold": 71438,
        "Gross Profit": -46447,
        "Financial expenses": 63818,
        "Of which: Interest expense": 16072,
        "Cost of sales": 217,
        "Enterprise cost management": 5269,
        "Total Operating Expenses": 69304,
        "Total revenue financing activities": 111029,
        "Net profit from business activities": 13328,
        "Profit": -2446,
        "Profit before tax": 10882,
        "Present corporate income tax expenses": 684,
        "Deferred income taxes expenses": -117,
        "The interests of minority shareholders": 410,
        "Total Cost of profits": 977,
        "Profit after tax corporate income": 9906,
        "Volume": 21150000,
        "Close of Quarter": 6.7,
        "EPS": 663,
        "Non-adjusted EPS": 663,
        "PE": 10.1,
        "Book Price": 12.6
      }
    },
    {
      "quarter": "Q3 2014",
      "income status": {
        "Net sales": 25677,
        "Cost of goods sold": 20838,
        "Gross Profit": 4839,
        "Financial expenses": 14528,
        "Of which: Interest expense": 16072,
        "Cost of sales": 230,
        "Enterprise cost management": 7466,
        "Total Operating Expenses": 22224,
        "Total revenue financing activities": 18770,
        "Net profit from business activities": 1385,
        "Profit": 2896,
        "Profit before tax": 4281,
        "Present corporate income tax expenses": 819,
        "Deferred income taxes expenses": 332,
        "The interests of minority shareholders": -537,
        "Total Cost of profits": 614,
        "Profit after tax corporate income": 3667,
        "Volume": 21150000,
        "Close of Quarter": 7.9,
        "EPS": 486,
        "Non-adjusted EPS": 486,
        "PE": 16.3,
        "Book Price": 14.8
      }
    },
    {
      "quarter": "Q2 2014",
      "income status": {
        "Net sales": 110708,
        "Cost of goods sold": 87919,
        "Gross Profit": 22788,
        "Financial expenses": 22810,
        "Of which: Interest expense": 17923,
        "Cost of sales": 318,
        "Enterprise cost management": 3982,
        "Total Operating Expenses": 27110,
        "Total revenue financing activities": 8899,
        "Net profit from business activities": 5424,
        "Profit": -3045,
        "Profit before tax": 2378,
        "Present corporate income tax expenses": 2772,
        "Deferred income taxes expenses": -520,
        "The interests of minority shareholders": 458,
        "Total Cost of profits": 2710,
        "Profit after tax corporate income": -332,
        "Volume": 21150000,
        "Close of Quarter": 8.4,
        "EPS": 351,
        "Non-adjusted EPS": 351,
        "PE": 23.9,
        "Book Price": 17
      }
    },
    {
      "quarter": "Q1 2014",
      "income status": {
        "Net sales": 83856,
        "Cost of goods sold": 68723,
        "Gross Profit": 15133,
        "Financial expenses": 17262,
        "Of which: Interest expense": 16072,
        "Cost of sales": -1353,
        "Enterprise cost management": 6216,
        "Total Operating Expenses": 22125,
        "Total revenue financing activities": 9139,
        "Net profit from business activities": 1293,
        "Profit": 14,
        "Profit before tax": 1308,
        "Present corporate income tax expenses": "N/A",
        "Deferred income taxes expenses": 519,
        "The interests of minority shareholders": "N/A",
        "Total Cost of profits": 519,
        "Profit after tax corporate income": 789,
        "Volume": 20000000,
        "Close of Quarter": 11.2,
        "EPS": 1391.0,
        "Non-adjusted EPS": 1471,
        "PE": 7.6,
        "Book Price": 12.6
      }
    },
    {
      "quarter": "Q4 2013",
      "income status": {
        "Net sales": 109811,
        "Cost of goods sold": 87186,
        "Gross Profit": 22625,
        "Financial expenses": 16079,
        "Of which: Interest expense": 16072,
        "Cost of sales": 671,
        "Enterprise cost management": 3626,
        "Total Operating Expenses": 20376,
        "Total revenue financing activities": 9184,
        "Net profit from business activities": 11433,
        "Profit": -2106,
        "Profit before tax": 9326,
        "Present corporate income tax expenses": 2421,
        "Deferred income taxes expenses": 558,
        "The interests of minority shareholders": 199,
        "Total Cost of profits": 3178,
        "Profit after tax corporate income": 6149,
        "Volume": 20000000,
        "Close of Quarter": 8.9,
        "EPS": 1387.2,
        "Non-adjusted EPS": 1467,
        "PE": 6.1,
        "Book Price": 11.3
      }
    },
    {
      "quarter": "Q3 2013",
      "income status": {
        "Net sales": 86066,
        "Cost of goods sold": 68778,
        "Gross Profit": 17288,
        "Financial expenses": 17558,
        "Of which: Interest expense": 17558,
        "Cost of sales": 771,
        "Enterprise cost management": 4193,
        "Total Operating Expenses": 22522,
        "Total revenue financing activities": 9017,
        "Net profit from business activities": 3784,
        "Profit": -1761,
        "Profit before tax": 2023,
        "Present corporate income tax expenses": 614,
        "Deferred income taxes expenses": 558,
        "The interests of minority shareholders": 27,
        "Total Cost of profits": 1199,
        "Profit after tax corporate income": 824,
        "Volume": 20000000,
        "Close of Quarter": 7.2,
        "EPS": 1136.6,
        "Non-adjusted EPS": 1202,
        "PE": 6.0,
        "Book Price": 11.2
      }
    },
    {
      "quarter": "Q2 2013",
      "income status": {
        "Net sales": 89802,
        "Cost of goods sold": 72454,
        "Gross Profit": 17348,
        "Financial expenses": 61909,
        "Of which: Interest expense": 16595,
        "Cost of sales": 754,
        "Enterprise cost management": -1836,
        "Total Operating Expenses": 60827,
        "Total revenue financing activities": 73108,
        "Net profit from business activities": 29629,
        "Profit": -5004,
        "Profit before tax": 24610,
        "Present corporate income tax expenses": 735,
        "Deferred income taxes expenses": 1483,
        "The interests of minority shareholders": 727,
        "Total Cost of profits": 2945,
        "Profit after tax corporate income": 21665,
        "Volume": 20000000,
        "Close of Quarter": 16.6,
        "EPS": 992.9,
        "Non-adjusted EPS": 1050,
        "PE": 15.8,
        "Book Price": 11.2
      }
    },
    {
      "quarter": "Q1 2013",
      "income status": {
        "Net sales": 82094,
        "Cost of goods sold": 69235,
        "Gross Profit": 12859,
        "Financial expenses": 15528,
        "Of which: Interest expense": 15528,
        "Cost of sales": 1021,
        "Enterprise cost management": 3938,
        "Total Operating Expenses": 20487,
        "Total revenue financing activities": 9963,
        "Net profit from business activities": 2334,
        "Profit": 3,
        "Profit before tax": 343,
        "Present corporate income tax expenses": 875,
        "Deferred income taxes expenses": -1227,
        "The interests of minority shareholders": "N/A",
        "Total Cost of profits": -352,
        "Profit after tax corporate income": 695,
        "Volume": 20000000,
        "Close of Quarter": 7.8,
        "EPS": 59.6,
        "Non-adjusted EPS": 63,
        "PE": 124.0,
        "Book Price": 10.1
      }
    },
    {
      "quarter": "Q4 2012",
      "income status": {
        "Net sales": 69605,
        "Cost of goods sold": 58384,
        "Gross Profit": 11221,
        "Financial expenses": 8537,
        "Of which: Interest expense": 8537,
        "Cost of sales": 1611,
        "Enterprise cost management": 4714,
        "Total Operating Expenses": 14862,
        "Total revenue financing activities": 6067,
        "Net profit from business activities": 2425,
        "Profit": 1298,
        "Profit before tax": 1590,
        "Present corporate income tax expenses": 1615,
        "Deferred income taxes expenses": -883,
        "The interests of minority shareholders": "N/A",
        "Total Cost of profits": 732,
        "Profit after tax corporate income": 857,
        "Volume": 20000000,
        "Close of Quarter": 4.6,
        "EPS": 84.2,
        "Non-adjusted EPS": 89,
        "PE": 51.6,
        "Book Price": 9.9
      }
    },
    {
      "quarter": "Q3 2012",
      "income status": {
        "Net sales": 27865,
        "Cost of goods sold": 23812,
        "Gross Profit": 4052,
        "Financial expenses": 7430,
        "Of which: Interest expense": 7430,
        "Cost of sales": 2192,
        "Enterprise cost management": 4248,
        "Total Operating Expenses": 13870,
        "Total revenue financing activities": 7515,
        "Net profit from business activities": -2303,
        "Profit": 596,
        "Profit before tax": -2202,
        "Present corporate income tax expenses": 113,
        "Deferred income taxes expenses": -89,
        "The interests of minority shareholders": "N/A",
        "Total Cost of profits": 24,
        "Profit after tax corporate income": -2227,
        "Volume": 20000000,
        "Close of Quarter": 4.2,
        "EPS": 104.0,
        "Non-adjusted EPS": 110,
        "PE": 38.4,
        "Book Price": 16.3
      }
    },
    {
      "quarter": "Q2 2012",
      "income status": {
        "Net sales": 27598,
        "Cost of goods sold": 22063,
        "Gross Profit": 5535,
        "Financial expenses": 25759,
        "Of which: Interest expense": 29672,
        "Cost of sales": 2000,
        "Enterprise cost management": 3674,
        "Total Operating Expenses": 31433,
        "Total revenue financing activities": 20783,
        "Net profit from business activities": -5115,
        "Profit": 145,
        "Profit before tax": 675,
        "Present corporate income tax expenses": 595,
        "Deferred income taxes expenses": -1870,
        "The interests of minority shareholders": 6,
        "Total Cost of profits": -1269,
        "Profit after tax corporate income": 1944,
        "Volume": 10000000,
        "Close of Quarter": 8.5,
        "EPS": 844.0,
        "Non-adjusted EPS": 1785,
        "PE": 4.8,
        "Book Price": 10.1
      }
    },
    {
      "quarter": "Q1 2012",
      "income status": {
        "Net sales": 16720,
        "Cost of goods sold": 10008,
        "Gross Profit": 6713,
        "Financial expenses": 5806,
        "Of which: Interest expense": 1894,
        "Cost of sales": 2306,
        "Enterprise cost management": 2713,
        "Total Operating Expenses": 10825,
        "Total revenue financing activities": 5501,
        "Net profit from business activities": 1389,
        "Profit": 116,
        "Profit before tax": 1665,
        "Present corporate income tax expenses": 550,
        "Deferred income taxes expenses": -89,
        "The interests of minority shareholders": "N/A",
        "Total Cost of profits": 461,
        "Profit after tax corporate income": 1203,
        "Volume": 10000000,
        "Close of Quarter": 12.3,
        "EPS": 973.5,
        "Non-adjusted EPS": 2059,
        "PE": 6.0,
        "Book Price": 6.1
      }
    },
    {
      "quarter": "Q4 2011",
      "income status": {
        "Net sales": 80216,
        "Cost of goods sold": 56045,
        "Gross Profit": 24172,
        "Financial expenses": 31806,
        "Of which: Interest expense": 12214,
        "Cost of sales": 2351,
        "Enterprise cost management": 2897,
        "Total Operating Expenses": 37054,
        "Total revenue financing activities": 16666,
        "Net profit from business activities": 3785,
        "Profit": -50,
        "Profit before tax": 24896,
        "Present corporate income tax expenses": 998,
        "Deferred income taxes expenses": -230,
        "The interests of minority shareholders": 11,
        "Total Cost of profits": 779,
        "Profit after tax corporate income": 1288,
        "Volume": 10000000,
        "Close of Quarter": 11.3,
        "EPS": 1249.2,
        "Non-adjusted EPS": 2642,
        "PE": 4.3,
        "Book Price": 6.6
      }
    },
    {
      "quarter": "Q3 2011",
      "income status": {
        "Net sales": 50848,
        "Cost of goods sold": 30821,
        "Gross Profit": 20027,
        "Financial expenses": 5784,
        "Of which: Interest expense": 5497,
        "Cost of sales": 2409,
        "Enterprise cost management": 4818,
        "Total Operating Expenses": 13011,
        "Total revenue financing activities": 6109,
        "Net profit from business activities": 13125,
        "Profit": 478,
        "Profit before tax": 30771,
        "Present corporate income tax expenses": "N/A",
        "Deferred income taxes expenses": 93,
        "The interests of minority shareholders": 97,
        "Total Cost of profits": 190,
        "Profit after tax corporate income": 13413,
        "Volume": 10000000,
        "Close of Quarter": 9.2,
        "EPS": -302.1,
        "Non-adjusted EPS": -639,
        "PE": -14.4,
        "Book Price": 6.7
      }
    },
    {
      "quarter": "Q2 2011",
      "income status": {
        "Net sales": 84181,
        "Cost of goods sold": 61588,
        "Gross Profit": 22592,
        "Financial expenses": 8604,
        "Of which: Interest expense": 8604,
        "Cost of sales": 2598,
        "Enterprise cost management": 5666,
        "Total Operating Expenses": 16868,
        "Total revenue financing activities": 332,
        "Net profit from business activities": 6057,
        "Profit": -21,
        "Profit before tax": 6036,
        "Present corporate income tax expenses": 1509,
        "Deferred income taxes expenses": -93,
        "The interests of minority shareholders": -64,
        "Total Cost of profits": 1352,
        "Profit after tax corporate income": 4684,
        "Volume": 10000000,
        "Close of Quarter": 12.2,
        "EPS": -411.8,
        "Non-adjusted EPS": -871,
        "PE": -14.0,
        "Book Price": 5.8
      }
    },
    {
      "quarter": "Q1 2011",
      "income status": {
        "Net sales": 41943,
        "Cost of goods sold": 24666,
        "Gross Profit": 17276,
        "Financial expenses": 2672,
        "Of which: Interest expense": 2672,
        "Cost of sales": 2801,
        "Enterprise cost management": 4961,
        "Total Operating Expenses": 10434,
        "Total revenue financing activities": 2556,
        "Net profit from business activities": 9398,
        "Profit": -22,
        "Profit before tax": 9376,
        "Present corporate income tax expenses": 2408,
        "Deferred income taxes expenses": -64,
        "The interests of minority shareholders": "N/A",
        "Total Cost of profits": 2344,
        "Profit after tax corporate income": 7032,
        "Volume": 10000000,
        "Close of Quarter": 14.0,
        "EPS": 546.1,
        "Non-adjusted EPS": 1155,
        "PE": 12.2,
        "Book Price": 6.5
      }
    },
    {
      "quarter": "Q4 2010",
      "income status": {
        "Net sales": 2890,
        "Cost of goods sold": 24817,
        "Gross Profit": -21927,
        "Financial expenses": 2853,
        "Of which: Interest expense": 2853,
        "Cost of sales": 2865,
        "Enterprise cost management": 854,
        "Total Operating Expenses": 6572,
        "Total revenue financing activities": 2530,
        "Net profit from business activities": -25968,
        "Profit": 5,
        "Profit before tax": -31520,
        "Present corporate income tax expenses": 191,
        "Deferred income taxes expenses": -185,
        "The interests of minority shareholders": -3,
        "Total Cost of profits": 3,
        "Profit after tax corporate income": -31522,
        "Volume": 10000000,
        "Close of Quarter": 25.5,
        "EPS": 1088.4,
        "Non-adjusted EPS": 2302,
        "PE": 11.1,
        "Book Price": 5.8
      }
    },
    {
      "quarter": "Q3 2010",
      "income status": {
        "Net sales": 15839,
        "Cost of goods sold": 369,
        "Gross Profit": 15471,
        "Financial expenses": 3671,
        "Of which: Interest expense": 3671,
        "Cost of sales": 1610,
        "Enterprise cost management": 8048,
        "Total Operating Expenses": 13329,
        "Total revenue financing activities": 12886,
        "Net profit from business activities": 15028,
        "Profit": -188,
        "Profit before tax": 14840,
        "Present corporate income tax expenses": 3991,
        "Deferred income taxes expenses": -254,
        "The interests of minority shareholders": 2,
        "Total Cost of profits": 3739,
        "Profit after tax corporate income": 11100,
        "Volume": 10000000,
        "Close of Quarter": 36.5,
        "EPS": 2631.7,
        "Non-adjusted EPS": 5566,
        "PE": 6.6,
        "Book Price": 7.7
      }
    },
    {
      "quarter": "Q2 2010",
      "income status": {
        "Net sales": 31620,
        "Cost of goods sold": 374,
        "Gross Profit": 31246,
        "Financial expenses": 4926,
        "Of which: Interest expense": 4741,
        "Cost of sales": 1132,
        "Enterprise cost management": 13414,
        "Total Operating Expenses": 19472,
        "Total revenue financing activities": 23092,
        "Net profit from business activities": 34867,
        "Profit": -89,
        "Profit before tax": 34778,
        "Present corporate income tax expenses": 9824,
        "Deferred income taxes expenses": "N/A",
        "The interests of minority shareholders": 13,
        "Total Cost of profits": 9837,
        "Profit after tax corporate income": 24942,
        "Volume": 10000000,
        "Close of Quarter": "N/A",
        "EPS": 2160.3,
        "Non-adjusted EPS": 4569,
        "PE": "N/A",
        "Book Price": 6.9
      }
    },
    {
      "quarter": "Q1 2010",
      "income status": {
        "Net sales": 65432,
        "Cost of goods sold": 39782,
        "Gross Profit": 25650,
        "Financial expenses": 1900,
        "Of which: Interest expense": 1900,
        "Cost of sales": 10,
        "Enterprise cost management": 1290,
        "Total Operating Expenses": 3200,
        "Total revenue financing activities": 2217,
        "Net profit from business activities": 24668,
        "Profit": 1,
        "Profit before tax": 24668,
        "Present corporate income tax expenses": 6168,
        "Deferred income taxes expenses": "N/A",
        "The interests of minority shareholders": 5,
        "Total Cost of profits": 6173,
        "Profit after tax corporate income": 18496,
        "Volume": 10000000,
        "Close of Quarter": "N/A",
        "EPS": 1100.7,
        "Non-adjusted EPS": 2328,
        "PE": "N/A",
        "Book Price": "N/A"
      }
    },
    {
      "quarter": "Q4 2009",
      "income status": {
        "Net sales": 5455,
        "Cost of goods sold": 3575,
        "Gross Profit": 1879,
        "Financial expenses": 3022,
        "Of which: Interest expense": 3022,
        "Cost of sales": 168,
        "Enterprise cost management": 1172,
        "Total Operating Expenses": 4362,
        "Total revenue financing activities": 2969,
        "Net profit from business activities": 485,
        "Profit": 879,
        "Profit before tax": 1365,
        "Present corporate income tax expenses": 239,
        "Deferred income taxes expenses": "N/A",
        "The interests of minority shareholders": "N/A",
        "Total Cost of profits": 239,
        "Profit after tax corporate income": 1126,
        "Volume": 10000000,
        "Close of Quarter": "N/A",
        "EPS": 226,
        "Non-adjusted EPS": 478,
        "PE": "N/A",
        "Book Price": 1.5
      }
    },
    {
      "quarter": "Q3 2009",
      "income status": {
        "Net sales": 5455,
        "Cost of goods sold": 3575,
        "Gross Profit": 1879,
        "Financial expenses": 3022,
        "Of which: Interest expense": 3022,
        "Cost of sales": 168,
        "Enterprise cost management": 1172,
        "Total Operating Expenses": 4362,
        "Total revenue financing activities": 2969,
        "Net profit from business activities": 485,
        "Profit": 879,
        "Profit before tax": 1365,
        "Present corporate income tax expenses": 239,
        "Deferred income taxes expenses": "N/A",
        "The interests of minority shareholders": "N/A",
        "Total Cost of profits": 239,
        "Profit after tax corporate income": 1126,
        "Volume": 10000000,
        "Close of Quarter": "N/A",
        "EPS": 172.6,
        "Non-adjusted EPS": 365,
        "PE": "N/A",
        "Book Price": "N/A"
      }
    },
    {
      "quarter": "Q2 2009",
      "income status": {
        "Net sales": 13168,
        "Cost of goods sold": 7843,
        "Gross Profit": 5325,
        "Financial expenses": 3838,
        "Of which: Interest expense": 3838,
        "Cost of sales": 38,
        "Enterprise cost management": 1164,
        "Total Operating Expenses": 5040,
        "Total revenue financing activities": 2938,
        "Net profit from business activities": 3224,
        "Profit": 145,
        "Profit before tax": 3369,
        "Present corporate income tax expenses": 842,
        "Deferred income taxes expenses": "N/A",
        "The interests of minority shareholders": "N/A",
        "Total Cost of profits": 842,
        "Profit after tax corporate income": 2527,
        "Volume": 10000000,
        "Close of Quarter": "N/A",
        "EPS": 119.6,
        "Non-adjusted EPS": 253,
        "PE": "N/A",
        "Book Price": "N/A"
      }
    }
  ]
}