{
  "ticker": "GFC",
  "data": [
    {
      "quarter": "Q4 2012",
      "income status": {
        "Net sales": 225906,
        "Cost of goods sold": 226283,
        "Gross Profit": -377,
        "Financial expenses": 24959,
        "Of which: Interest expense": 24768,
        "Cost of sales": 4049,
        "Enterprise cost management": 1266,
        "Total Operating Expenses": 30274,
        "Total revenue financing activities": 16253,
        "Net profit from business activities": -14397,
        "Profit": 25021,
        "Profit before tax": 10624,
        "Present corporate income tax expenses": "N/A",
        "Deferred income taxes expenses": "N/A",
        "The interests of minority shareholders": "N/A",
        "Total Cost of profits": 0,
        "Profit after tax corporate income": 10624,
        "Volume": 8480000,
        "Close of Quarter": 7.4,
        "EPS": -5270,
        "Non-adjusted EPS": -5270,
        "PE": -1.4,
        "Book Price": 3.5
      }
    },
    {
      "quarter": "Q3 2012",
      "income status": {
        "Net sales": 285103,
        "Cost of goods sold": 273465,
        "Gross Profit": 11638,
        "Financial expenses": 14582,
        "Of which: Interest expense": 14165,
        "Cost of sales": 2752,
        "Enterprise cost management": 1390,
        "Total Operating Expenses": 18724,
        "Total revenue financing activities": 8016,
        "Net profit from business activities": 930,
        "Profit": -6,
        "Profit before tax": 924,
        "Present corporate income tax expenses": "N/A",
        "Deferred income taxes expenses": "N/A",
        "The interests of minority shareholders": "N/A",
        "Total Cost of profits": 0,
        "Profit after tax corporate income": 924,
        "Volume": 8480000,
        "Close of Quarter": 7.4,
        "EPS": -4192,
        "Non-adjusted EPS": -4192,
        "PE": -1.8,
        "Book Price": 2.2
      }
    },
    {
      "quarter": "Q2 2012",
      "income status": {
        "Net sales": 293611,
        "Cost of goods sold": 305887,
        "Gross Profit": -12276,
        "Financial expenses": 29340,
        "Of which: Interest expense": 29189,
        "Cost of sales": 3866,
        "Enterprise cost management": 2785,
        "Total Operating Expenses": 35991,
        "Total revenue financing activities": 8624,
        "Net profit from business activities": -39643,
        "Profit": -1772,
        "Profit before tax": -41415,
        "Present corporate income tax expenses": "N/A",
        "Deferred income taxes expenses": "N/A",
        "The interests of minority shareholders": "N/A",
        "Total Cost of profits": 0,
        "Profit after tax corporate income": -41415,
        "Volume": 8480000,
        "Close of Quarter": 8,
        "EPS": -5070,
        "Non-adjusted EPS": -5070,
        "PE": -1.6,
        "Book Price": 2.2
      }
    },
    {
      "quarter": "Q1 2012",
      "income status": {
        "Net sales": 237636,
        "Cost of goods sold": 240978,
        "Gross Profit": -3342,
        "Financial expenses": 18940,
        "Of which: Interest expense": 18231,
        "Cost of sales": 4332,
        "Enterprise cost management": 2361,
        "Total Operating Expenses": 25633,
        "Total revenue financing activities": 13423,
        "Net profit from business activities": -15552,
        "Profit": 732,
        "Profit before tax": -14819,
        "Present corporate income tax expenses": "N/A",
        "Deferred income taxes expenses": "N/A",
        "The interests of minority shareholders": "N/A",
        "Total Cost of profits": 0,
        "Profit after tax corporate income": -14819,
        "Volume": 8480000,
        "Close of Quarter": 9.1,
        "EPS": -3673,
        "Non-adjusted EPS": -3673,
        "PE": -2.5,
        "Book Price": 7.1
      }
    },
    {
      "quarter": "Q4 2011",
      "income status": {
        "Net sales": 543528,
        "Cost of goods sold": 501075,
        "Gross Profit": 42453,
        "Financial expenses": 26246,
        "Of which: Interest expense": 23917,
        "Cost of sales": 4161,
        "Enterprise cost management": 2186,
        "Total Operating Expenses": 32593,
        "Total revenue financing activities": 7679,
        "Net profit from business activities": 17538,
        "Profit": 2335,
        "Profit before tax": 19873,
        "Present corporate income tax expenses": 110,
        "Deferred income taxes expenses": "N/A",
        "The interests of minority shareholders": "N/A",
        "Total Cost of profits": 110,
        "Profit after tax corporate income": 19764,
        "Volume": 8480000,
        "Close of Quarter": 9.5,
        "EPS": -1092,
        "Non-adjusted EPS": -1092,
        "PE": -8.7,
        "Book Price": 8.9
      }
    },
    {
      "quarter": "Q3 2011",
      "income status": {
        "Net sales": 255648,
        "Cost of goods sold": 248294,
        "Gross Profit": 7353,
        "Financial expenses": 18598,
        "Of which: Interest expense": 17877,
        "Cost of sales": 4894,
        "Enterprise cost management": 2023,
        "Total Operating Expenses": 25515,
        "Total revenue financing activities": 11085,
        "Net profit from business activities": -7076,
        "Profit": 556,
        "Profit before tax": -29015,
        "Present corporate income tax expenses": "N/A",
        "Deferred income taxes expenses": "N/A",
        "The interests of minority shareholders": "N/A",
        "Total Cost of profits": 0,
        "Profit after tax corporate income": -6521,
        "Volume": 8080000,
        "Close of Quarter": 9,
        "EPS": -3400.7,
        "Non-adjusted EPS": -3569,
        "PE": -2.5,
        "Book Price": 6.6
      }
    },
    {
      "quarter": "Q2 2011",
      "income status": {
        "Net sales": 317169,
        "Cost of goods sold": 310648,
        "Gross Profit": 6521,
        "Financial expenses": 31370,
        "Of which: Interest expense": 22780,
        "Cost of sales": 6344,
        "Enterprise cost management": 1476,
        "Total Operating Expenses": 39190,
        "Total revenue financing activities": 1008,
        "Net profit from business activities": -31660,
        "Profit": 18,
        "Profit before tax": -31642,
        "Present corporate income tax expenses": -2078,
        "Deferred income taxes expenses": 9,
        "The interests of minority shareholders": "N/A",
        "Total Cost of profits": -2069,
        "Profit after tax corporate income": -29573,
        "Volume": 8080000,
        "Close of Quarter": 10.8,
        "EPS": -2302.0,
        "Non-adjusted EPS": -2416,
        "PE": -4.5,
        "Book Price": 7.9
      }
    },
    {
      "quarter": "Q1 2011",
      "income status": {
        "Net sales": 292027,
        "Cost of goods sold": 265124,
        "Gross Profit": 26903,
        "Financial expenses": 21069,
        "Of which: Interest expense": 17838,
        "Cost of sales": 2577,
        "Enterprise cost management": 1587,
        "Total Operating Expenses": 25233,
        "Total revenue financing activities": 7324,
        "Net profit from business activities": 8994,
        "Profit": 154,
        "Profit before tax": 9148,
        "Present corporate income tax expenses": 2078,
        "Deferred income taxes expenses": "N/A",
        "The interests of minority shareholders": "N/A",
        "Total Cost of profits": 2078,
        "Profit after tax corporate income": 7070,
        "Volume": 8080000,
        "Close of Quarter": "N/A",
        "EPS": 1661.7,
        "Non-adjusted EPS": 1744,
        "PE": "N/A",
        "Book Price": 11.4
      }
    },
    {
      "quarter": "Q3 2010",
      "income status": {
        "Net sales": 381263,
        "Cost of goods sold": 368508,
        "Gross Profit": 12755,
        "Financial expenses": 21484,
        "Of which: Interest expense": 12054,
        "Cost of sales": 1277,
        "Enterprise cost management": 1418,
        "Total Operating Expenses": 24179,
        "Total revenue financing activities": 11502,
        "Net profit from business activities": 78,
        "Profit": 166,
        "Profit before tax": 244,
        "Present corporate income tax expenses": 61,
        "Deferred income taxes expenses": "N/A",
        "The interests of minority shareholders": "N/A",
        "Total Cost of profits": 61,
        "Profit after tax corporate income": 183,
        "Volume": 8080000,
        "Close of Quarter": "N/A",
        "EPS": 828.0,
        "Non-adjusted EPS": 869,
        "PE": "N/A",
        "Book Price": "N/A"
      }
    },
    {
      "quarter": "Q2 2010",
      "income status": {
        "Net sales": 198262,
        "Cost of goods sold": 198212,
        "Gross Profit": 50,
        "Financial expenses": 17050,
        "Of which: Interest expense": 16156,
        "Cost of sales": 2001,
        "Enterprise cost management": 4154,
        "Total Operating Expenses": 23205,
        "Total revenue financing activities": 27380,
        "Net profit from business activities": 4224,
        "Profit": 230,
        "Profit before tax": 4453,
        "Present corporate income tax expenses": 1764,
        "Deferred income taxes expenses": -107,
        "The interests of minority shareholders": "N/A",
        "Total Cost of profits": 1657,
        "Profit after tax corporate income": 2796,
        "Volume": 8080000,
        "Close of Quarter": "N/A",
        "EPS": 807.1,
        "Non-adjusted EPS": 847,
        "PE": "N/A",
        "Book Price": "N/A"
      }
    },
    {
      "quarter": "Q1 2010",
      "income status": {
        "Net sales": 199920,
        "Cost of goods sold": 191274,
        "Gross Profit": 8645,
        "Financial expenses": 9592,
        "Of which: Interest expense": 7965,
        "Cost of sales": 3840,
        "Enterprise cost management": 1112,
        "Total Operating Expenses": 14544,
        "Total revenue financing activities": 11283,
        "Net profit from business activities": 5385,
        "Profit": 8,
        "Profit before tax": 5392,
        "Present corporate income tax expenses": 1348,
        "Deferred income taxes expenses": "N/A",
        "The interests of minority shareholders": "N/A",
        "Total Cost of profits": 1348,
        "Profit after tax corporate income": 4044,
        "Volume": 8080000,
        "Close of Quarter": "N/A",
        "EPS": 476.4,
        "Non-adjusted EPS": 500,
        "PE": "N/A",
        "Book Price": "N/A"
      }
    }
  ]
}