{
  "ticker": "SD2",
  "data": [
    {
      "quarter": "Q1 2017",
      "income status": {
        "Net sales": 114929,
        "Cost of goods sold": 100421,
        "Gross Profit": 14507,
        "Financial expenses": 2804,
        "Of which: Interest expense": 3698,
        "Cost of sales": 1680,
        "Enterprise cost management": 6386,
        "Total Operating Expenses": 10870,
        "Total revenue financing activities": 38,
        "Net profit from business activities": 3675,
        "Profit": -1372,
        "Profit before tax": 2303,
        "Present corporate income tax expenses": 1453,
        "Deferred income taxes expenses": "N/A",
        "The interests of minority shareholders": "N/A",
        "Total Cost of profits": 1453,
        "Profit after tax corporate income": 850,
        "Volume": 14423536,
        "Close of Quarter": 7.8,
        "EPS": 716,
        "Non-adjusted EPS": 716,
        "PE": 10.9,
        "Book Price": 14.6
      }
    },
    {
      "quarter": "Q4 2016",
      "income status": {
        "Net sales": 360209,
        "Cost of goods sold": 336783,
        "Gross Profit": 23426,
        "Financial expenses": 5787,
        "Of which: Interest expense": 6276,
        "Cost of sales": -1094,
        "Enterprise cost management": 12728,
        "Total Operating Expenses": 17421,
        "Total revenue financing activities": -68,
        "Net profit from business activities": 5938,
        "Profit": 1262,
        "Profit before tax": 7200,
        "Present corporate income tax expenses": 2462,
        "Deferred income taxes expenses": "N/A",
        "The interests of minority shareholders": "N/A",
        "Total Cost of profits": 2462,
        "Profit after tax corporate income": 4738,
        "Volume": 14423536,
        "Close of Quarter": 6.7,
        "EPS": 852,
        "Non-adjusted EPS": 852,
        "PE": 7.9,
        "Book Price": 14.7
      }
    },
    {
      "quarter": "Q3 2016",
      "income status": {
        "Net sales": 174475,
        "Cost of goods sold": 160404,
        "Gross Profit": 14072,
        "Financial expenses": 5012,
        "Of which: Interest expense": 4264,
        "Cost of sales": 1120,
        "Enterprise cost management": 8035,
        "Total Operating Expenses": 14167,
        "Total revenue financing activities": 1544,
        "Net profit from business activities": 1449,
        "Profit": -22,
        "Profit before tax": 1427,
        "Present corporate income tax expenses": 275,
        "Deferred income taxes expenses": "N/A",
        "The interests of minority shareholders": "N/A",
        "Total Cost of profits": 275,
        "Profit after tax corporate income": 1152,
        "Volume": 14423536,
        "Close of Quarter": 8.7,
        "EPS": 584,
        "Non-adjusted EPS": 584,
        "PE": 14.9,
        "Book Price": 15.1
      }
    },
    {
      "quarter": "Q2 2016",
      "income status": {
        "Net sales": 206025,
        "Cost of goods sold": 180546,
        "Gross Profit": 25480,
        "Financial expenses": 4568,
        "Of which: Interest expense": 4965,
        "Cost of sales": 4530,
        "Enterprise cost management": 10794,
        "Total Operating Expenses": 19892,
        "Total revenue financing activities": 593,
        "Net profit from business activities": 6181,
        "Profit": 583,
        "Profit before tax": 6764,
        "Present corporate income tax expenses": 3174,
        "Deferred income taxes expenses": "N/A",
        "The interests of minority shareholders": "N/A",
        "Total Cost of profits": 3174,
        "Profit after tax corporate income": 3591,
        "Volume": 14423536,
        "Close of Quarter": 9.5,
        "EPS": 846,
        "Non-adjusted EPS": 846,
        "PE": 11.2,
        "Book Price": 15
      }
    },
    {
      "quarter": "Q1 2016",
      "income status": {
        "Net sales": 140197,
        "Cost of goods sold": 119499,
        "Gross Profit": 20699,
        "Financial expenses": 5112,
        "Of which: Interest expense": 4689,
        "Cost of sales": 1000,
        "Enterprise cost management": 11197,
        "Total Operating Expenses": 17309,
        "Total revenue financing activities": 59,
        "Net profit from business activities": 3448,
        "Profit": -180,
        "Profit before tax": 3268,
        "Present corporate income tax expenses": 462,
        "Deferred income taxes expenses": "N/A",
        "The interests of minority shareholders": "N/A",
        "Total Cost of profits": 462,
        "Profit after tax corporate income": 2806,
        "Volume": 14423536,
        "Close of Quarter": 5.5,
        "EPS": 635,
        "Non-adjusted EPS": 635,
        "PE": 8.7,
        "Book Price": 14.8
      }
    },
    {
      "quarter": "Q4 2015",
      "income status": {
        "Net sales": 224012,
        "Cost of goods sold": 198355,
        "Gross Profit": 25657,
        "Financial expenses": 9007,
        "Of which: Interest expense": 7179,
        "Cost of sales": 1439,
        "Enterprise cost management": 13944,
        "Total Operating Expenses": 24390,
        "Total revenue financing activities": 632,
        "Net profit from business activities": 1899,
        "Profit": 1300,
        "Profit before tax": 3199,
        "Present corporate income tax expenses": 2325,
        "Deferred income taxes expenses": "N/A",
        "The interests of minority shareholders": "N/A",
        "Total Cost of profits": 2325,
        "Profit after tax corporate income": 875,
        "Volume": 14423536,
        "Close of Quarter": 5.7,
        "EPS": 689,
        "Non-adjusted EPS": 689,
        "PE": 8.3,
        "Book Price": 14.8
      }
    },
    {
      "quarter": "Q3 2015",
      "income status": {
        "Net sales": 148443,
        "Cost of goods sold": 130336,
        "Gross Profit": 18107,
        "Financial expenses": 2739,
        "Of which: Interest expense": 4230,
        "Cost of sales": 1129,
        "Enterprise cost management": 9330,
        "Total Operating Expenses": 13198,
        "Total revenue financing activities": 561,
        "Net profit from business activities": 5470,
        "Profit": -115,
        "Profit before tax": 5355,
        "Present corporate income tax expenses": 421,
        "Deferred income taxes expenses": "N/A",
        "The interests of minority shareholders": "N/A",
        "Total Cost of profits": 421,
        "Profit after tax corporate income": 4935,
        "Volume": 14423536,
        "Close of Quarter": 5.3,
        "EPS": 534,
        "Non-adjusted EPS": 534,
        "PE": 10,
        "Book Price": 15.3
      }
    },
    {
      "quarter": "Q2 2015",
      "income status": {
        "Net sales": 180841,
        "Cost of goods sold": 158245,
        "Gross Profit": 22596,
        "Financial expenses": 7680,
        "Of which: Interest expense": 6028,
        "Cost of sales": 1716,
        "Enterprise cost management": 11140,
        "Total Operating Expenses": 20536,
        "Total revenue financing activities": 279,
        "Net profit from business activities": 2338,
        "Profit": -243,
        "Profit before tax": 2095,
        "Present corporate income tax expenses": 1556,
        "Deferred income taxes expenses": "N/A",
        "The interests of minority shareholders": "N/A",
        "Total Cost of profits": 1556,
        "Profit after tax corporate income": 539,
        "Volume": 14423536,
        "Close of Quarter": 6.3,
        "EPS": 393,
        "Non-adjusted EPS": 393,
        "PE": 16.0,
        "Book Price": 15
      }
    },
    {
      "quarter": "Q1 2015",
      "income status": {
        "Net sales": 136142,
        "Cost of goods sold": 117720,
        "Gross Profit": 18422,
        "Financial expenses": 3665,
        "Of which: Interest expense": 3633,
        "Cost of sales": 595,
        "Enterprise cost management": 9287,
        "Total Operating Expenses": 13547,
        "Total revenue financing activities": 362,
        "Net profit from business activities": 5236,
        "Profit": -268,
        "Profit before tax": 4968,
        "Present corporate income tax expenses": 1386,
        "Deferred income taxes expenses": "N/A",
        "The interests of minority shareholders": "N/A",
        "Total Cost of profits": 1386,
        "Profit after tax corporate income": 3582,
        "Volume": 14423536,
        "Close of Quarter": 6.6,
        "EPS": 594,
        "Non-adjusted EPS": 594,
        "PE": 11.1,
        "Book Price": 15
      }
    },
    {
      "quarter": "Q4 2014",
      "income status": {
        "Net sales": 186334,
        "Cost of goods sold": 165954,
        "Gross Profit": 20380,
        "Financial expenses": 5026,
        "Of which: Interest expense": 6363,
        "Cost of sales": 954,
        "Enterprise cost management": 17295,
        "Total Operating Expenses": 23275,
        "Total revenue financing activities": 1030,
        "Net profit from business activities": -1866,
        "Profit": 495,
        "Profit before tax": -1371,
        "Present corporate income tax expenses": 1848,
        "Deferred income taxes expenses": "N/A",
        "The interests of minority shareholders": -1864,
        "Total Cost of profits": -16,
        "Profit after tax corporate income": -1355,
        "Volume": 12000000,
        "Close of Quarter": 6.7,
        "EPS": 551.6,
        "Non-adjusted EPS": 663,
        "PE": 10.1,
        "Book Price": 14.8
      }
    },
    {
      "quarter": "Q3 2014",
      "income status": {
        "Net sales": 137919,
        "Cost of goods sold": 120227,
        "Gross Profit": 17692,
        "Financial expenses": 3133,
        "Of which: Interest expense": 3133,
        "Cost of sales": 965,
        "Enterprise cost management": 9502,
        "Total Operating Expenses": 13600,
        "Total revenue financing activities": 178,
        "Net profit from business activities": 4270,
        "Profit": -31,
        "Profit before tax": 4240,
        "Present corporate income tax expenses": 1338,
        "Deferred income taxes expenses": "N/A",
        "The interests of minority shareholders": "N/A",
        "Total Cost of profits": 1338,
        "Profit after tax corporate income": 2902,
        "Volume": 12000000,
        "Close of Quarter": 6.2,
        "EPS": 820.3,
        "Non-adjusted EPS": 986,
        "PE": 6.3,
        "Book Price": 15.8
      }
    },
    {
      "quarter": "Q2 2014",
      "income status": {
        "Net sales": 170415,
        "Cost of goods sold": 144090,
        "Gross Profit": 26325,
        "Financial expenses": 7413,
        "Of which: Interest expense": 5762,
        "Cost of sales": 1620,
        "Enterprise cost management": 13965,
        "Total Operating Expenses": 22998,
        "Total revenue financing activities": 977,
        "Net profit from business activities": 4304,
        "Profit": 15,
        "Profit before tax": 4319,
        "Present corporate income tax expenses": 1022,
        "Deferred income taxes expenses": "N/A",
        "The interests of minority shareholders": -141,
        "Total Cost of profits": 881,
        "Profit after tax corporate income": 3438,
        "Volume": 12000000,
        "Close of Quarter": 6.0,
        "EPS": 682.2,
        "Non-adjusted EPS": 820,
        "PE": 7.4,
        "Book Price": 15.6
      }
    },
    {
      "quarter": "Q1 2014",
      "income status": {
        "Net sales": 149623,
        "Cost of goods sold": 130000,
        "Gross Profit": 19624,
        "Financial expenses": 3350,
        "Of which: Interest expense": 3350,
        "Cost of sales": 2454,
        "Enterprise cost management": 9655,
        "Total Operating Expenses": 15459,
        "Total revenue financing activities": 129,
        "Net profit from business activities": 4293,
        "Profit": -41,
        "Profit before tax": 4253,
        "Present corporate income tax expenses": 1076,
        "Deferred income taxes expenses": "N/A",
        "The interests of minority shareholders": 206,
        "Total Cost of profits": 1282,
        "Profit after tax corporate income": 2971,
        "Volume": 12000000,
        "Close of Quarter": 7.7,
        "EPS": 553.3,
        "Non-adjusted EPS": 665,
        "PE": 11.6,
        "Book Price": 15.6
      }
    },
    {
      "quarter": "Q4 2013",
      "income status": {
        "Net sales": 194739,
        "Cost of goods sold": 160241,
        "Gross Profit": 34498,
        "Financial expenses": 7154,
        "Of which: Interest expense": 8135,
        "Cost of sales": 3797,
        "Enterprise cost management": 16291,
        "Total Operating Expenses": 27242,
        "Total revenue financing activities": -678,
        "Net profit from business activities": 6578,
        "Profit": -854,
        "Profit before tax": 5724,
        "Present corporate income tax expenses": 2520,
        "Deferred income taxes expenses": "N/A",
        "The interests of minority shareholders": 680,
        "Total Cost of profits": 3200,
        "Profit after tax corporate income": 2523,
        "Volume": 12000000,
        "Close of Quarter": 6.9,
        "EPS": 556.6,
        "Non-adjusted EPS": 669,
        "PE": 10.4,
        "Book Price": 13.6
      }
    },
    {
      "quarter": "Q3 2013",
      "income status": {
        "Net sales": 99562,
        "Cost of goods sold": 82560,
        "Gross Profit": 17002,
        "Financial expenses": 3414,
        "Of which: Interest expense": 3414,
        "Cost of sales": 1769,
        "Enterprise cost management": 10435,
        "Total Operating Expenses": 15618,
        "Total revenue financing activities": 60,
        "Net profit from business activities": 1443,
        "Profit": -13,
        "Profit before tax": 1430,
        "Present corporate income tax expenses": 361,
        "Deferred income taxes expenses": "N/A",
        "The interests of minority shareholders": 161,
        "Total Cost of profits": 522,
        "Profit after tax corporate income": 907,
        "Volume": 12000000,
        "Close of Quarter": 3.8,
        "EPS": 827.8,
        "Non-adjusted EPS": 995,
        "PE": 3.8,
        "Book Price": 13.7
      }
    },
    {
      "quarter": "Q2 2013",
      "income status": {
        "Net sales": 155958,
        "Cost of goods sold": 128173,
        "Gross Profit": 27785,
        "Financial expenses": 6414,
        "Of which: Interest expense": 4840,
        "Cost of sales": 2795,
        "Enterprise cost management": 9531,
        "Total Operating Expenses": 18740,
        "Total revenue financing activities": -3453,
        "Net profit from business activities": 5592,
        "Profit": -24,
        "Profit before tax": 5568,
        "Present corporate income tax expenses": 2784,
        "Deferred income taxes expenses": "N/A",
        "The interests of minority shareholders": 1201,
        "Total Cost of profits": 3985,
        "Profit after tax corporate income": 1584,
        "Volume": 12000000,
        "Close of Quarter": 4.3,
        "EPS": 872.7,
        "Non-adjusted EPS": 1049,
        "PE": 4.1,
        "Book Price": 13.6
      }
    },
    {
      "quarter": "Q1 2013",
      "income status": {
        "Net sales": 88087,
        "Cost of goods sold": 69077,
        "Gross Profit": 19011,
        "Financial expenses": 5095,
        "Of which: Interest expense": 5057,
        "Cost of sales": 2172,
        "Enterprise cost management": 11044,
        "Total Operating Expenses": 18311,
        "Total revenue financing activities": 4874,
        "Net profit from business activities": 5574,
        "Profit": -809,
        "Profit before tax": 4765,
        "Present corporate income tax expenses": 752,
        "Deferred income taxes expenses": "N/A",
        "The interests of minority shareholders": 1005,
        "Total Cost of profits": 1757,
        "Profit after tax corporate income": 3008,
        "Volume": 12000000,
        "Close of Quarter": 4.0,
        "EPS": 810.3,
        "Non-adjusted EPS": 974,
        "PE": 4.1,
        "Book Price": 13.4
      }
    },
    {
      "quarter": "Q4 2012",
      "income status": {
        "Net sales": 249322,
        "Cost of goods sold": 206123,
        "Gross Profit": 43199,
        "Financial expenses": 8556,
        "Of which: Interest expense": 7226,
        "Cost of sales": 3272,
        "Enterprise cost management": 14316,
        "Total Operating Expenses": 26144,
        "Total revenue financing activities": 326,
        "Net profit from business activities": 17380,
        "Profit": -2728,
        "Profit before tax": 14652,
        "Present corporate income tax expenses": 6265,
        "Deferred income taxes expenses": "N/A",
        "The interests of minority shareholders": 1944,
        "Total Cost of profits": 8209,
        "Profit after tax corporate income": 6443,
        "Volume": 12000000,
        "Close of Quarter": 3.7,
        "EPS": 813.7,
        "Non-adjusted EPS": 978,
        "PE": 3.8,
        "Book Price": 13.2
      }
    },
    {
      "quarter": "Q3 2012",
      "income status": {
        "Net sales": 83181,
        "Cost of goods sold": 64621,
        "Gross Profit": 18560,
        "Financial expenses": 4684,
        "Of which: Interest expense": 4682,
        "Cost of sales": 974,
        "Enterprise cost management": 10062,
        "Total Operating Expenses": 15720,
        "Total revenue financing activities": 2,
        "Net profit from business activities": 2843,
        "Profit": -9,
        "Profit before tax": 2834,
        "Present corporate income tax expenses": 742,
        "Deferred income taxes expenses": "N/A",
        "The interests of minority shareholders": 534,
        "Total Cost of profits": 1276,
        "Profit after tax corporate income": 1557,
        "Volume": 12000000,
        "Close of Quarter": 3.2,
        "EPS": 1074.9,
        "Non-adjusted EPS": 1292,
        "PE": 2.5,
        "Book Price": 12.7
      }
    },
    {
      "quarter": "Q2 2012",
      "income status": {
        "Net sales": 107927,
        "Cost of goods sold": 88648,
        "Gross Profit": 19279,
        "Financial expenses": 8576,
        "Of which: Interest expense": 7361,
        "Cost of sales": 1127,
        "Enterprise cost management": 7900,
        "Total Operating Expenses": 17603,
        "Total revenue financing activities": 1408,
        "Net profit from business activities": 3085,
        "Profit": 180,
        "Profit before tax": 3265,
        "Present corporate income tax expenses": -330,
        "Deferred income taxes expenses": "N/A",
        "The interests of minority shareholders": 2921,
        "Total Cost of profits": 2591,
        "Profit after tax corporate income": 674,
        "Volume": 12000000,
        "Close of Quarter": 4.6,
        "EPS": 1361.1,
        "Non-adjusted EPS": 1636,
        "PE": 2.8,
        "Book Price": 12.7
      }
    },
    {
      "quarter": "Q1 2012",
      "income status": {
        "Net sales": 89131,
        "Cost of goods sold": 78336,
        "Gross Profit": 10794,
        "Financial expenses": 2489,
        "Of which: Interest expense": 3661,
        "Cost of sales": 565,
        "Enterprise cost management": 6224,
        "Total Operating Expenses": 9278,
        "Total revenue financing activities": 1869,
        "Net profit from business activities": 3385,
        "Profit": 1533,
        "Profit before tax": 4919,
        "Present corporate income tax expenses": 1200,
        "Deferred income taxes expenses": "N/A",
        "The interests of minority shareholders": 660,
        "Total Cost of profits": 1860,
        "Profit after tax corporate income": 3059,
        "Volume": 12000000,
        "Close of Quarter": 4.5,
        "EPS": 2040.8,
        "Non-adjusted EPS": 2453,
        "PE": 1.8,
        "Book Price": 13.6
      }
    },
    {
      "quarter": "Q4 2011",
      "income status": {
        "Net sales": 189855,
        "Cost of goods sold": 143971,
        "Gross Profit": 45883,
        "Financial expenses": 10393,
        "Of which: Interest expense": 4863,
        "Cost of sales": 1920,
        "Enterprise cost management": 11385,
        "Total Operating Expenses": 23698,
        "Total revenue financing activities": -8219,
        "Net profit from business activities": 13967,
        "Profit": 15,
        "Profit before tax": 13982,
        "Present corporate income tax expenses": 3338,
        "Deferred income taxes expenses": "N/A",
        "The interests of minority shareholders": 433,
        "Total Cost of profits": 3771,
        "Profit after tax corporate income": 10211,
        "Volume": 12000000,
        "Close of Quarter": 3.0,
        "EPS": 2066.6,
        "Non-adjusted EPS": 2484,
        "PE": 1.2,
        "Book Price": 14.2
      }
    },
    {
      "quarter": "Q3 2011",
      "income status": {
        "Net sales": 148641,
        "Cost of goods sold": 125166,
        "Gross Profit": 23476,
        "Financial expenses": 12709,
        "Of which: Interest expense": 4428,
        "Cost of sales": 642,
        "Enterprise cost management": 10719,
        "Total Operating Expenses": 24070,
        "Total revenue financing activities": 9313,
        "Net profit from business activities": 8718,
        "Profit": -498,
        "Profit before tax": 8220,
        "Present corporate income tax expenses": 2105,
        "Deferred income taxes expenses": "N/A",
        "The interests of minority shareholders": 433,
        "Total Cost of profits": 2538,
        "Profit after tax corporate income": 5682,
        "Volume": 12000000,
        "Close of Quarter": 4.7,
        "EPS": 1678.1,
        "Non-adjusted EPS": 2017,
        "PE": 2.4,
        "Book Price": 13.6
      }
    },
    {
      "quarter": "Q2 2011",
      "income status": {
        "Net sales": 197049,
        "Cost of goods sold": 155437,
        "Gross Profit": 41611,
        "Financial expenses": 14816,
        "Of which: Interest expense": 7823,
        "Cost of sales": 1576,
        "Enterprise cost management": 17490,
        "Total Operating Expenses": 33882,
        "Total revenue financing activities": 10735,
        "Net profit from business activities": 18464,
        "Profit": -64,
        "Profit before tax": 18400,
        "Present corporate income tax expenses": 4550,
        "Deferred income taxes expenses": "N/A",
        "The interests of minority shareholders": 3364,
        "Total Cost of profits": 7914,
        "Profit after tax corporate income": 10486,
        "Volume": 12000000,
        "Close of Quarter": 4.8,
        "EPS": 1647.3,
        "Non-adjusted EPS": 1980,
        "PE": 2.4,
        "Book Price": 13.2
      }
    },
    {
      "quarter": "Q1 2011",
      "income status": {
        "Net sales": 68877,
        "Cost of goods sold": 56923,
        "Gross Profit": 11954,
        "Financial expenses": 2439,
        "Of which: Interest expense": 2435,
        "Cost of sales": 726,
        "Enterprise cost management": 8611,
        "Total Operating Expenses": 11776,
        "Total revenue financing activities": 6180,
        "Net profit from business activities": 6358,
        "Profit": 9,
        "Profit before tax": 6367,
        "Present corporate income tax expenses": 1607,
        "Deferred income taxes expenses": "N/A",
        "The interests of minority shareholders": 1336,
        "Total Cost of profits": 2943,
        "Profit after tax corporate income": 3424,
        "Volume": 12000000,
        "Close of Quarter": 6.9,
        "EPS": 1405.2,
        "Non-adjusted EPS": 1689,
        "PE": 4.1,
        "Book Price": 12.4
      }
    },
    {
      "quarter": "Q4 2010",
      "income status": {
        "Net sales": 120276,
        "Cost of goods sold": 98334,
        "Gross Profit": 21941,
        "Financial expenses": 8592,
        "Of which: Interest expense": 3319,
        "Cost of sales": 750,
        "Enterprise cost management": 7609,
        "Total Operating Expenses": 16951,
        "Total revenue financing activities": 2878,
        "Net profit from business activities": 7868,
        "Profit": -106,
        "Profit before tax": 7762,
        "Present corporate income tax expenses": 1489,
        "Deferred income taxes expenses": "N/A",
        "The interests of minority shareholders": 1657,
        "Total Cost of profits": 3146,
        "Profit after tax corporate income": 4616,
        "Volume": 7000000,
        "Close of Quarter": 10.0,
        "EPS": 1450.6,
        "Non-adjusted EPS": 2989,
        "PE": 3.3,
        "Book Price": 13.1
      }
    },
    {
      "quarter": "Q3 2010",
      "income status": {
        "Net sales": 158297,
        "Cost of goods sold": 140066,
        "Gross Profit": 18231,
        "Financial expenses": 794,
        "Of which: Interest expense": 788,
        "Cost of sales": 686,
        "Enterprise cost management": 7986,
        "Total Operating Expenses": 9466,
        "Total revenue financing activities": 861,
        "Net profit from business activities": 9625,
        "Profit": 83,
        "Profit before tax": 9708,
        "Present corporate income tax expenses": 3112,
        "Deferred income taxes expenses": "N/A",
        "The interests of minority shareholders": 1364,
        "Total Cost of profits": 4476,
        "Profit after tax corporate income": 5232,
        "Volume": 7000000,
        "Close of Quarter": 13.0,
        "EPS": 1262.8,
        "Non-adjusted EPS": 2602,
        "PE": 5.0,
        "Book Price": 9.8
      }
    },
    {
      "quarter": "Q2 2010",
      "income status": {
        "Net sales": 116292,
        "Cost of goods sold": 93244,
        "Gross Profit": 23048,
        "Financial expenses": 3575,
        "Of which: Interest expense": 3786,
        "Cost of sales": 799,
        "Enterprise cost management": 11196,
        "Total Operating Expenses": 15570,
        "Total revenue financing activities": 3968,
        "Net profit from business activities": 11446,
        "Profit": -21,
        "Profit before tax": 11425,
        "Present corporate income tax expenses": 2646,
        "Deferred income taxes expenses": "N/A",
        "The interests of minority shareholders": 1778,
        "Total Cost of profits": 4424,
        "Profit after tax corporate income": 7001,
        "Volume": 7000000,
        "Close of Quarter": 16.1,
        "EPS": 1162.8,
        "Non-adjusted EPS": 2396,
        "PE": 6.7,
        "Book Price": 9.3
      }
    },
    {
      "quarter": "Q1 2010",
      "income status": {
        "Net sales": 119718,
        "Cost of goods sold": 104533,
        "Gross Profit": 15184,
        "Financial expenses": 1626,
        "Of which: Interest expense": 1357,
        "Cost of sales": 688,
        "Enterprise cost management": 7601,
        "Total Operating Expenses": 9915,
        "Total revenue financing activities": 978,
        "Net profit from business activities": 6247,
        "Profit": "N/A",
        "Profit before tax": 6247,
        "Present corporate income tax expenses": 1372,
        "Deferred income taxes expenses": "N/A",
        "The interests of minority shareholders": 800,
        "Total Cost of profits": 2172,
        "Profit after tax corporate income": 4075,
        "Volume": 4853500,
        "Close of Quarter": 11.2,
        "EPS": 1074.8,
        "Non-adjusted EPS": 3194,
        "PE": 3.5,
        "Book Price": 9.0
      }
    },
    {
      "quarter": "Q4 2009",
      "income status": {
        "Net sales": 149350,
        "Cost of goods sold": 133338,
        "Gross Profit": 16011,
        "Financial expenses": 7060,
        "Of which: Interest expense": 2146,
        "Cost of sales": 656,
        "Enterprise cost management": 7255,
        "Total Operating Expenses": 14971,
        "Total revenue financing activities": 2240,
        "Net profit from business activities": 3280,
        "Profit": 957,
        "Profit before tax": 4237,
        "Present corporate income tax expenses": 1373,
        "Deferred income taxes expenses": "N/A",
        "The interests of minority shareholders": 955,
        "Total Cost of profits": 2328,
        "Profit after tax corporate income": 1909,
        "Volume": 4853500,
        "Close of Quarter": 14.1,
        "EPS": 1051.9,
        "Non-adjusted EPS": 3126,
        "PE": 4.5,
        "Book Price": 7.7
      }
    },
    {
      "quarter": "Q3 2009",
      "income status": {
        "Net sales": 139530,
        "Cost of goods sold": 126117,
        "Gross Profit": 13413,
        "Financial expenses": 766,
        "Of which: Interest expense": 611,
        "Cost of sales": 522,
        "Enterprise cost management": 7432,
        "Total Operating Expenses": 8720,
        "Total revenue financing activities": 2067,
        "Net profit from business activities": 6760,
        "Profit": -625,
        "Profit before tax": 6135,
        "Present corporate income tax expenses": 1390,
        "Deferred income taxes expenses": "N/A",
        "The interests of minority shareholders": 960,
        "Total Cost of profits": 2350,
        "Profit after tax corporate income": 3785,
        "Volume": 4853500,
        "Close of Quarter": 12.2,
        "EPS": 1040.5,
        "Non-adjusted EPS": 3092,
        "PE": 3.9,
        "Book Price": 7.5
      }
    },
    {
      "quarter": "Q2 2009",
      "income status": {
        "Net sales": 86068,
        "Cost of goods sold": 74821,
        "Gross Profit": 11246,
        "Financial expenses": 1282,
        "Of which: Interest expense": 2110,
        "Cost of sales": 393,
        "Enterprise cost management": 7008,
        "Total Operating Expenses": 8683,
        "Total revenue financing activities": 6391,
        "Net profit from business activities": 8953,
        "Profit": -1,
        "Profit before tax": 8953,
        "Present corporate income tax expenses": 2000,
        "Deferred income taxes expenses": "N/A",
        "The interests of minority shareholders": 1218,
        "Total Cost of profits": 3218,
        "Profit after tax corporate income": 5735,
        "Volume": 4853500,
        "Close of Quarter": 5.4,
        "EPS": 1400.5,
        "Non-adjusted EPS": 4162,
        "PE": 1.3,
        "Book Price": 7.1
      }
    },
    {
      "quarter": "Q1 2009",
      "income status": {
        "Net sales": 55919,
        "Cost of goods sold": 45772,
        "Gross Profit": 10146,
        "Financial expenses": 1222,
        "Of which: Interest expense": 909,
        "Cost of sales": "N/A",
        "Enterprise cost management": 4618,
        "Total Operating Expenses": 5840,
        "Total revenue financing activities": 822,
        "Net profit from business activities": 5128,
        "Profit": "N/A",
        "Profit before tax": 5128,
        "Present corporate income tax expenses": 380,
        "Deferred income taxes expenses": "N/A",
        "The interests of minority shareholders": 1006,
        "Total Cost of profits": 1386,
        "Profit after tax corporate income": 3742,
        "Volume": 4853500,
        "Close of Quarter": 4.1,
        "EPS": 1169,
        "Non-adjusted EPS": 3474,
        "PE": 1.2,
        "Book Price": 7.2
      }
    },
    {
      "quarter": "Q4 2008",
      "income status": {
        "Net sales": 92987,
        "Cost of goods sold": 80154,
        "Gross Profit": 12833,
        "Financial expenses": 6690,
        "Of which: Interest expense": 6283,
        "Cost of sales": "N/A",
        "Enterprise cost management": 5915,
        "Total Operating Expenses": 12605,
        "Total revenue financing activities": 828,
        "Net profit from business activities": 1056,
        "Profit": 885,
        "Profit before tax": 1940,
        "Present corporate income tax expenses": 196,
        "Deferred income taxes expenses": "N/A",
        "The interests of minority shareholders": "N/A",
        "Total Cost of profits": 196,
        "Profit after tax corporate income": 1744,
        "Volume": 4853500,
        "Close of Quarter": 5,
        "EPS": 1222.5,
        "Non-adjusted EPS": 3633,
        "PE": 1.4,
        "Book Price": 7.3
      }
    },
    {
      "quarter": "Q3 2008",
      "income status": {
        "Net sales": 60955,
        "Cost of goods sold": 50996,
        "Gross Profit": 9958,
        "Financial expenses": 1384,
        "Of which: Interest expense": 1960,
        "Cost of sales": "N/A",
        "Enterprise cost management": 4579,
        "Total Operating Expenses": 5963,
        "Total revenue financing activities": 4992,
        "Net profit from business activities": 8987,
        "Profit": -38,
        "Profit before tax": 10609,
        "Present corporate income tax expenses": 1632,
        "Deferred income taxes expenses": "N/A",
        "The interests of minority shareholders": "N/A",
        "Total Cost of profits": 1632,
        "Profit after tax corporate income": 8977,
        "Volume": 3500000,
        "Close of Quarter": 7.4,
        "EPS": 2650.8,
        "Non-adjusted EPS": 10924,
        "PE": 0.7,
        "Book Price": 5.1
      }
    },
    {
      "quarter": "Q2 2008",
      "income status": {
        "Net sales": 62668,
        "Cost of goods sold": 54601,
        "Gross Profit": 8067,
        "Financial expenses": 4160,
        "Of which: Interest expense": 4160,
        "Cost of sales": 367,
        "Enterprise cost management": 4027,
        "Total Operating Expenses": 8554,
        "Total revenue financing activities": 3130,
        "Net profit from business activities": 2642,
        "Profit": 107,
        "Profit before tax": 2749,
        "Present corporate income tax expenses": 352,
        "Deferred income taxes expenses": "N/A",
        "The interests of minority shareholders": "N/A",
        "Total Cost of profits": 352,
        "Profit after tax corporate income": 2397,
        "Volume": 3500000,
        "Close of Quarter": 7.5,
        "EPS": 2028.4,
        "Non-adjusted EPS": 8359,
        "PE": 0.9,
        "Book Price": 4.7
      }
    },
    {
      "quarter": "Q1 2008",
      "income status": {
        "Net sales": 66989,
        "Cost of goods sold": 57636,
        "Gross Profit": 9353,
        "Financial expenses": 3584,
        "Of which: Interest expense": "N/A",
        "Cost of sales": 260,
        "Enterprise cost management": 3832,
        "Total Operating Expenses": 7676,
        "Total revenue financing activities": 3260,
        "Net profit from business activities": 4936,
        "Profit": -203,
        "Profit before tax": 4734,
        "Present corporate income tax expenses": "N/A",
        "Deferred income taxes expenses": "N/A",
        "The interests of minority shareholders": 220,
        "Total Cost of profits": 220,
        "Profit after tax corporate income": 4514,
        "Volume": 3500000,
        "Close of Quarter": 16.0,
        "EPS": 1862.2,
        "Non-adjusted EPS": 7674,
        "PE": 2.1,
        "Book Price": 5.0
      }
    },
    {
      "quarter": "Q4 2007",
      "income status": {
        "Net sales": 132722,
        "Cost of goods sold": 124015,
        "Gross Profit": 8708,
        "Financial expenses": 2135,
        "Of which: Interest expense": "N/A",
        "Cost of sales": 265,
        "Enterprise cost management": 5436,
        "Total Operating Expenses": 7836,
        "Total revenue financing activities": 23588,
        "Net profit from business activities": 24459,
        "Profit": -511,
        "Profit before tax": 23948,
        "Present corporate income tax expenses": 574,
        "Deferred income taxes expenses": "N/A",
        "The interests of minority shareholders": 1029,
        "Total Cost of profits": 1603,
        "Profit after tax corporate income": 22346,
        "Volume": 3500000,
        "Close of Quarter": 34.1,
        "EPS": 1549.4,
        "Non-adjusted EPS": 6385,
        "PE": 5.3,
        "Book Price": 4.7
      }
    }
  ]
}