{
  "ticker": "CT6",
  "data": [
    {
      "quarter": "Q1 2017",
      "income status": {
        "Net sales": 19378,
        "Cost of goods sold": 17800,
        "Gross Profit": 1578,
        "Financial expenses": 1149,
        "Of which: Interest expense": 1133,
        "Cost of sales": 262,
        "Enterprise cost management": 3516,
        "Total Operating Expenses": 4927,
        "Total revenue financing activities": 7,
        "Net profit from business activities": -3342,
        "Profit": 265,
        "Profit before tax": -3077,
        "Present corporate income tax expenses": "N/A",
        "Deferred income taxes expenses": "N/A",
        "The interests of minority shareholders": "N/A",
        "Total Cost of profits": 0,
        "Profit after tax corporate income": -3077,
        "Volume": 6108078,
        "Close of Quarter": 3.9,
        "EPS": 400,
        "Non-adjusted EPS": 400,
        "PE": 9.8,
        "Book Price": 11.2
      }
    },
    {
      "quarter": "Q4 2016",
      "income status": {
        "Net sales": 118455,
        "Cost of goods sold": 107150,
        "Gross Profit": 11305,
        "Financial expenses": 1971,
        "Of which: Interest expense": 1871,
        "Cost of sales": 342,
        "Enterprise cost management": 4004,
        "Total Operating Expenses": 6317,
        "Total revenue financing activities": 2,
        "Net profit from business activities": 4990,
        "Profit": 9099,
        "Profit before tax": 14088,
        "Present corporate income tax expenses": 1325,
        "Deferred income taxes expenses": -1,
        "The interests of minority shareholders": "N/A",
        "Total Cost of profits": 1324,
        "Profit after tax corporate income": 12764,
        "Volume": 6108078,
        "Close of Quarter": 3.9,
        "EPS": 254,
        "Non-adjusted EPS": 254,
        "PE": 15.4,
        "Book Price": 11.7
      }
    },
    {
      "quarter": "Q3 2016",
      "income status": {
        "Net sales": 23799,
        "Cost of goods sold": 21631,
        "Gross Profit": 2169,
        "Financial expenses": 1572,
        "Of which: Interest expense": 1572,
        "Cost of sales": 285,
        "Enterprise cost management": 2694,
        "Total Operating Expenses": 4551,
        "Total revenue financing activities": 3,
        "Net profit from business activities": -2379,
        "Profit": -279,
        "Profit before tax": -2658,
        "Present corporate income tax expenses": "N/A",
        "Deferred income taxes expenses": 2,
        "The interests of minority shareholders": "N/A",
        "Total Cost of profits": 2,
        "Profit after tax corporate income": -2660,
        "Volume": 6108078,
        "Close of Quarter": 4.8,
        "EPS": 638,
        "Non-adjusted EPS": 638,
        "PE": 7.5,
        "Book Price": 9.6
      }
    },
    {
      "quarter": "Q2 2016",
      "income status": {
        "Net sales": 32585,
        "Cost of goods sold": 30879,
        "Gross Profit": 1707,
        "Financial expenses": 1936,
        "Of which: Interest expense": 1907,
        "Cost of sales": 202,
        "Enterprise cost management": 3966,
        "Total Operating Expenses": 6104,
        "Total revenue financing activities": 7,
        "Net profit from business activities": -4390,
        "Profit": 366,
        "Profit before tax": -4024,
        "Present corporate income tax expenses": 49,
        "Deferred income taxes expenses": -1,
        "The interests of minority shareholders": 510,
        "Total Cost of profits": 558,
        "Profit after tax corporate income": -4582,
        "Volume": 6108078,
        "Close of Quarter": 7.7,
        "EPS": -162,
        "Non-adjusted EPS": -162,
        "PE": -47.3,
        "Book Price": 10.1
      }
    },
    {
      "quarter": "Q1 2016",
      "income status": {
        "Net sales": 14564,
        "Cost of goods sold": 13496,
        "Gross Profit": 1067,
        "Financial expenses": 1685,
        "Of which: Interest expense": 1685,
        "Cost of sales": 175,
        "Enterprise cost management": 3768,
        "Total Operating Expenses": 5628,
        "Total revenue financing activities": 11,
        "Net profit from business activities": -4549,
        "Profit": 70,
        "Profit before tax": -4479,
        "Present corporate income tax expenses": "N/A",
        "Deferred income taxes expenses": "N/A",
        "The interests of minority shareholders": -510,
        "Total Cost of profits": -510,
        "Profit after tax corporate income": -3969,
        "Volume": 6108078,
        "Close of Quarter": 7.2,
        "EPS": 83,
        "Non-adjusted EPS": 83,
        "PE": 87.0,
        "Book Price": 11.4
      }
    },
    {
      "quarter": "Q4 2015",
      "income status": {
        "Net sales": 164577,
        "Cost of goods sold": 143774,
        "Gross Profit": 20802,
        "Financial expenses": 2456,
        "Of which: Interest expense": 2449,
        "Cost of sales": 179,
        "Enterprise cost management": 3221,
        "Total Operating Expenses": 5856,
        "Total revenue financing activities": 6,
        "Net profit from business activities": 14952,
        "Profit": 662,
        "Profit before tax": 15615,
        "Present corporate income tax expenses": 505,
        "Deferred income taxes expenses": -1,
        "The interests of minority shareholders": "N/A",
        "Total Cost of profits": 504,
        "Profit after tax corporate income": 15110,
        "Volume": 6108078,
        "Close of Quarter": 7.2,
        "EPS": 172,
        "Non-adjusted EPS": 172,
        "PE": 42.0,
        "Book Price": 12.2
      }
    },
    {
      "quarter": "Q3 2015",
      "income status": {
        "Net sales": 38697,
        "Cost of goods sold": 36788,
        "Gross Profit": 1910,
        "Financial expenses": 2558,
        "Of which: Interest expense": 2517,
        "Cost of sales": 209,
        "Enterprise cost management": 6245,
        "Total Operating Expenses": 9012,
        "Total revenue financing activities": 7,
        "Net profit from business activities": -7095,
        "Profit": -455,
        "Profit before tax": -7550,
        "Present corporate income tax expenses": "N/A",
        "Deferred income taxes expenses": 1,
        "The interests of minority shareholders": "N/A",
        "Total Cost of profits": 1,
        "Profit after tax corporate income": -7551,
        "Volume": 6108078,
        "Close of Quarter": 6.8,
        "EPS": -1120,
        "Non-adjusted EPS": -1120,
        "PE": -6.1,
        "Book Price": 9.7
      }
    },
    {
      "quarter": "Q2 2015",
      "income status": {
        "Net sales": 19527,
        "Cost of goods sold": 17796,
        "Gross Profit": 1731,
        "Financial expenses": 3054,
        "Of which: Interest expense": 3026,
        "Cost of sales": 163,
        "Enterprise cost management": 1711,
        "Total Operating Expenses": 4928,
        "Total revenue financing activities": 9,
        "Net profit from business activities": -3188,
        "Profit": 62,
        "Profit before tax": -3126,
        "Present corporate income tax expenses": "N/A",
        "Deferred income taxes expenses": "N/A",
        "The interests of minority shareholders": -40,
        "Total Cost of profits": -40,
        "Profit after tax corporate income": -3086,
        "Volume": 6108078,
        "Close of Quarter": 7.5,
        "EPS": 899,
        "Non-adjusted EPS": 899,
        "PE": 8.3,
        "Book Price": 10.9
      }
    },
    {
      "quarter": "Q1 2015",
      "income status": {
        "Net sales": 27873,
        "Cost of goods sold": 27838,
        "Gross Profit": 35,
        "Financial expenses": 2361,
        "Of which: Interest expense": 2354,
        "Cost of sales": 250,
        "Enterprise cost management": 882,
        "Total Operating Expenses": 3493,
        "Total revenue financing activities": 16,
        "Net profit from business activities": -3442,
        "Profit": 57,
        "Profit before tax": -3385,
        "Present corporate income tax expenses": "N/A",
        "Deferred income taxes expenses": "N/A",
        "The interests of minority shareholders": 40,
        "Total Cost of profits": 40,
        "Profit after tax corporate income": -3425,
        "Volume": 6108078,
        "Close of Quarter": 6.5,
        "EPS": 1009,
        "Non-adjusted EPS": 1009,
        "PE": 6.4,
        "Book Price": 12.6
      }
    },
    {
      "quarter": "Q4 2014",
      "income status": {
        "Net sales": 127535,
        "Cost of goods sold": 110616,
        "Gross Profit": 16919,
        "Financial expenses": 3288,
        "Of which: Interest expense": 3278,
        "Cost of sales": 290,
        "Enterprise cost management": 4775,
        "Total Operating Expenses": 8353,
        "Total revenue financing activities": 10,
        "Net profit from business activities": 8576,
        "Profit": 648,
        "Profit before tax": 9223,
        "Present corporate income tax expenses": 2004,
        "Deferred income taxes expenses": 1,
        "The interests of minority shareholders": "N/A",
        "Total Cost of profits": 2005,
        "Profit after tax corporate income": 7218,
        "Volume": 6108078,
        "Close of Quarter": 6.4,
        "EPS": 1173,
        "Non-adjusted EPS": 1173,
        "PE": 5.4,
        "Book Price": 13.2
      }
    },
    {
      "quarter": "Q3 2014",
      "income status": {
        "Net sales": 89489,
        "Cost of goods sold": 74122,
        "Gross Profit": 15367,
        "Financial expenses": 3250,
        "Of which: Interest expense": 3235,
        "Cost of sales": 207,
        "Enterprise cost management": 7165,
        "Total Operating Expenses": 10622,
        "Total revenue financing activities": 9,
        "Net profit from business activities": 4754,
        "Profit": 30,
        "Profit before tax": 4784,
        "Present corporate income tax expenses": "N/A",
        "Deferred income taxes expenses": "N/A",
        "The interests of minority shareholders": "N/A",
        "Total Cost of profits": 0,
        "Profit after tax corporate income": 4784,
        "Volume": 6108078,
        "Close of Quarter": 5.7,
        "EPS": 1939,
        "Non-adjusted EPS": 1939,
        "PE": 3.0,
        "Book Price": 12
      }
    },
    {
      "quarter": "Q2 2014",
      "income status": {
        "Net sales": 74223,
        "Cost of goods sold": 69834,
        "Gross Profit": 4389,
        "Financial expenses": 3193,
        "Of which: Interest expense": 3169,
        "Cost of sales": 123,
        "Enterprise cost management": 3569,
        "Total Operating Expenses": 6885,
        "Total revenue financing activities": 10,
        "Net profit from business activities": -2486,
        "Profit": 70,
        "Profit before tax": -2416,
        "Present corporate income tax expenses": -1,
        "Deferred income taxes expenses": 1,
        "The interests of minority shareholders": "N/A",
        "Total Cost of profits": 0,
        "Profit after tax corporate income": -2416,
        "Volume": 6108078,
        "Close of Quarter": 6.0,
        "EPS": 1230,
        "Non-adjusted EPS": 1230,
        "PE": 4.8,
        "Book Price": 11.2
      }
    },
    {
      "quarter": "Q1 2014",
      "income status": {
        "Net sales": 7528,
        "Cost of goods sold": 6755,
        "Gross Profit": 773,
        "Financial expenses": 2761,
        "Of which: Interest expense": 2750,
        "Cost of sales": 103,
        "Enterprise cost management": 546,
        "Total Operating Expenses": 3410,
        "Total revenue financing activities": 34,
        "Net profit from business activities": -2603,
        "Profit": 181,
        "Profit before tax": -2423,
        "Present corporate income tax expenses": 1,
        "Deferred income taxes expenses": "N/A",
        "The interests of minority shareholders": "N/A",
        "Total Cost of profits": 1,
        "Profit after tax corporate income": -2424,
        "Volume": 6108078,
        "Close of Quarter": 7.3,
        "EPS": 1637,
        "Non-adjusted EPS": 1637,
        "PE": 4.5,
        "Book Price": 13
      }
    },
    {
      "quarter": "Q4 2013",
      "income status": {
        "Net sales": 222644,
        "Cost of goods sold": 191296,
        "Gross Profit": 31348,
        "Financial expenses": 2915,
        "Of which: Interest expense": 2883,
        "Cost of sales": 117,
        "Enterprise cost management": 14065,
        "Total Operating Expenses": 17097,
        "Total revenue financing activities": 8,
        "Net profit from business activities": 14259,
        "Profit": 1050,
        "Profit before tax": 15309,
        "Present corporate income tax expenses": 3413,
        "Deferred income taxes expenses": -1,
        "The interests of minority shareholders": "N/A",
        "Total Cost of profits": 3412,
        "Profit after tax corporate income": 11898,
        "Volume": 6108078,
        "Close of Quarter": 3.6,
        "EPS": 1679,
        "Non-adjusted EPS": 1679,
        "PE": 2.2,
        "Book Price": 13.4
      }
    },
    {
      "quarter": "Q3 2013",
      "income status": {
        "Net sales": 47461,
        "Cost of goods sold": 43134,
        "Gross Profit": 4327,
        "Financial expenses": 1691,
        "Of which: Interest expense": 1671,
        "Cost of sales": 108,
        "Enterprise cost management": 2262,
        "Total Operating Expenses": 4061,
        "Total revenue financing activities": 14,
        "Net profit from business activities": 280,
        "Profit": 174,
        "Profit before tax": 455,
        "Present corporate income tax expenses": "N/A",
        "Deferred income taxes expenses": -2,
        "The interests of minority shareholders": "N/A",
        "Total Cost of profits": -2,
        "Profit after tax corporate income": 456,
        "Volume": 6108078,
        "Close of Quarter": 4.2,
        "EPS": 588,
        "Non-adjusted EPS": 588,
        "PE": 7.1,
        "Book Price": 11.5
      }
    },
    {
      "quarter": "Q2 2013",
      "income status": {
        "Net sales": 26192,
        "Cost of goods sold": 23932,
        "Gross Profit": 2260,
        "Financial expenses": 1051,
        "Of which: Interest expense": 1020,
        "Cost of sales": 109,
        "Enterprise cost management": 1165,
        "Total Operating Expenses": 2325,
        "Total revenue financing activities": 55,
        "Net profit from business activities": -10,
        "Profit": 77,
        "Profit before tax": 67,
        "Present corporate income tax expenses": "N/A",
        "Deferred income taxes expenses": "N/A",
        "The interests of minority shareholders": "N/A",
        "Total Cost of profits": 0,
        "Profit after tax corporate income": 67,
        "Volume": 6108078,
        "Close of Quarter": 4.6,
        "EPS": 631,
        "Non-adjusted EPS": 631,
        "PE": 7.3,
        "Book Price": 11.4
      }
    },
    {
      "quarter": "Q1 2013",
      "income status": {
        "Net sales": 18080,
        "Cost of goods sold": 17581,
        "Gross Profit": 499,
        "Financial expenses": 1744,
        "Of which: Interest expense": 1744,
        "Cost of sales": 42,
        "Enterprise cost management": 971,
        "Total Operating Expenses": 2757,
        "Total revenue financing activities": 38,
        "Net profit from business activities": -2220,
        "Profit": 55,
        "Profit before tax": -2165,
        "Present corporate income tax expenses": "N/A",
        "Deferred income taxes expenses": -1,
        "The interests of minority shareholders": "N/A",
        "Total Cost of profits": -1,
        "Profit after tax corporate income": -2164,
        "Volume": 6108078,
        "Close of Quarter": 5.4,
        "EPS": 641,
        "Non-adjusted EPS": 641,
        "PE": 8.4,
        "Book Price": 12.6
      }
    },
    {
      "quarter": "Q4 2012",
      "income status": {
        "Net sales": 196390,
        "Cost of goods sold": 177551,
        "Gross Profit": 18840,
        "Financial expenses": 2676,
        "Of which: Interest expense": 2637,
        "Cost of sales": 29,
        "Enterprise cost management": 10567,
        "Total Operating Expenses": 13272,
        "Total revenue financing activities": 41,
        "Net profit from business activities": 5609,
        "Profit": 813,
        "Profit before tax": 6421,
        "Present corporate income tax expenses": 1187,
        "Deferred income taxes expenses": "N/A",
        "The interests of minority shareholders": "N/A",
        "Total Cost of profits": 1187,
        "Profit after tax corporate income": 5234,
        "Volume": 6108078,
        "Close of Quarter": 3.9,
        "EPS": 656,
        "Non-adjusted EPS": 656,
        "PE": 5.9,
        "Book Price": 13
      }
    },
    {
      "quarter": "Q3 2012",
      "income status": {
        "Net sales": 48274,
        "Cost of goods sold": 45493,
        "Gross Profit": 2781,
        "Financial expenses": 1903,
        "Of which: Interest expense": 1857,
        "Cost of sales": 35,
        "Enterprise cost management": 1429,
        "Total Operating Expenses": 3367,
        "Total revenue financing activities": 105,
        "Net profit from business activities": -481,
        "Profit": 1197,
        "Profit before tax": 716,
        "Present corporate income tax expenses": "N/A",
        "Deferred income taxes expenses": "N/A",
        "The interests of minority shareholders": "N/A",
        "Total Cost of profits": 0,
        "Profit after tax corporate income": 716,
        "Volume": 6108078,
        "Close of Quarter": 3.9,
        "EPS": 1201,
        "Non-adjusted EPS": 1201,
        "PE": 3.2,
        "Book Price": 11.7
      }
    },
    {
      "quarter": "Q2 2012",
      "income status": {
        "Net sales": 55297,
        "Cost of goods sold": 51575,
        "Gross Profit": 3721,
        "Financial expenses": 2088,
        "Of which: Interest expense": 2088,
        "Cost of sales": 122,
        "Enterprise cost management": 1838,
        "Total Operating Expenses": 4048,
        "Total revenue financing activities": 438,
        "Net profit from business activities": 111,
        "Profit": 17,
        "Profit before tax": 128,
        "Present corporate income tax expenses": "N/A",
        "Deferred income taxes expenses": "N/A",
        "The interests of minority shareholders": "N/A",
        "Total Cost of profits": 0,
        "Profit after tax corporate income": 128,
        "Volume": 6108078,
        "Close of Quarter": 5.0,
        "EPS": 1757,
        "Non-adjusted EPS": 1757,
        "PE": 2.8,
        "Book Price": 11.6
      }
    },
    {
      "quarter": "Q1 2012",
      "income status": {
        "Net sales": 13549,
        "Cost of goods sold": 12772,
        "Gross Profit": 776,
        "Financial expenses": 2479,
        "Of which: Interest expense": 2410,
        "Cost of sales": 161,
        "Enterprise cost management": 324,
        "Total Operating Expenses": 2964,
        "Total revenue financing activities": 77,
        "Net profit from business activities": -2110,
        "Profit": 36,
        "Profit before tax": -2074,
        "Present corporate income tax expenses": "N/A",
        "Deferred income taxes expenses": "N/A",
        "The interests of minority shareholders": "N/A",
        "Total Cost of profits": 0,
        "Profit after tax corporate income": -2074,
        "Volume": 6108078,
        "Close of Quarter": 4.8,
        "EPS": 2546,
        "Non-adjusted EPS": 2546,
        "PE": 1.9,
        "Book Price": 13.7
      }
    },
    {
      "quarter": "Q4 2011",
      "income status": {
        "Net sales": 172940,
        "Cost of goods sold": 155076,
        "Gross Profit": 17864,
        "Financial expenses": 1532,
        "Of which: Interest expense": 1342,
        "Cost of sales": 249,
        "Enterprise cost management": 7634,
        "Total Operating Expenses": 9415,
        "Total revenue financing activities": 126,
        "Net profit from business activities": 8574,
        "Profit": 924,
        "Profit before tax": 9499,
        "Present corporate income tax expenses": 934,
        "Deferred income taxes expenses": "N/A",
        "The interests of minority shareholders": "N/A",
        "Total Cost of profits": 934,
        "Profit after tax corporate income": 8565,
        "Volume": 6108078,
        "Close of Quarter": 3.8,
        "EPS": 2601,
        "Non-adjusted EPS": 2601,
        "PE": 1.5,
        "Book Price": 14.1
      }
    },
    {
      "quarter": "Q3 2011",
      "income status": {
        "Net sales": 57383,
        "Cost of goods sold": 46575,
        "Gross Profit": 10808,
        "Financial expenses": 553,
        "Of which: Interest expense": 553,
        "Cost of sales": 236,
        "Enterprise cost management": 5141,
        "Total Operating Expenses": 5930,
        "Total revenue financing activities": 577,
        "Net profit from business activities": 5456,
        "Profit": 23,
        "Profit before tax": 5479,
        "Present corporate income tax expenses": 1369,
        "Deferred income taxes expenses": "N/A",
        "The interests of minority shareholders": "N/A",
        "Total Cost of profits": 1369,
        "Profit after tax corporate income": 4110,
        "Volume": 6108078,
        "Close of Quarter": 5.0,
        "EPS": 2455,
        "Non-adjusted EPS": 2455,
        "PE": 2.0,
        "Book Price": 12.7
      }
    },
    {
      "quarter": "Q2 2011",
      "income status": {
        "Net sales": 74977,
        "Cost of goods sold": 67402,
        "Gross Profit": 7575,
        "Financial expenses": 363,
        "Of which: Interest expense": 349,
        "Cost of sales": 374,
        "Enterprise cost management": 2095,
        "Total Operating Expenses": 2832,
        "Total revenue financing activities": 1133,
        "Net profit from business activities": 5875,
        "Profit": 63,
        "Profit before tax": 5938,
        "Present corporate income tax expenses": 990,
        "Deferred income taxes expenses": "N/A",
        "The interests of minority shareholders": "N/A",
        "Total Cost of profits": 990,
        "Profit after tax corporate income": 4948,
        "Volume": 6108078,
        "Close of Quarter": 4.5,
        "EPS": 2154,
        "Non-adjusted EPS": 2154,
        "PE": 2.1,
        "Book Price": 12
      }
    },
    {
      "quarter": "Q1 2011",
      "income status": {
        "Net sales": 26175,
        "Cost of goods sold": 24440,
        "Gross Profit": 1735,
        "Financial expenses": 2603,
        "Of which: Interest expense": 1548,
        "Cost of sales": 297,
        "Enterprise cost management": 606,
        "Total Operating Expenses": 3506,
        "Total revenue financing activities": 101,
        "Net profit from business activities": -1670,
        "Profit": 15,
        "Profit before tax": -1655,
        "Present corporate income tax expenses": 81,
        "Deferred income taxes expenses": 1,
        "The interests of minority shareholders": "N/A",
        "Total Cost of profits": 82,
        "Profit after tax corporate income": -1736,
        "Volume": 5176969,
        "Close of Quarter": 5.6,
        "EPS": 1716.3,
        "Non-adjusted EPS": 2025,
        "PE": 2.8,
        "Book Price": 11.4
      }
    },
    {
      "quarter": "Q4 2010",
      "income status": {
        "Net sales": 140959,
        "Cost of goods sold": 121990,
        "Gross Profit": 18969,
        "Financial expenses": 1229,
        "Of which: Interest expense": 1204,
        "Cost of sales": 312,
        "Enterprise cost management": 7448,
        "Total Operating Expenses": 8989,
        "Total revenue financing activities": 77,
        "Net profit from business activities": 10056,
        "Profit": 170,
        "Profit before tax": 10227,
        "Present corporate income tax expenses": 2553,
        "Deferred income taxes expenses": -1,
        "The interests of minority shareholders": "N/A",
        "Total Cost of profits": 2552,
        "Profit after tax corporate income": 7675,
        "Volume": 5176969,
        "Close of Quarter": 5.9,
        "EPS": 2202.8,
        "Non-adjusted EPS": 2599,
        "PE": 2.3,
        "Book Price": 11.8
      }
    },
    {
      "quarter": "Q3 2010",
      "income status": {
        "Net sales": 46637,
        "Cost of goods sold": 41475,
        "Gross Profit": 5162,
        "Financial expenses": 1125,
        "Of which: Interest expense": 1125,
        "Cost of sales": 267,
        "Enterprise cost management": 1577,
        "Total Operating Expenses": 2969,
        "Total revenue financing activities": 51,
        "Net profit from business activities": 2243,
        "Profit": 829,
        "Profit before tax": 3072,
        "Present corporate income tax expenses": 805,
        "Deferred income taxes expenses": "N/A",
        "The interests of minority shareholders": "N/A",
        "Total Cost of profits": 805,
        "Profit after tax corporate income": 2267,
        "Volume": 5176969,
        "Close of Quarter": 7.3,
        "EPS": 1334.9,
        "Non-adjusted EPS": 1575,
        "PE": 4.6,
        "Book Price": 10.5
      }
    },
    {
      "quarter": "Q2 2010",
      "income status": {
        "Net sales": 45682,
        "Cost of goods sold": 40428,
        "Gross Profit": 5254,
        "Financial expenses": 564,
        "Of which: Interest expense": 1159,
        "Cost of sales": 312,
        "Enterprise cost management": 2126,
        "Total Operating Expenses": 3002,
        "Total revenue financing activities": 260,
        "Net profit from business activities": 2511,
        "Profit": 524,
        "Profit before tax": 3035,
        "Present corporate income tax expenses": 759,
        "Deferred income taxes expenses": "N/A",
        "The interests of minority shareholders": "N/A",
        "Total Cost of profits": 759,
        "Profit after tax corporate income": 2276,
        "Volume": 4437401,
        "Close of Quarter": 8.7,
        "EPS": 1378.9,
        "Non-adjusted EPS": 1898,
        "PE": 4.6,
        "Book Price": 10.1
      }
    },
    {
      "quarter": "Q1 2010",
      "income status": {
        "Net sales": 63011,
        "Cost of goods sold": 59382,
        "Gross Profit": 3629,
        "Financial expenses": 595,
        "Of which: Interest expense": "N/A",
        "Cost of sales": 201,
        "Enterprise cost management": 1305,
        "Total Operating Expenses": 2101,
        "Total revenue financing activities": 90,
        "Net profit from business activities": 1618,
        "Profit": 32,
        "Profit before tax": 1650,
        "Present corporate income tax expenses": 412,
        "Deferred income taxes expenses": "N/A",
        "The interests of minority shareholders": "N/A",
        "Total Cost of profits": 412,
        "Profit after tax corporate income": 1238,
        "Volume": 4437401,
        "Close of Quarter": "N/A",
        "EPS": 1013.4,
        "Non-adjusted EPS": 1395,
        "PE": "N/A",
        "Book Price": 10.0
      }
    },
    {
      "quarter": "Q3 2009",
      "income status": {
        "Net sales": 69692,
        "Cost of goods sold": 63347,
        "Gross Profit": 6345,
        "Financial expenses": 306,
        "Of which: Interest expense": 303,
        "Cost of sales": 1314,
        "Enterprise cost management": 1785,
        "Total Operating Expenses": 3405,
        "Total revenue financing activities": 65,
        "Net profit from business activities": 3004,
        "Profit": 70,
        "Profit before tax": 3075,
        "Present corporate income tax expenses": 702,
        "Deferred income taxes expenses": "N/A",
        "The interests of minority shareholders": "N/A",
        "Total Cost of profits": 702,
        "Profit after tax corporate income": 2372,
        "Volume": 4437401,
        "Close of Quarter": "N/A",
        "EPS": 810.8,
        "Non-adjusted EPS": 1116,
        "PE": "N/A",
        "Book Price": "N/A"
      }
    },
    {
      "quarter": "Q2 2009",
      "income status": {
        "Net sales": 55880,
        "Cost of goods sold": 51180,
        "Gross Profit": 4699,
        "Financial expenses": 322,
        "Of which: Interest expense": 322,
        "Cost of sales": "N/A",
        "Enterprise cost management": 1523,
        "Total Operating Expenses": 1845,
        "Total revenue financing activities": 38,
        "Net profit from business activities": 2892,
        "Profit": 365,
        "Profit before tax": 3257,
        "Present corporate income tax expenses": 722,
        "Deferred income taxes expenses": "N/A",
        "The interests of minority shareholders": "N/A",
        "Total Cost of profits": 722,
        "Profit after tax corporate income": 2535,
        "Volume": 4437401,
        "Close of Quarter": "N/A",
        "EPS": 422.1,
        "Non-adjusted EPS": 581,
        "PE": "N/A",
        "Book Price": "N/A"
      }
    },
    {
      "quarter": "Q1 2009",
      "income status": {
        "Net sales": 20431,
        "Cost of goods sold": 17854,
        "Gross Profit": 2577,
        "Financial expenses": 445,
        "Of which: Interest expense": "N/A",
        "Cost of sales": 1211,
        "Enterprise cost management": 925,
        "Total Operating Expenses": 2581,
        "Total revenue financing activities": 70,
        "Net profit from business activities": 65,
        "Profit": 19,
        "Profit before tax": 84,
        "Present corporate income tax expenses": 40,
        "Deferred income taxes expenses": "N/A",
        "The interests of minority shareholders": "N/A",
        "Total Cost of profits": 40,
        "Profit after tax corporate income": 44,
        "Volume": 4437401,
        "Close of Quarter": "N/A",
        "EPS": 7.3,
        "Non-adjusted EPS": 10,
        "PE": "N/A",
        "Book Price": "N/A"
      }
    }
  ]
}