{
  "ticker": "MDC",
  "data": [
    {
      "quarter": "Q1 2017",
      "income status": {
        "Net sales": 313759,
        "Cost of goods sold": 269365,
        "Gross Profit": 44394,
        "Financial expenses": 14945,
        "Of which: Interest expense": 14945,
        "Cost of sales": 3415,
        "Enterprise cost management": 23369,
        "Total Operating Expenses": 41729,
        "Total revenue financing activities": 115,
        "Net profit from business activities": 2780,
        "Profit": "N/A",
        "Profit before tax": 2780,
        "Present corporate income tax expenses": 556,
        "Deferred income taxes expenses": "N/A",
        "The interests of minority shareholders": "N/A",
        "Total Cost of profits": 556,
        "Profit after tax corporate income": 2224,
        "Volume": 21418346,
        "Close of Quarter": 4.8,
        "EPS": 888,
        "Non-adjusted EPS": 888,
        "PE": 5.4,
        "Book Price": 11.5
      }
    },
    {
      "quarter": "Q4 2016",
      "income status": {
        "Net sales": 478522,
        "Cost of goods sold": 386936,
        "Gross Profit": 91586,
        "Financial expenses": 14844,
        "Of which: Interest expense": 12976,
        "Cost of sales": 5485,
        "Enterprise cost management": 45208,
        "Total Operating Expenses": 65537,
        "Total revenue financing activities": 443,
        "Net profit from business activities": 26492,
        "Profit": 388,
        "Profit before tax": 26880,
        "Present corporate income tax expenses": 5488,
        "Deferred income taxes expenses": "N/A",
        "The interests of minority shareholders": "N/A",
        "Total Cost of profits": 5488,
        "Profit after tax corporate income": 21392,
        "Volume": 21418346,
        "Close of Quarter": 5.2,
        "EPS": 1026,
        "Non-adjusted EPS": 1026,
        "PE": 5.1,
        "Book Price": 10.5
      }
    },
    {
      "quarter": "Q3 2016",
      "income status": {
        "Net sales": 358136,
        "Cost of goods sold": 306276,
        "Gross Profit": 51860,
        "Financial expenses": 12297,
        "Of which: Interest expense": 12297,
        "Cost of sales": 4349,
        "Enterprise cost management": 36845,
        "Total Operating Expenses": 53491,
        "Total revenue financing activities": 25,
        "Net profit from business activities": -1606,
        "Profit": 172,
        "Profit before tax": -1434,
        "Present corporate income tax expenses": -287,
        "Deferred income taxes expenses": "N/A",
        "The interests of minority shareholders": "N/A",
        "Total Cost of profits": -287,
        "Profit after tax corporate income": -1147,
        "Volume": 15083952,
        "Close of Quarter": 6.3,
        "EPS": 1610.6,
        "Non-adjusted EPS": 2287,
        "PE": 2.8,
        "Book Price": 10.5
      }
    },
    {
      "quarter": "Q2 2016",
      "income status": {
        "Net sales": 317103,
        "Cost of goods sold": 274064,
        "Gross Profit": 43039,
        "Financial expenses": 13206,
        "Of which: Interest expense": 9319,
        "Cost of sales": 3289,
        "Enterprise cost management": 29159,
        "Total Operating Expenses": 45654,
        "Total revenue financing activities": 23,
        "Net profit from business activities": -2591,
        "Profit": -1155,
        "Profit before tax": -3746,
        "Present corporate income tax expenses": -303,
        "Deferred income taxes expenses": "N/A",
        "The interests of minority shareholders": "N/A",
        "Total Cost of profits": -303,
        "Profit after tax corporate income": -3443,
        "Volume": 15083952,
        "Close of Quarter": 6.3,
        "EPS": -3824.8,
        "Non-adjusted EPS": -5431,
        "PE": -1.2,
        "Book Price": 10.5
      }
    },
    {
      "quarter": "Q1 2016",
      "income status": {
        "Net sales": 402056,
        "Cost of goods sold": 350835,
        "Gross Profit": 51221,
        "Financial expenses": 8694,
        "Of which: Interest expense": 8694,
        "Cost of sales": 3553,
        "Enterprise cost management": 31124,
        "Total Operating Expenses": 43371,
        "Total revenue financing activities": 93,
        "Net profit from business activities": 7943,
        "Profit": -1320,
        "Profit before tax": 6623,
        "Present corporate income tax expenses": 1457,
        "Deferred income taxes expenses": "N/A",
        "The interests of minority shareholders": "N/A",
        "Total Cost of profits": 1457,
        "Profit after tax corporate income": 5166,
        "Volume": 15083952,
        "Close of Quarter": 4.9,
        "EPS": -4107.9,
        "Non-adjusted EPS": -5833,
        "PE": -0.8,
        "Book Price": 10.7
      }
    },
    {
      "quarter": "Q4 2015",
      "income status": {
        "Net sales": 348099,
        "Cost of goods sold": 275135,
        "Gross Profit": 72964,
        "Financial expenses": 5940,
        "Of which: Interest expense": 8423,
        "Cost of sales": 3900,
        "Enterprise cost management": 29822,
        "Total Operating Expenses": 39662,
        "Total revenue financing activities": 38,
        "Net profit from business activities": 33341,
        "Profit": 574,
        "Profit before tax": 33915,
        "Present corporate income tax expenses": "N/A",
        "Deferred income taxes expenses": "N/A",
        "The interests of minority shareholders": "N/A",
        "Total Cost of profits": 0,
        "Profit after tax corporate income": 33915,
        "Volume": 15083952,
        "Close of Quarter": 5.9,
        "EPS": -4725.5,
        "Non-adjusted EPS": -6710,
        "PE": -0.9,
        "Book Price": 5.7
      }
    },
    {
      "quarter": "Q3 2015",
      "income status": {
        "Net sales": 206344,
        "Cost of goods sold": 291280,
        "Gross Profit": -84936,
        "Financial expenses": 9524,
        "Of which: Interest expense": 9524,
        "Cost of sales": 1994,
        "Enterprise cost management": 22601,
        "Total Operating Expenses": 34119,
        "Total revenue financing activities": 44,
        "Net profit from business activities": -119010,
        "Profit": 1455,
        "Profit before tax": -117555,
        "Present corporate income tax expenses": "N/A",
        "Deferred income taxes expenses": "N/A",
        "The interests of minority shareholders": "N/A",
        "Total Cost of profits": 0,
        "Profit after tax corporate income": -117555,
        "Volume": 15083952,
        "Close of Quarter": 5.9,
        "EPS": -5224.9,
        "Non-adjusted EPS": -7419,
        "PE": -0.8,
        "Book Price": 3.9
      }
    },
    {
      "quarter": "Q2 2015",
      "income status": {
        "Net sales": 459688,
        "Cost of goods sold": 405677,
        "Gross Profit": 54010,
        "Financial expenses": 16996,
        "Of which: Interest expense": 11461,
        "Cost of sales": 5589,
        "Enterprise cost management": 40942,
        "Total Operating Expenses": 63527,
        "Total revenue financing activities": 29,
        "Net profit from business activities": -9487,
        "Profit": -27,
        "Profit before tax": -9514,
        "Present corporate income tax expenses": "N/A",
        "Deferred income taxes expenses": "N/A",
        "The interests of minority shareholders": "N/A",
        "Total Cost of profits": 0,
        "Profit after tax corporate income": -9514,
        "Volume": 15083952,
        "Close of Quarter": 6.4,
        "EPS": 363.4,
        "Non-adjusted EPS": 516,
        "PE": 12.5,
        "Book Price": 9.4
      }
    },
    {
      "quarter": "Q1 2015",
      "income status": {
        "Net sales": 397441,
        "Cost of goods sold": 353944,
        "Gross Profit": 43497,
        "Financial expenses": 10232,
        "Of which: Interest expense": 10232,
        "Cost of sales": 5183,
        "Enterprise cost management": 36822,
        "Total Operating Expenses": 52237,
        "Total revenue financing activities": 62,
        "Net profit from business activities": -8678,
        "Profit": 622,
        "Profit before tax": -8056,
        "Present corporate income tax expenses": "N/A",
        "Deferred income taxes expenses": "N/A",
        "The interests of minority shareholders": "N/A",
        "Total Cost of profits": 0,
        "Profit after tax corporate income": -8056,
        "Volume": 15083952,
        "Close of Quarter": 6.7,
        "EPS": 1203.6,
        "Non-adjusted EPS": 1709,
        "PE": 3.9,
        "Book Price": 9.9
      }
    },
    {
      "quarter": "Q4 2014",
      "income status": {
        "Net sales": 479625,
        "Cost of goods sold": 394533,
        "Gross Profit": 85092,
        "Financial expenses": 10809,
        "Of which: Interest expense": 10809,
        "Cost of sales": 5784,
        "Enterprise cost management": 41646,
        "Total Operating Expenses": 58239,
        "Total revenue financing activities": 39,
        "Net profit from business activities": 26892,
        "Profit": 2879,
        "Profit before tax": 29771,
        "Present corporate income tax expenses": 6550,
        "Deferred income taxes expenses": "N/A",
        "The interests of minority shareholders": "N/A",
        "Total Cost of profits": 6550,
        "Profit after tax corporate income": 23221,
        "Volume": 15083952,
        "Close of Quarter": 5.2,
        "EPS": 1661.3,
        "Non-adjusted EPS": 2359,
        "PE": 2.2,
        "Book Price": 10.2
      }
    },
    {
      "quarter": "Q3 2014",
      "income status": {
        "Net sales": 415217,
        "Cost of goods sold": 369982,
        "Gross Profit": 45235,
        "Financial expenses": 11568,
        "Of which: Interest expense": 11568,
        "Cost of sales": 5178,
        "Enterprise cost management": 26251,
        "Total Operating Expenses": 42997,
        "Total revenue financing activities": 35,
        "Net profit from business activities": 2274,
        "Profit": 452,
        "Profit before tax": 2726,
        "Present corporate income tax expenses": 600,
        "Deferred income taxes expenses": "N/A",
        "The interests of minority shareholders": "N/A",
        "Total Cost of profits": 600,
        "Profit after tax corporate income": 2126,
        "Volume": 15083952,
        "Close of Quarter": 5.1,
        "EPS": 3385.4,
        "Non-adjusted EPS": 4807,
        "PE": 1.1,
        "Book Price": 10.6
      }
    },
    {
      "quarter": "Q2 2014",
      "income status": {
        "Net sales": 406178,
        "Cost of goods sold": 350010,
        "Gross Profit": 56168,
        "Financial expenses": 13683,
        "Of which: Interest expense": 13683,
        "Cost of sales": 6197,
        "Enterprise cost management": 25641,
        "Total Operating Expenses": 45521,
        "Total revenue financing activities": 78,
        "Net profit from business activities": 10725,
        "Profit": -18,
        "Profit before tax": 10707,
        "Present corporate income tax expenses": 2214,
        "Deferred income taxes expenses": "N/A",
        "The interests of minority shareholders": "N/A",
        "Total Cost of profits": 2214,
        "Profit after tax corporate income": 8493,
        "Volume": 15083952,
        "Close of Quarter": 4.8,
        "EPS": 1757.8,
        "Non-adjusted EPS": 2496,
        "PE": 1.9,
        "Book Price": 10.5
      }
    },
    {
      "quarter": "Q1 2014",
      "income status": {
        "Net sales": 406201,
        "Cost of goods sold": 352720,
        "Gross Profit": 53481,
        "Financial expenses": 15294,
        "Of which: Interest expense": 15294,
        "Cost of sales": 5858,
        "Enterprise cost management": 30823,
        "Total Operating Expenses": 51975,
        "Total revenue financing activities": 48,
        "Net profit from business activities": 1554,
        "Profit": 761,
        "Profit before tax": 2316,
        "Present corporate income tax expenses": 579,
        "Deferred income taxes expenses": "N/A",
        "The interests of minority shareholders": "N/A",
        "Total Cost of profits": 579,
        "Profit after tax corporate income": 1737,
        "Volume": 15083952,
        "Close of Quarter": 5.9,
        "EPS": 1375.4,
        "Non-adjusted EPS": 1953,
        "PE": 3.0,
        "Book Price": 10.1
      }
    },
    {
      "quarter": "Q4 2013",
      "income status": {
        "Net sales": 535573,
        "Cost of goods sold": 406298,
        "Gross Profit": 129275,
        "Financial expenses": 18187,
        "Of which: Interest expense": 18187,
        "Cost of sales": 10251,
        "Enterprise cost management": 33024,
        "Total Operating Expenses": 61462,
        "Total revenue financing activities": 49,
        "Net profit from business activities": 67862,
        "Profit": 1859,
        "Profit before tax": 69721,
        "Present corporate income tax expenses": 9568,
        "Deferred income taxes expenses": "N/A",
        "The interests of minority shareholders": "N/A",
        "Total Cost of profits": 9568,
        "Profit after tax corporate income": 60153,
        "Volume": 15083952,
        "Close of Quarter": 4.2,
        "EPS": 1342.3,
        "Non-adjusted EPS": 1906,
        "PE": 2.2,
        "Book Price": 10.1
      }
    },
    {
      "quarter": "Q3 2013",
      "income status": {
        "Net sales": 292595,
        "Cost of goods sold": 279505,
        "Gross Profit": 13090,
        "Financial expenses": 17447,
        "Of which: Interest expense": 17447,
        "Cost of sales": 5697,
        "Enterprise cost management": 24044,
        "Total Operating Expenses": 47188,
        "Total revenue financing activities": 34,
        "Net profit from business activities": -34064,
        "Profit": 1187,
        "Profit before tax": -32876,
        "Present corporate income tax expenses": -139,
        "Deferred income taxes expenses": "N/A",
        "The interests of minority shareholders": "N/A",
        "Total Cost of profits": -139,
        "Profit after tax corporate income": -32737,
        "Volume": 15083952,
        "Close of Quarter": 3.7,
        "EPS": -881.0,
        "Non-adjusted EPS": -1251,
        "PE": -3.0,
        "Book Price": 8.5
      }
    },
    {
      "quarter": "Q2 2013",
      "income status": {
        "Net sales": 300465,
        "Cost of goods sold": 260326,
        "Gross Profit": 40139,
        "Financial expenses": 17466,
        "Of which: Interest expense": 17466,
        "Cost of sales": 5995,
        "Enterprise cost management": 20822,
        "Total Operating Expenses": 44283,
        "Total revenue financing activities": 87,
        "Net profit from business activities": -4058,
        "Profit": 3230,
        "Profit before tax": -828,
        "Present corporate income tax expenses": -1127,
        "Deferred income taxes expenses": "N/A",
        "The interests of minority shareholders": "N/A",
        "Total Cost of profits": -1127,
        "Profit after tax corporate income": 300,
        "Volume": 15083952,
        "Close of Quarter": 4.7,
        "EPS": 693.0,
        "Non-adjusted EPS": 984,
        "PE": 4.8,
        "Book Price": 9.9
      }
    },
    {
      "quarter": "Q1 2013",
      "income status": {
        "Net sales": 405873,
        "Cost of goods sold": 356877,
        "Gross Profit": 48996,
        "Financial expenses": 18400,
        "Of which: Interest expense": 18400,
        "Cost of sales": 6585,
        "Enterprise cost management": 24247,
        "Total Operating Expenses": 49232,
        "Total revenue financing activities": 189,
        "Net profit from business activities": -47,
        "Profit": 1431,
        "Profit before tax": 1384,
        "Present corporate income tax expenses": 346,
        "Deferred income taxes expenses": "N/A",
        "The interests of minority shareholders": "N/A",
        "Total Cost of profits": 346,
        "Profit after tax corporate income": 1038,
        "Volume": 15083952,
        "Close of Quarter": 4.1,
        "EPS": 995.8,
        "Non-adjusted EPS": 1414,
        "PE": 2.9,
        "Book Price": 9.9
      }
    },
    {
      "quarter": "Q4 2012",
      "income status": {
        "Net sales": 621038,
        "Cost of goods sold": 534377,
        "Gross Profit": 86661,
        "Financial expenses": 19743,
        "Of which: Interest expense": 19743,
        "Cost of sales": 9754,
        "Enterprise cost management": 34030,
        "Total Operating Expenses": 63527,
        "Total revenue financing activities": 274,
        "Net profit from business activities": 23408,
        "Profit": -6697,
        "Profit before tax": 16711,
        "Present corporate income tax expenses": 4178,
        "Deferred income taxes expenses": "N/A",
        "The interests of minority shareholders": "N/A",
        "Total Cost of profits": 4178,
        "Profit after tax corporate income": 12533,
        "Volume": 15083952,
        "Close of Quarter": 4.0,
        "EPS": 1312.0,
        "Non-adjusted EPS": 1863,
        "PE": 2.2,
        "Book Price": 9.8
      }
    },
    {
      "quarter": "Q3 2012",
      "income status": {
        "Net sales": 292808,
        "Cost of goods sold": 263763,
        "Gross Profit": 29045,
        "Financial expenses": 11527,
        "Of which: Interest expense": 11527,
        "Cost of sales": 4888,
        "Enterprise cost management": 14171,
        "Total Operating Expenses": 30586,
        "Total revenue financing activities": 133,
        "Net profit from business activities": -1408,
        "Profit": 2712,
        "Profit before tax": 1304,
        "Present corporate income tax expenses": 326,
        "Deferred income taxes expenses": "N/A",
        "The interests of minority shareholders": "N/A",
        "Total Cost of profits": 326,
        "Profit after tax corporate income": 978,
        "Volume": 15083952,
        "Close of Quarter": 4.1,
        "EPS": 2975.5,
        "Non-adjusted EPS": 4225,
        "PE": 1.0,
        "Book Price": 10.1
      }
    },
    {
      "quarter": "Q2 2012",
      "income status": {
        "Net sales": 445154,
        "Cost of goods sold": 414745,
        "Gross Profit": 30410,
        "Financial expenses": 10304,
        "Of which: Interest expense": 10304,
        "Cost of sales": 6245,
        "Enterprise cost management": 21484,
        "Total Operating Expenses": 38033,
        "Total revenue financing activities": 3058,
        "Net profit from business activities": -4566,
        "Profit": 13611,
        "Profit before tax": 9045,
        "Present corporate income tax expenses": 2261,
        "Deferred income taxes expenses": "N/A",
        "The interests of minority shareholders": "N/A",
        "Total Cost of profits": 2261,
        "Profit after tax corporate income": 6784,
        "Volume": 15083952,
        "Close of Quarter": 4.5,
        "EPS": 3066.3,
        "Non-adjusted EPS": 4354,
        "PE": 1.0,
        "Book Price": 10
      }
    },
    {
      "quarter": "Q1 2012",
      "income status": {
        "Net sales": 503902,
        "Cost of goods sold": 445770,
        "Gross Profit": 58132,
        "Financial expenses": 12243,
        "Of which: Interest expense": 12243,
        "Cost of sales": 7477,
        "Enterprise cost management": 28899,
        "Total Operating Expenses": 48619,
        "Total revenue financing activities": 678,
        "Net profit from business activities": 10191,
        "Profit": 226,
        "Profit before tax": 10417,
        "Present corporate income tax expenses": 2604,
        "Deferred income taxes expenses": "N/A",
        "The interests of minority shareholders": "N/A",
        "Total Cost of profits": 2604,
        "Profit after tax corporate income": 7813,
        "Volume": 15083952,
        "Close of Quarter": 4.5,
        "EPS": 3024.1,
        "Non-adjusted EPS": 4294,
        "PE": 1.0,
        "Book Price": 9.7
      }
    },
    {
      "quarter": "Q4 2011",
      "income status": {
        "Net sales": 405636,
        "Cost of goods sold": 320017,
        "Gross Profit": 85619,
        "Financial expenses": 5886,
        "Of which: Interest expense": 5886,
        "Cost of sales": 5407,
        "Enterprise cost management": 22801,
        "Total Operating Expenses": 34094,
        "Total revenue financing activities": 5964,
        "Net profit from business activities": 57489,
        "Profit": 5364,
        "Profit before tax": 102903,
        "Present corporate income tax expenses": 14700,
        "Deferred income taxes expenses": "N/A",
        "The interests of minority shareholders": "N/A",
        "Total Cost of profits": 14700,
        "Profit after tax corporate income": 48153,
        "Volume": 15083952,
        "Close of Quarter": 3.2,
        "EPS": 3254.4,
        "Non-adjusted EPS": 4621,
        "PE": 0.7,
        "Book Price": 9.4
      }
    },
    {
      "quarter": "Q3 2011",
      "income status": {
        "Net sales": 324149,
        "Cost of goods sold": 292588,
        "Gross Profit": 31561,
        "Financial expenses": 10717,
        "Of which: Interest expense": 10717,
        "Cost of sales": 5198,
        "Enterprise cost management": 19345,
        "Total Operating Expenses": 35260,
        "Total revenue financing activities": 5724,
        "Net profit from business activities": 2026,
        "Profit": 1868,
        "Profit before tax": 3894,
        "Present corporate income tax expenses": 973,
        "Deferred income taxes expenses": "N/A",
        "The interests of minority shareholders": "N/A",
        "Total Cost of profits": 973,
        "Profit after tax corporate income": 2920,
        "Volume": 15083952,
        "Close of Quarter": 3.5,
        "EPS": 3391.7,
        "Non-adjusted EPS": 4816,
        "PE": 0.7,
        "Book Price": 9.4
      }
    },
    {
      "quarter": "Q2 2011",
      "income status": {
        "Net sales": 402791,
        "Cost of goods sold": 367697,
        "Gross Profit": 35094,
        "Financial expenses": 7897,
        "Of which: Interest expense": 7897,
        "Cost of sales": 5644,
        "Enterprise cost management": 21107,
        "Total Operating Expenses": 34648,
        "Total revenue financing activities": 2526,
        "Net profit from business activities": 2971,
        "Profit": 5425,
        "Profit before tax": 8397,
        "Present corporate income tax expenses": 2509,
        "Deferred income taxes expenses": "N/A",
        "The interests of minority shareholders": "N/A",
        "Total Cost of profits": 2509,
        "Profit after tax corporate income": 5888,
        "Volume": 12085000,
        "Close of Quarter": 3.7,
        "EPS": 3391.1,
        "Non-adjusted EPS": 6010,
        "PE": 0.6,
        "Book Price": 8.9
      }
    },
    {
      "quarter": "Q1 2011",
      "income status": {
        "Net sales": 368749,
        "Cost of goods sold": 321608,
        "Gross Profit": 47141,
        "Financial expenses": 7164,
        "Of which: Interest expense": 7164,
        "Cost of sales": 5361,
        "Enterprise cost management": 22392,
        "Total Operating Expenses": 34917,
        "Total revenue financing activities": 3511,
        "Net profit from business activities": 15734,
        "Profit": 1264,
        "Profit before tax": 16998,
        "Present corporate income tax expenses": 4249,
        "Deferred income taxes expenses": "N/A",
        "The interests of minority shareholders": "N/A",
        "Total Cost of profits": 4249,
        "Profit after tax corporate income": 12748,
        "Volume": 12085000,
        "Close of Quarter": 3.4,
        "EPS": 3932.2,
        "Non-adjusted EPS": 6969,
        "PE": 0.5,
        "Book Price": 8.6
      }
    },
    {
      "quarter": "Q4 2010",
      "income status": {
        "Net sales": 353166,
        "Cost of goods sold": 246394,
        "Gross Profit": 106772,
        "Financial expenses": 2945,
        "Of which: Interest expense": 4685,
        "Cost of sales": 3946,
        "Enterprise cost management": 37183,
        "Total Operating Expenses": 44074,
        "Total revenue financing activities": 3017,
        "Net profit from business activities": 65714,
        "Profit": 2915,
        "Profit before tax": 68629,
        "Present corporate income tax expenses": 17540,
        "Deferred income taxes expenses": "N/A",
        "The interests of minority shareholders": "N/A",
        "Total Cost of profits": 17540,
        "Profit after tax corporate income": 51089,
        "Volume": 12085000,
        "Close of Quarter": 3.6,
        "EPS": 3685.0,
        "Non-adjusted EPS": 6531,
        "PE": 0.6,
        "Book Price": 8.1
      }
    },
    {
      "quarter": "Q3 2010",
      "income status": {
        "Net sales": 288079,
        "Cost of goods sold": 267556,
        "Gross Profit": 20522,
        "Financial expenses": 2176,
        "Of which: Interest expense": 2176,
        "Cost of sales": 4264,
        "Enterprise cost management": 15012,
        "Total Operating Expenses": 21452,
        "Total revenue financing activities": 2738,
        "Net profit from business activities": 1809,
        "Profit": 2069,
        "Profit before tax": 3877,
        "Present corporate income tax expenses": 969,
        "Deferred income taxes expenses": "N/A",
        "The interests of minority shareholders": "N/A",
        "Total Cost of profits": 969,
        "Profit after tax corporate income": 2908,
        "Volume": 12085000,
        "Close of Quarter": 4.2,
        "EPS": 2475.9,
        "Non-adjusted EPS": 4388,
        "PE": 1.0,
        "Book Price": 7.9
      }
    },
    {
      "quarter": "Q2 2010",
      "income status": {
        "Net sales": 330573,
        "Cost of goods sold": 283653,
        "Gross Profit": 46919,
        "Financial expenses": 2258,
        "Of which: Interest expense": 2258,
        "Cost of sales": 4412,
        "Enterprise cost management": 20064,
        "Total Operating Expenses": 26734,
        "Total revenue financing activities": 3009,
        "Net profit from business activities": 23194,
        "Profit": 109,
        "Profit before tax": 23303,
        "Present corporate income tax expenses": 5826,
        "Deferred income taxes expenses": "N/A",
        "The interests of minority shareholders": "N/A",
        "Total Cost of profits": 5826,
        "Profit after tax corporate income": 17477,
        "Volume": 12085000,
        "Close of Quarter": 4.7,
        "EPS": 2400.3,
        "Non-adjusted EPS": 4254,
        "PE": 1.1,
        "Book Price": 7.7
      }
    },
    {
      "quarter": "Q1 2010",
      "income status": {
        "Net sales": 275747,
        "Cost of goods sold": 241732,
        "Gross Profit": 34015,
        "Financial expenses": 1740,
        "Of which: Interest expense": "N/A",
        "Cost of sales": 3839,
        "Enterprise cost management": 21296,
        "Total Operating Expenses": 26875,
        "Total revenue financing activities": 2074,
        "Net profit from business activities": 9214,
        "Profit": 719,
        "Profit before tax": 9933,
        "Present corporate income tax expenses": 2483,
        "Deferred income taxes expenses": "N/A",
        "The interests of minority shareholders": "N/A",
        "Total Cost of profits": 2483,
        "Profit after tax corporate income": 7450,
        "Volume": 12085000,
        "Close of Quarter": 4.1,
        "EPS": 1747.4,
        "Non-adjusted EPS": 3097,
        "PE": 1.3,
        "Book Price": 6.9
      }
    },
    {
      "quarter": "Q4 2009",
      "income status": {
        "Net sales": 196438,
        "Cost of goods sold": 157913,
        "Gross Profit": 38525,
        "Financial expenses": 1261,
        "Of which: Interest expense": "N/A",
        "Cost of sales": 2667,
        "Enterprise cost management": 8073,
        "Total Operating Expenses": 12001,
        "Total revenue financing activities": 4174,
        "Net profit from business activities": 30697,
        "Profit": 3146,
        "Profit before tax": 33843,
        "Present corporate income tax expenses": 8643,
        "Deferred income taxes expenses": "N/A",
        "The interests of minority shareholders": "N/A",
        "Total Cost of profits": 8643,
        "Profit after tax corporate income": 25200,
        "Volume": 12085000,
        "Close of Quarter": 4.1,
        "EPS": 1830.4,
        "Non-adjusted EPS": 3244,
        "PE": 1.3,
        "Book Price": 8.0
      }
    },
    {
      "quarter": "Q3 2009",
      "income status": {
        "Net sales": 224707,
        "Cost of goods sold": 206122,
        "Gross Profit": 18584,
        "Financial expenses": 1186,
        "Of which: Interest expense": "N/A",
        "Cost of sales": 2992,
        "Enterprise cost management": 17553,
        "Total Operating Expenses": 21731,
        "Total revenue financing activities": 3836,
        "Net profit from business activities": 689,
        "Profit": 1026,
        "Profit before tax": 1715,
        "Present corporate income tax expenses": 429,
        "Deferred income taxes expenses": "N/A",
        "The interests of minority shareholders": "N/A",
        "Total Cost of profits": 429,
        "Profit after tax corporate income": 1286,
        "Volume": 12085000,
        "Close of Quarter": 4.5,
        "EPS": 653.4,
        "Non-adjusted EPS": 1158,
        "PE": 3.9,
        "Book Price": 7.6
      }
    },
    {
      "quarter": "Q2 2009",
      "income status": {
        "Net sales": 270314,
        "Cost of goods sold": 248230,
        "Gross Profit": 22084,
        "Financial expenses": 647,
        "Of which: Interest expense": "N/A",
        "Cost of sales": 2917,
        "Enterprise cost management": 18419,
        "Total Operating Expenses": 21983,
        "Total revenue financing activities": 3424,
        "Net profit from business activities": 3525,
        "Profit": 1137,
        "Profit before tax": 4662,
        "Present corporate income tax expenses": 1165,
        "Deferred income taxes expenses": "N/A",
        "The interests of minority shareholders": "N/A",
        "Total Cost of profits": 1165,
        "Profit after tax corporate income": 3496,
        "Volume": 12085000,
        "Close of Quarter": "N/A",
        "EPS": 593.6,
        "Non-adjusted EPS": 1052,
        "PE": "N/A",
        "Book Price": 7.5
      }
    },
    {
      "quarter": "Q1 2009",
      "income status": {
        "Net sales": 324452,
        "Cost of goods sold": 286991,
        "Gross Profit": 37461,
        "Financial expenses": 594,
        "Of which: Interest expense": 1240,
        "Cost of sales": 4641,
        "Enterprise cost management": 21963,
        "Total Operating Expenses": 27198,
        "Total revenue financing activities": 1688,
        "Net profit from business activities": 11951,
        "Profit": 340,
        "Profit before tax": 12291,
        "Present corporate income tax expenses": 3073,
        "Deferred income taxes expenses": "N/A",
        "The interests of minority shareholders": "N/A",
        "Total Cost of profits": 3073,
        "Profit after tax corporate income": 9218,
        "Volume": 12085000,
        "Close of Quarter": "N/A",
        "EPS": 430.5,
        "Non-adjusted EPS": 763,
        "PE": "N/A",
        "Book Price": 7.3
      }
    }
  ]
}