{
  "ticker": "STP",
  "data": [
    {
      "quarter": "Q1 2017",
      "income status": {
        "Net sales": 71708,
        "Cost of goods sold": 65339,
        "Gross Profit": 6369,
        "Financial expenses": 175,
        "Of which: Interest expense": 87,
        "Cost of sales": 1281,
        "Enterprise cost management": 4121,
        "Total Operating Expenses": 5577,
        "Total revenue financing activities": 277,
        "Net profit from business activities": 1069,
        "Profit": -24,
        "Profit before tax": 1045,
        "Present corporate income tax expenses": 265,
        "Deferred income taxes expenses": "N/A",
        "The interests of minority shareholders": -241,
        "Total Cost of profits": 24,
        "Profit after tax corporate income": 1022,
        "Volume": 8022063,
        "Close of Quarter": 5.0,
        "EPS": 412,
        "Non-adjusted EPS": 412,
        "PE": 12.2,
        "Book Price": 19
      }
    },
    {
      "quarter": "Q4 2016",
      "income status": {
        "Net sales": 60240,
        "Cost of goods sold": 52121,
        "Gross Profit": 8119,
        "Financial expenses": 2109,
        "Of which: Interest expense": 26,
        "Cost of sales": 1336,
        "Enterprise cost management": 8535,
        "Total Operating Expenses": 11980,
        "Total revenue financing activities": 2305,
        "Net profit from business activities": -1556,
        "Profit": -78,
        "Profit before tax": -1634,
        "Present corporate income tax expenses": -426,
        "Deferred income taxes expenses": "N/A",
        "The interests of minority shareholders": -189,
        "Total Cost of profits": -615,
        "Profit after tax corporate income": -1019,
        "Volume": 8022063,
        "Close of Quarter": 5.9,
        "EPS": 613,
        "Non-adjusted EPS": 613,
        "PE": 9.6,
        "Book Price": 18.9
      }
    },
    {
      "quarter": "Q3 2016",
      "income status": {
        "Net sales": 76394,
        "Cost of goods sold": 68432,
        "Gross Profit": 7962,
        "Financial expenses": 13,
        "Of which: Interest expense": 12,
        "Cost of sales": 1250,
        "Enterprise cost management": 3856,
        "Total Operating Expenses": 5119,
        "Total revenue financing activities": 118,
        "Net profit from business activities": 2963,
        "Profit": -227,
        "Profit before tax": 2736,
        "Present corporate income tax expenses": 752,
        "Deferred income taxes expenses": "N/A",
        "The interests of minority shareholders": -201,
        "Total Cost of profits": 551,
        "Profit after tax corporate income": 2185,
        "Volume": 6976319,
        "Close of Quarter": 5.3,
        "EPS": 1251.4,
        "Non-adjusted EPS": 1439,
        "PE": 3.7,
        "Book Price": 19.1
      }
    },
    {
      "quarter": "Q2 2016",
      "income status": {
        "Net sales": 77415,
        "Cost of goods sold": 67839,
        "Gross Profit": 9576,
        "Financial expenses": 160,
        "Of which: Interest expense": 99,
        "Cost of sales": 2040,
        "Enterprise cost management": 6434,
        "Total Operating Expenses": 8634,
        "Total revenue financing activities": 104,
        "Net profit from business activities": 1045,
        "Profit": 313,
        "Profit before tax": 1358,
        "Present corporate income tax expenses": 561,
        "Deferred income taxes expenses": "N/A",
        "The interests of minority shareholders": -319,
        "Total Cost of profits": 242,
        "Profit after tax corporate income": 1116,
        "Volume": 6976319,
        "Close of Quarter": 6.2,
        "EPS": 966.2,
        "Non-adjusted EPS": 1111,
        "PE": 5.6,
        "Book Price": 18.8
      }
    },
    {
      "quarter": "Q1 2016",
      "income status": {
        "Net sales": 69698,
        "Cost of goods sold": 60971,
        "Gross Profit": 8727,
        "Financial expenses": 94,
        "Of which: Interest expense": 7,
        "Cost of sales": 1755,
        "Enterprise cost management": 4392,
        "Total Operating Expenses": 6241,
        "Total revenue financing activities": 141,
        "Net profit from business activities": 2627,
        "Profit": 49,
        "Profit before tax": 2676,
        "Present corporate income tax expenses": 663,
        "Deferred income taxes expenses": "N/A",
        "The interests of minority shareholders": -624,
        "Total Cost of profits": 39,
        "Profit after tax corporate income": 2637,
        "Volume": 6976319,
        "Close of Quarter": 6.4,
        "EPS": 676.6,
        "Non-adjusted EPS": 778,
        "PE": 8.2,
        "Book Price": 18.7
      }
    },
    {
      "quarter": "Q4 2015",
      "income status": {
        "Net sales": 83753,
        "Cost of goods sold": 72270,
        "Gross Profit": 11482,
        "Financial expenses": 375,
        "Of which: Interest expense": 115,
        "Cost of sales": 4005,
        "Enterprise cost management": 2273,
        "Total Operating Expenses": 6653,
        "Total revenue financing activities": 144,
        "Net profit from business activities": 4972,
        "Profit": 181,
        "Profit before tax": 5153,
        "Present corporate income tax expenses": 1262,
        "Deferred income taxes expenses": "N/A",
        "The interests of minority shareholders": -206,
        "Total Cost of profits": 1056,
        "Profit after tax corporate income": 4098,
        "Volume": 6976319,
        "Close of Quarter": 5.7,
        "EPS": 734.0,
        "Non-adjusted EPS": 844,
        "PE": 6.8,
        "Book Price": 18.4
      }
    },
    {
      "quarter": "Q3 2015",
      "income status": {
        "Net sales": 51072,
        "Cost of goods sold": 45471,
        "Gross Profit": 5601,
        "Financial expenses": 546,
        "Of which: Interest expense": 122,
        "Cost of sales": 976,
        "Enterprise cost management": 2410,
        "Total Operating Expenses": 3932,
        "Total revenue financing activities": 166,
        "Net profit from business activities": 1834,
        "Profit": -2299,
        "Profit before tax": -465,
        "Present corporate income tax expenses": "N/A",
        "Deferred income taxes expenses": "N/A",
        "The interests of minority shareholders": -367,
        "Total Cost of profits": -367,
        "Profit after tax corporate income": -98,
        "Volume": 6066500,
        "Close of Quarter": 6.4,
        "EPS": -1171.4,
        "Non-adjusted EPS": -1549,
        "PE": -4.1,
        "Book Price": 18
      }
    },
    {
      "quarter": "Q2 2015",
      "income status": {
        "Net sales": 62155,
        "Cost of goods sold": 54205,
        "Gross Profit": 7950,
        "Financial expenses": 605,
        "Of which: Interest expense": 145,
        "Cost of sales": 1040,
        "Enterprise cost management": 7748,
        "Total Operating Expenses": 9393,
        "Total revenue financing activities": 354,
        "Net profit from business activities": -1088,
        "Profit": -965,
        "Profit before tax": -2053,
        "Present corporate income tax expenses": -576,
        "Deferred income taxes expenses": "N/A",
        "The interests of minority shareholders": -267,
        "Total Cost of profits": -843,
        "Profit after tax corporate income": -1210,
        "Volume": 6066500,
        "Close of Quarter": 7.2,
        "EPS": -1372.6,
        "Non-adjusted EPS": -1815,
        "PE": -4.0,
        "Book Price": 18
      }
    },
    {
      "quarter": "Q1 2015",
      "income status": {
        "Net sales": 47705,
        "Cost of goods sold": 42943,
        "Gross Profit": 4762,
        "Financial expenses": 129,
        "Of which: Interest expense": 55,
        "Cost of sales": 925,
        "Enterprise cost management": 926,
        "Total Operating Expenses": 1980,
        "Total revenue financing activities": 291,
        "Net profit from business activities": 3073,
        "Profit": 597,
        "Profit before tax": 3670,
        "Present corporate income tax expenses": 576,
        "Deferred income taxes expenses": "N/A",
        "The interests of minority shareholders": "N/A",
        "Total Cost of profits": 576,
        "Profit after tax corporate income": 3095,
        "Volume": 6066500,
        "Close of Quarter": 6.5,
        "EPS": -930.9,
        "Non-adjusted EPS": -1231,
        "PE": -5.3,
        "Book Price": 18.2
      }
    },
    {
      "quarter": "Q4 2014",
      "income status": {
        "Net sales": 70818,
        "Cost of goods sold": 60429,
        "Gross Profit": 10388,
        "Financial expenses": 1807,
        "Of which: Interest expense": 98,
        "Cost of sales": 8380,
        "Enterprise cost management": 14467,
        "Total Operating Expenses": 24654,
        "Total revenue financing activities": 400,
        "Net profit from business activities": -13866,
        "Profit": 695,
        "Profit before tax": -13171,
        "Present corporate income tax expenses": -1870,
        "Deferred income taxes expenses": "N/A",
        "The interests of minority shareholders": -118,
        "Total Cost of profits": -1988,
        "Profit after tax corporate income": -11183,
        "Volume": 6066500,
        "Close of Quarter": 7.7,
        "EPS": -1427.8,
        "Non-adjusted EPS": -1888,
        "PE": -4.1,
        "Book Price": 17.3
      }
    },
    {
      "quarter": "Q3 2014",
      "income status": {
        "Net sales": 89254,
        "Cost of goods sold": 83777,
        "Gross Profit": 5477,
        "Financial expenses": 3427,
        "Of which: Interest expense": 263,
        "Cost of sales": 1284,
        "Enterprise cost management": 1858,
        "Total Operating Expenses": 6569,
        "Total revenue financing activities": 283,
        "Net profit from business activities": -809,
        "Profit": -950,
        "Profit before tax": -1758,
        "Present corporate income tax expenses": "N/A",
        "Deferred income taxes expenses": "N/A",
        "The interests of minority shareholders": -46,
        "Total Cost of profits": -46,
        "Profit after tax corporate income": -1712,
        "Volume": 6066500,
        "Close of Quarter": 7.4,
        "EPS": 428.8,
        "Non-adjusted EPS": 567,
        "PE": 13.1,
        "Book Price": 18.7
      }
    },
    {
      "quarter": "Q2 2014",
      "income status": {
        "Net sales": 67285,
        "Cost of goods sold": 60946,
        "Gross Profit": 6339,
        "Financial expenses": 672,
        "Of which: Interest expense": 76,
        "Cost of sales": 1276,
        "Enterprise cost management": 2047,
        "Total Operating Expenses": 3995,
        "Total revenue financing activities": 260,
        "Net profit from business activities": 2604,
        "Profit": 241,
        "Profit before tax": 2845,
        "Present corporate income tax expenses": 502,
        "Deferred income taxes expenses": "N/A",
        "The interests of minority shareholders": 8,
        "Total Cost of profits": 510,
        "Profit after tax corporate income": 2335,
        "Volume": 7000000,
        "Close of Quarter": 6.9,
        "EPS": 833.3,
        "Non-adjusted EPS": 955,
        "PE": 7.2,
        "Book Price": 18.9
      }
    },
    {
      "quarter": "Q1 2014",
      "income status": {
        "Net sales": 84784,
        "Cost of goods sold": 76375,
        "Gross Profit": 8409,
        "Financial expenses": -423,
        "Of which: Interest expense": 34,
        "Cost of sales": 1400,
        "Enterprise cost management": 2203,
        "Total Operating Expenses": 3180,
        "Total revenue financing activities": 144,
        "Net profit from business activities": 5373,
        "Profit": 63,
        "Profit before tax": 5436,
        "Present corporate income tax expenses": 6328,
        "Deferred income taxes expenses": "N/A",
        "The interests of minority shareholders": "N/A",
        "Total Cost of profits": 6328,
        "Profit after tax corporate income": -892,
        "Volume": 7000000,
        "Close of Quarter": 7.3,
        "EPS": 692.8,
        "Non-adjusted EPS": 794,
        "PE": 9.2,
        "Book Price": 19.6
      }
    },
    {
      "quarter": "Q4 2013",
      "income status": {
        "Net sales": 97611,
        "Cost of goods sold": 90410,
        "Gross Profit": 7200,
        "Financial expenses": -1016,
        "Of which: Interest expense": 109,
        "Cost of sales": 1234,
        "Enterprise cost management": 3054,
        "Total Operating Expenses": 3272,
        "Total revenue financing activities": 1129,
        "Net profit from business activities": 5057,
        "Profit": -1485,
        "Profit before tax": 3572,
        "Present corporate income tax expenses": 784,
        "Deferred income taxes expenses": "N/A",
        "The interests of minority shareholders": -923,
        "Total Cost of profits": -139,
        "Profit after tax corporate income": 3711,
        "Volume": 7000000,
        "Close of Quarter": 6.3,
        "EPS": 904.0,
        "Non-adjusted EPS": 1036,
        "PE": 6.1,
        "Book Price": 18.7
      }
    },
    {
      "quarter": "Q3 2013",
      "income status": {
        "Net sales": 72215,
        "Cost of goods sold": 65684,
        "Gross Profit": 6532,
        "Financial expenses": 394,
        "Of which: Interest expense": 107,
        "Cost of sales": 1316,
        "Enterprise cost management": 2189,
        "Total Operating Expenses": 3899,
        "Total revenue financing activities": 371,
        "Net profit from business activities": 3004,
        "Profit": -779,
        "Profit before tax": 2225,
        "Present corporate income tax expenses": 813,
        "Deferred income taxes expenses": "N/A",
        "The interests of minority shareholders": -123,
        "Total Cost of profits": 690,
        "Profit after tax corporate income": 1534,
        "Volume": 7000000,
        "Close of Quarter": 5.3,
        "EPS": 449.4,
        "Non-adjusted EPS": 515,
        "PE": 10.2,
        "Book Price": 18.4
      }
    },
    {
      "quarter": "Q2 2013",
      "income status": {
        "Net sales": 68235,
        "Cost of goods sold": 63182,
        "Gross Profit": 5053,
        "Financial expenses": 1470,
        "Of which: Interest expense": 188,
        "Cost of sales": 1189,
        "Enterprise cost management": 2330,
        "Total Operating Expenses": 4989,
        "Total revenue financing activities": 910,
        "Net profit from business activities": 972,
        "Profit": 200,
        "Profit before tax": 1172,
        "Present corporate income tax expenses": 204,
        "Deferred income taxes expenses": "N/A",
        "The interests of minority shareholders": -235,
        "Total Cost of profits": -31,
        "Profit after tax corporate income": 1203,
        "Volume": 7000000,
        "Close of Quarter": 6.2,
        "EPS": 363,
        "Non-adjusted EPS": 416,
        "PE": 14.8,
        "Book Price": 18.2
      }
    },
    {
      "quarter": "Q1 2013",
      "income status": {
        "Net sales": 48550,
        "Cost of goods sold": 44633,
        "Gross Profit": 3917,
        "Financial expenses": 303,
        "Of which: Interest expense": 82,
        "Cost of sales": 1337,
        "Enterprise cost management": 1945,
        "Total Operating Expenses": 3585,
        "Total revenue financing activities": 672,
        "Net profit from business activities": 1004,
        "Profit": -14,
        "Profit before tax": 990,
        "Present corporate income tax expenses": 389,
        "Deferred income taxes expenses": "N/A",
        "The interests of minority shareholders": -204,
        "Total Cost of profits": 185,
        "Profit after tax corporate income": 805,
        "Volume": 7000000,
        "Close of Quarter": 5.6,
        "EPS": 666.7,
        "Non-adjusted EPS": 764,
        "PE": 7.3,
        "Book Price": 19.6
      }
    },
    {
      "quarter": "Q4 2012",
      "income status": {
        "Net sales": 38972,
        "Cost of goods sold": 34016,
        "Gross Profit": 4956,
        "Financial expenses": 4278,
        "Of which: Interest expense": 155,
        "Cost of sales": 1025,
        "Enterprise cost management": 1907,
        "Total Operating Expenses": 7210,
        "Total revenue financing activities": 2704,
        "Net profit from business activities": 450,
        "Profit": -207,
        "Profit before tax": 243,
        "Present corporate income tax expenses": -53,
        "Deferred income taxes expenses": "N/A",
        "The interests of minority shareholders": 236,
        "Total Cost of profits": 183,
        "Profit after tax corporate income": 60,
        "Volume": 7000000,
        "Close of Quarter": 5.8,
        "EPS": 1120.4,
        "Non-adjusted EPS": 1284,
        "PE": 4.5,
        "Book Price": 19.4
      }
    },
    {
      "quarter": "Q3 2012",
      "income status": {
        "Net sales": 55523,
        "Cost of goods sold": 50497,
        "Gross Profit": 5025,
        "Financial expenses": 2720,
        "Of which: Interest expense": 170,
        "Cost of sales": 566,
        "Enterprise cost management": 1969,
        "Total Operating Expenses": 5255,
        "Total revenue financing activities": 913,
        "Net profit from business activities": 684,
        "Profit": -26,
        "Profit before tax": 658,
        "Present corporate income tax expenses": -29,
        "Deferred income taxes expenses": "N/A",
        "The interests of minority shareholders": -159,
        "Total Cost of profits": -188,
        "Profit after tax corporate income": 846,
        "Volume": 7000000,
        "Close of Quarter": 5.7,
        "EPS": 1264.4,
        "Non-adjusted EPS": 1449,
        "PE": 3.9,
        "Book Price": 19.3
      }
    },
    {
      "quarter": "Q2 2012",
      "income status": {
        "Net sales": 46955,
        "Cost of goods sold": 41159,
        "Gross Profit": 5796,
        "Financial expenses": -715,
        "Of which: Interest expense": 121,
        "Cost of sales": 769,
        "Enterprise cost management": 2540,
        "Total Operating Expenses": 2594,
        "Total revenue financing activities": 716,
        "Net profit from business activities": 3918,
        "Profit": 461,
        "Profit before tax": 4379,
        "Present corporate income tax expenses": 686,
        "Deferred income taxes expenses": "N/A",
        "The interests of minority shareholders": 55,
        "Total Cost of profits": 741,
        "Profit after tax corporate income": 3638,
        "Volume": 7000000,
        "Close of Quarter": 6.7,
        "EPS": 1786.2,
        "Non-adjusted EPS": 2047,
        "PE": 3.3,
        "Book Price": 19.2
      }
    },
    {
      "quarter": "Q1 2012",
      "income status": {
        "Net sales": 34287,
        "Cost of goods sold": 30001,
        "Gross Profit": 4285,
        "Financial expenses": -1952,
        "Of which: Interest expense": 30,
        "Cost of sales": 312,
        "Enterprise cost management": 1537,
        "Total Operating Expenses": -103,
        "Total revenue financing activities": 1162,
        "Net profit from business activities": 5550,
        "Profit": 148,
        "Profit before tax": 5697,
        "Present corporate income tax expenses": 1255,
        "Deferred income taxes expenses": "N/A",
        "The interests of minority shareholders": 1,
        "Total Cost of profits": 1256,
        "Profit after tax corporate income": 4442,
        "Volume": 7000000,
        "Close of Quarter": 6.5,
        "EPS": 1781.8,
        "Non-adjusted EPS": 2042,
        "PE": 3.2,
        "Book Price": 20.2
      }
    },
    {
      "quarter": "Q4 2011",
      "income status": {
        "Net sales": 36583,
        "Cost of goods sold": 31009,
        "Gross Profit": 5574,
        "Financial expenses": 4242,
        "Of which: Interest expense": 53,
        "Cost of sales": 1111,
        "Enterprise cost management": 1126,
        "Total Operating Expenses": 6479,
        "Total revenue financing activities": 899,
        "Net profit from business activities": -6,
        "Profit": 1331,
        "Profit before tax": 1325,
        "Present corporate income tax expenses": 137,
        "Deferred income taxes expenses": "N/A",
        "The interests of minority shareholders": -33,
        "Total Cost of profits": 104,
        "Profit after tax corporate income": 1220,
        "Volume": 7000000,
        "Close of Quarter": 4.8,
        "EPS": 1884.8,
        "Non-adjusted EPS": 2160,
        "PE": 2.2,
        "Book Price": 19.6
      }
    },
    {
      "quarter": "Q3 2011",
      "income status": {
        "Net sales": 59545,
        "Cost of goods sold": 53838,
        "Gross Profit": 5707,
        "Financial expenses": 205,
        "Of which: Interest expense": 22,
        "Cost of sales": 530,
        "Enterprise cost management": 1798,
        "Total Operating Expenses": 2533,
        "Total revenue financing activities": 1289,
        "Net profit from business activities": 4463,
        "Profit": 716,
        "Profit before tax": 5179,
        "Present corporate income tax expenses": 148,
        "Deferred income taxes expenses": "N/A",
        "The interests of minority shareholders": "N/A",
        "Total Cost of profits": 148,
        "Profit after tax corporate income": 5031,
        "Volume": 7000000,
        "Close of Quarter": 8.5,
        "EPS": 2522.7,
        "Non-adjusted EPS": 2891,
        "PE": 3.0,
        "Book Price": 19.5
      }
    },
    {
      "quarter": "Q2 2011",
      "income status": {
        "Net sales": 86593,
        "Cost of goods sold": 76469,
        "Gross Profit": 10124,
        "Financial expenses": 5560,
        "Of which: Interest expense": 19,
        "Cost of sales": 899,
        "Enterprise cost management": 1929,
        "Total Operating Expenses": 8388,
        "Total revenue financing activities": 2707,
        "Net profit from business activities": 4444,
        "Profit": -21,
        "Profit before tax": 4423,
        "Present corporate income tax expenses": 832,
        "Deferred income taxes expenses": "N/A",
        "The interests of minority shareholders": -10,
        "Total Cost of profits": 822,
        "Profit after tax corporate income": 3601,
        "Volume": 7000000,
        "Close of Quarter": 8.5,
        "EPS": 2685.0,
        "Non-adjusted EPS": 3077,
        "PE": 2.8,
        "Book Price": 19.1
      }
    },
    {
      "quarter": "Q1 2011",
      "income status": {
        "Net sales": 57385,
        "Cost of goods sold": 49152,
        "Gross Profit": 8232,
        "Financial expenses": 1221,
        "Of which: Interest expense": 66,
        "Cost of sales": 413,
        "Enterprise cost management": 1904,
        "Total Operating Expenses": 3538,
        "Total revenue financing activities": 1922,
        "Net profit from business activities": 6617,
        "Profit": 146,
        "Profit before tax": 6763,
        "Present corporate income tax expenses": 1493,
        "Deferred income taxes expenses": "N/A",
        "The interests of minority shareholders": "N/A",
        "Total Cost of profits": 1493,
        "Profit after tax corporate income": 5270,
        "Volume": 7000000,
        "Close of Quarter": 12.8,
        "EPS": 3548.8,
        "Non-adjusted EPS": 4067,
        "PE": 3.1,
        "Book Price": 20.2
      }
    },
    {
      "quarter": "Q4 2010",
      "income status": {
        "Net sales": 58144,
        "Cost of goods sold": 50767,
        "Gross Profit": 7377,
        "Financial expenses": 1002,
        "Of which: Interest expense": "N/A",
        "Cost of sales": 373,
        "Enterprise cost management": 1623,
        "Total Operating Expenses": 2998,
        "Total revenue financing activities": 2558,
        "Net profit from business activities": 6937,
        "Profit": 93,
        "Profit before tax": 7030,
        "Present corporate income tax expenses": 698,
        "Deferred income taxes expenses": "N/A",
        "The interests of minority shareholders": "N/A",
        "Total Cost of profits": 698,
        "Profit after tax corporate income": 6332,
        "Volume": 7000000,
        "Close of Quarter": 17.0,
        "EPS": 3369.1,
        "Non-adjusted EPS": 3861,
        "PE": 4.4,
        "Book Price": 19.6
      }
    },
    {
      "quarter": "Q3 2010",
      "income status": {
        "Net sales": 58181,
        "Cost of goods sold": 50796,
        "Gross Profit": 7385,
        "Financial expenses": 1002,
        "Of which: Interest expense": "N/A",
        "Cost of sales": 374,
        "Enterprise cost management": 1625,
        "Total Operating Expenses": 3001,
        "Total revenue financing activities": 2558,
        "Net profit from business activities": 6942,
        "Profit": 93,
        "Profit before tax": 7035,
        "Present corporate income tax expenses": 698,
        "Deferred income taxes expenses": "N/A",
        "The interests of minority shareholders": "N/A",
        "Total Cost of profits": 698,
        "Profit after tax corporate income": 6337,
        "Volume": 7000000,
        "Close of Quarter": 20.6,
        "EPS": 3154.4,
        "Non-adjusted EPS": 3615,
        "PE": 5.7,
        "Book Price": 19.2
      }
    },
    {
      "quarter": "Q2 2010",
      "income status": {
        "Net sales": 55211,
        "Cost of goods sold": 48553,
        "Gross Profit": 6658,
        "Financial expenses": 716,
        "Of which: Interest expense": 23,
        "Cost of sales": 581,
        "Enterprise cost management": 1951,
        "Total Operating Expenses": 3248,
        "Total revenue financing activities": 8714,
        "Net profit from business activities": 12124,
        "Profit": -115,
        "Profit before tax": 12009,
        "Present corporate income tax expenses": 1507,
        "Deferred income taxes expenses": "N/A",
        "The interests of minority shareholders": -27,
        "Total Cost of profits": 1480,
        "Profit after tax corporate income": 10529,
        "Volume": 3500000,
        "Close of Quarter": 24.9,
        "EPS": 2868.7,
        "Non-adjusted EPS": 6575,
        "PE": 3.8,
        "Book Price": 15.5
      }
    },
    {
      "quarter": "Q1 2010",
      "income status": {
        "Net sales": 30188,
        "Cost of goods sold": 24760,
        "Gross Profit": 5429,
        "Financial expenses": 67,
        "Of which: Interest expense": "N/A",
        "Cost of sales": 581,
        "Enterprise cost management": 828,
        "Total Operating Expenses": 1476,
        "Total revenue financing activities": 409,
        "Net profit from business activities": 4362,
        "Profit": 13,
        "Profit before tax": 4375,
        "Present corporate income tax expenses": 546,
        "Deferred income taxes expenses": "N/A",
        "The interests of minority shareholders": "N/A",
        "Total Cost of profits": 546,
        "Profit after tax corporate income": 3829,
        "Volume": 3500000,
        "Close of Quarter": 16.2,
        "EPS": 2150.1,
        "Non-adjusted EPS": 4928,
        "PE": 3.3,
        "Book Price": 9.6
      }
    },
    {
      "quarter": "Q4 2009",
      "income status": {
        "Net sales": 58007,
        "Cost of goods sold": 50192,
        "Gross Profit": 7815,
        "Financial expenses": 1713,
        "Of which: Interest expense": "N/A",
        "Cost of sales": 526,
        "Enterprise cost management": 1879,
        "Total Operating Expenses": 4118,
        "Total revenue financing activities": 1104,
        "Net profit from business activities": 4801,
        "Profit": 215,
        "Profit before tax": 5016,
        "Present corporate income tax expenses": 406,
        "Deferred income taxes expenses": "N/A",
        "The interests of minority shareholders": "N/A",
        "Total Cost of profits": 406,
        "Profit after tax corporate income": 4610,
        "Volume": 3500000,
        "Close of Quarter": 15.2,
        "EPS": 1925.8,
        "Non-adjusted EPS": 4414,
        "PE": 3.5,
        "Book Price": 9.1
      }
    },
    {
      "quarter": "Q3 2009",
      "income status": {
        "Net sales": 38041,
        "Cost of goods sold": 31949,
        "Gross Profit": 6092,
        "Financial expenses": 602,
        "Of which: Interest expense": "N/A",
        "Cost of sales": 515,
        "Enterprise cost management": 914,
        "Total Operating Expenses": 2031,
        "Total revenue financing activities": 295,
        "Net profit from business activities": 4357,
        "Profit": 75,
        "Profit before tax": 4432,
        "Present corporate income tax expenses": 389,
        "Deferred income taxes expenses": "N/A",
        "The interests of minority shareholders": "N/A",
        "Total Cost of profits": 389,
        "Profit after tax corporate income": 4043,
        "Volume": 3500000,
        "Close of Quarter": 13.1,
        "EPS": 1601.2,
        "Non-adjusted EPS": 3670,
        "PE": 3.6,
        "Book Price": 8.9
      }
    },
    {
      "quarter": "Q2 2009",
      "income status": {
        "Net sales": 33007,
        "Cost of goods sold": 26783,
        "Gross Profit": 6223,
        "Financial expenses": 36,
        "Of which: Interest expense": "N/A",
        "Cost of sales": 331,
        "Enterprise cost management": 1142,
        "Total Operating Expenses": 1509,
        "Total revenue financing activities": 576,
        "Net profit from business activities": 5291,
        "Profit": -75,
        "Profit before tax": 5215,
        "Present corporate income tax expenses": 449,
        "Deferred income taxes expenses": "N/A",
        "The interests of minority shareholders": "N/A",
        "Total Cost of profits": 449,
        "Profit after tax corporate income": 4766,
        "Volume": 3500000,
        "Close of Quarter": 7.5,
        "EPS": 1644.4,
        "Non-adjusted EPS": 3769,
        "PE": 2.0,
        "Book Price": 8.4
      }
    },
    {
      "quarter": "Q1 2009",
      "income status": {
        "Net sales": 24068,
        "Cost of goods sold": 20765,
        "Gross Profit": 3302,
        "Financial expenses": 133,
        "Of which: Interest expense": "N/A",
        "Cost of sales": 320,
        "Enterprise cost management": 740,
        "Total Operating Expenses": 1193,
        "Total revenue financing activities": 169,
        "Net profit from business activities": 2278,
        "Profit": -50,
        "Profit before tax": 2229,
        "Present corporate income tax expenses": 200,
        "Deferred income taxes expenses": "N/A",
        "The interests of minority shareholders": "N/A",
        "Total Cost of profits": 200,
        "Profit after tax corporate income": 2029,
        "Volume": 3500000,
        "Close of Quarter": 5.6,
        "EPS": 1272.7,
        "Non-adjusted EPS": 2917,
        "PE": 1.9,
        "Book Price": 7.8
      }
    },
    {
      "quarter": "Q4 2008",
      "income status": {
        "Net sales": 27485,
        "Cost of goods sold": 23810,
        "Gross Profit": 3674,
        "Financial expenses": 586,
        "Of which: Interest expense": "N/A",
        "Cost of sales": 358,
        "Enterprise cost management": 805,
        "Total Operating Expenses": 1749,
        "Total revenue financing activities": 326,
        "Net profit from business activities": 2252,
        "Profit": -30,
        "Profit before tax": 2222,
        "Present corporate income tax expenses": 215,
        "Deferred income taxes expenses": "N/A",
        "The interests of minority shareholders": "N/A",
        "Total Cost of profits": 215,
        "Profit after tax corporate income": 2007,
        "Volume": 3500000,
        "Close of Quarter": 5.6,
        "EPS": 1237.8,
        "Non-adjusted EPS": 2837,
        "PE": 2.0,
        "Book Price": 8.6
      }
    },
    {
      "quarter": "Q3 2008",
      "income status": {
        "Net sales": 28927,
        "Cost of goods sold": 22503,
        "Gross Profit": 6424,
        "Financial expenses": 933,
        "Of which: Interest expense": "N/A",
        "Cost of sales": 163,
        "Enterprise cost management": 768,
        "Total Operating Expenses": 1864,
        "Total revenue financing activities": 505,
        "Net profit from business activities": 5065,
        "Profit": 38,
        "Profit before tax": 5103,
        "Present corporate income tax expenses": 714,
        "Deferred income taxes expenses": "N/A",
        "The interests of minority shareholders": "N/A",
        "Total Cost of profits": 714,
        "Profit after tax corporate income": 4389,
        "Volume": 3500000,
        "Close of Quarter": 9.0,
        "EPS": 1284.5,
        "Non-adjusted EPS": 2944,
        "PE": 3.1,
        "Book Price": 8.4
      }
    },
    {
      "quarter": "Q2 2008",
      "income status": {
        "Net sales": 33698,
        "Cost of goods sold": 28721,
        "Gross Profit": 4977,
        "Financial expenses": 2252,
        "Of which: Interest expense": "N/A",
        "Cost of sales": 409,
        "Enterprise cost management": 740,
        "Total Operating Expenses": 3401,
        "Total revenue financing activities": 453,
        "Net profit from business activities": 2029,
        "Profit": 6,
        "Profit before tax": 2034,
        "Present corporate income tax expenses": 250,
        "Deferred income taxes expenses": "N/A",
        "The interests of minority shareholders": "N/A",
        "Total Cost of profits": 250,
        "Profit after tax corporate income": 1785,
        "Volume": 3500000,
        "Close of Quarter": 4.9,
        "EPS": 939.4,
        "Non-adjusted EPS": 2153,
        "PE": 2.3,
        "Book Price": 7.9
      }
    },
    {
      "quarter": "Q1 2008",
      "income status": {
        "Net sales": 24637,
        "Cost of goods sold": 21531,
        "Gross Profit": 3106,
        "Financial expenses": 77,
        "Of which: Interest expense": "N/A",
        "Cost of sales": 330,
        "Enterprise cost management": 810,
        "Total Operating Expenses": 1217,
        "Total revenue financing activities": 137,
        "Net profit from business activities": 2026,
        "Profit": 5,
        "Profit before tax": 2031,
        "Present corporate income tax expenses": 284,
        "Deferred income taxes expenses": "N/A",
        "The interests of minority shareholders": "N/A",
        "Total Cost of profits": 284,
        "Profit after tax corporate income": 1747,
        "Volume": 3500000,
        "Close of Quarter": 10.3,
        "EPS": 1037.5,
        "Non-adjusted EPS": 2378,
        "PE": 4.3,
        "Book Price": 8.0
      }
    },
    {
      "quarter": "Q4 2007",
      "income status": {
        "Net sales": 23300,
        "Cost of goods sold": 21134,
        "Gross Profit": 2165,
        "Financial expenses": 568,
        "Of which: Interest expense": "N/A",
        "Cost of sales": 430,
        "Enterprise cost management": 678,
        "Total Operating Expenses": 1676,
        "Total revenue financing activities": 1999,
        "Net profit from business activities": 2488,
        "Profit": 184,
        "Profit before tax": 2672,
        "Present corporate income tax expenses": 289,
        "Deferred income taxes expenses": "N/A",
        "The interests of minority shareholders": "N/A",
        "Total Cost of profits": 289,
        "Profit after tax corporate income": 2383,
        "Volume": 1500000,
        "Close of Quarter": 32.6,
        "EPS": 926.5,
        "Non-adjusted EPS": 4955,
        "PE": 6.6,
        "Book Price": 7.9
      }
    },
    {
      "quarter": "Q3 2007",
      "income status": {
        "Net sales": 24584,
        "Cost of goods sold": 21658,
        "Gross Profit": 2926,
        "Financial expenses": 577,
        "Of which: Interest expense": "N/A",
        "Cost of sales": 351,
        "Enterprise cost management": 471,
        "Total Operating Expenses": 1399,
        "Total revenue financing activities": 316,
        "Net profit from business activities": 1843,
        "Profit": 10,
        "Profit before tax": 1852,
        "Present corporate income tax expenses": 231,
        "Deferred income taxes expenses": "N/A",
        "The interests of minority shareholders": "N/A",
        "Total Cost of profits": 231,
        "Profit after tax corporate income": 1621,
        "Volume": 1500000,
        "Close of Quarter": 12.5,
        "EPS": 748.3,
        "Non-adjusted EPS": 4002,
        "PE": 3.1,
        "Book Price": 3.3
      }
    },
    {
      "quarter": "Q2 2007",
      "income status": {
        "Net sales": 27446,
        "Cost of goods sold": 23173,
        "Gross Profit": 4273,
        "Financial expenses": 585,
        "Of which: Interest expense": "N/A",
        "Cost of sales": 364,
        "Enterprise cost management": 496,
        "Total Operating Expenses": 1445,
        "Total revenue financing activities": 152,
        "Net profit from business activities": 2979,
        "Profit": 1,
        "Profit before tax": 2980,
        "Present corporate income tax expenses": 407,
        "Deferred income taxes expenses": "N/A",
        "The interests of minority shareholders": "N/A",
        "Total Cost of profits": 407,
        "Profit after tax corporate income": 2573,
        "Volume": 1500000,
        "Close of Quarter": 8.4,
        "EPS": 654.6,
        "Non-adjusted EPS": 3501,
        "PE": 2.4,
        "Book Price": 3.2
      }
    },
    {
      "quarter": "Q1 2007",
      "income status": {
        "Net sales": 16179,
        "Cost of goods sold": 14042,
        "Gross Profit": 2137,
        "Financial expenses": 632,
        "Of which: Interest expense": "N/A",
        "Cost of sales": 242,
        "Enterprise cost management": 520,
        "Total Operating Expenses": 1394,
        "Total revenue financing activities": 218,
        "Net profit from business activities": 961,
        "Profit": 1,
        "Profit before tax": 962,
        "Present corporate income tax expenses": 108,
        "Deferred income taxes expenses": "N/A",
        "The interests of minority shareholders": "N/A",
        "Total Cost of profits": 108,
        "Profit after tax corporate income": 855,
        "Volume": 1500000,
        "Close of Quarter": 10.0,
        "EPS": 333.8,
        "Non-adjusted EPS": 1785,
        "PE": 5.6,
        "Book Price": 2.9
      }
    },
    {
      "quarter": "Q4 2006",
      "income status": {
        "Net sales": 21160,
        "Cost of goods sold": 18546,
        "Gross Profit": 2614,
        "Financial expenses": 697,
        "Of which: Interest expense": "N/A",
        "Cost of sales": 390,
        "Enterprise cost management": 663,
        "Total Operating Expenses": 1750,
        "Total revenue financing activities": 89,
        "Net profit from business activities": 952,
        "Profit": 1,
        "Profit before tax": 954,
        "Present corporate income tax expenses": "N/A",
        "Deferred income taxes expenses": "N/A",
        "The interests of minority shareholders": "N/A",
        "Total Cost of profits": 0,
        "Profit after tax corporate income": 954,
        "Volume": 800000,
        "Close of Quarter": 4.4,
        "EPS": 227.3,
        "Non-adjusted EPS": 2279,
        "PE": 2.0,
        "Book Price": 1.6
      }
    },
    {
      "quarter": "Q3 2006",
      "income status": {
        "Net sales": 20191,
        "Cost of goods sold": 18172,
        "Gross Profit": 2018,
        "Financial expenses": 608,
        "Of which: Interest expense": "N/A",
        "Cost of sales": 251,
        "Enterprise cost management": 419,
        "Total Operating Expenses": 1278,
        "Total revenue financing activities": 147,
        "Net profit from business activities": 886,
        "Profit": "N/A",
        "Profit before tax": 869,
        "Present corporate income tax expenses": "N/A",
        "Deferred income taxes expenses": "N/A",
        "The interests of minority shareholders": "N/A",
        "Total Cost of profits": 0,
        "Profit after tax corporate income": 869,
        "Volume": 800000,
        "Close of Quarter": "N/A",
        "EPS": 108.3,
        "Non-adjusted EPS": 1086,
        "PE": "N/A",
        "Book Price": 1.5
      }
    }
  ]
}