{
  "ticker": "MIH",
  "data": [
    {
      "quarter": "Q2 2013",
      "income status": {
        "Net sales": 98020,
        "Cost of goods sold": 86005,
        "Gross Profit": 12015,
        "Financial expenses": 1453,
        "Of which: Interest expense": 1198,
        "Cost of sales": 5254,
        "Enterprise cost management": 3267,
        "Total Operating Expenses": 9974,
        "Total revenue financing activities": 48,
        "Net profit from business activities": 2089,
        "Profit": -2,
        "Profit before tax": 2087,
        "Present corporate income tax expenses": 181,
        "Deferred income taxes expenses": "N/A",
        "The interests of minority shareholders": "N/A",
        "Total Cost of profits": 181,
        "Profit after tax corporate income": 1905,
        "Volume": 3780000,
        "Close of Quarter": 5.5,
        "EPS": 1194,
        "Non-adjusted EPS": 1194,
        "PE": 4.6,
        "Book Price": 13.3
      }
    },
    {
      "quarter": "Q1 2013",
      "income status": {
        "Net sales": 77406,
        "Cost of goods sold": 67862,
        "Gross Profit": 9544,
        "Financial expenses": 1963,
        "Of which: Interest expense": 1400,
        "Cost of sales": 4304,
        "Enterprise cost management": 3371,
        "Total Operating Expenses": 9638,
        "Total revenue financing activities": 322,
        "Net profit from business activities": 229,
        "Profit": 1,
        "Profit before tax": 230,
        "Present corporate income tax expenses": 23,
        "Deferred income taxes expenses": "N/A",
        "The interests of minority shareholders": "N/A",
        "Total Cost of profits": 23,
        "Profit after tax corporate income": 207,
        "Volume": 3780000,
        "Close of Quarter": 8.2,
        "EPS": 1265,
        "Non-adjusted EPS": 1265,
        "PE": 6.5,
        "Book Price": 12.8
      }
    },
    {
      "quarter": "Q4 2012",
      "income status": {
        "Net sales": 78819,
        "Cost of goods sold": 68863,
        "Gross Profit": 9957,
        "Financial expenses": 1506,
        "Of which: Interest expense": 1500,
        "Cost of sales": 4855,
        "Enterprise cost management": 2862,
        "Total Operating Expenses": 9223,
        "Total revenue financing activities": 88,
        "Net profit from business activities": 821,
        "Profit": -243,
        "Profit before tax": 579,
        "Present corporate income tax expenses": 110,
        "Deferred income taxes expenses": "N/A",
        "The interests of minority shareholders": "N/A",
        "Total Cost of profits": 110,
        "Profit after tax corporate income": 468,
        "Volume": 3780000,
        "Close of Quarter": 10.8,
        "EPS": 1304,
        "Non-adjusted EPS": 1304,
        "PE": 8.3,
        "Book Price": 12.7
      }
    },
    {
      "quarter": "Q3 2012",
      "income status": {
        "Net sales": 101344,
        "Cost of goods sold": 89585,
        "Gross Profit": 11760,
        "Financial expenses": 1912,
        "Of which: Interest expense": 1879,
        "Cost of sales": 4196,
        "Enterprise cost management": 3508,
        "Total Operating Expenses": 9616,
        "Total revenue financing activities": 92,
        "Net profit from business activities": 2235,
        "Profit": -90,
        "Profit before tax": 2145,
        "Present corporate income tax expenses": 210,
        "Deferred income taxes expenses": "N/A",
        "The interests of minority shareholders": "N/A",
        "Total Cost of profits": 210,
        "Profit after tax corporate income": 1935,
        "Volume": 3780000,
        "Close of Quarter": 11.6,
        "EPS": 3361,
        "Non-adjusted EPS": 3361,
        "PE": 3.5,
        "Book Price": 12.6
      }
    },
    {
      "quarter": "Q2 2012",
      "income status": {
        "Net sales": 114598,
        "Cost of goods sold": 103215,
        "Gross Profit": 11383,
        "Financial expenses": 2362,
        "Of which: Interest expense": 2359,
        "Cost of sales": 3493,
        "Enterprise cost management": 3087,
        "Total Operating Expenses": 8942,
        "Total revenue financing activities": 67,
        "Net profit from business activities": 2508,
        "Profit": -39,
        "Profit before tax": 2469,
        "Present corporate income tax expenses": 296,
        "Deferred income taxes expenses": "N/A",
        "The interests of minority shareholders": "N/A",
        "Total Cost of profits": 296,
        "Profit after tax corporate income": 2173,
        "Volume": 3780000,
        "Close of Quarter": 12.4,
        "EPS": 1499,
        "Non-adjusted EPS": 1499,
        "PE": 8.3,
        "Book Price": 12.1
      }
    },
    {
      "quarter": "Q1 2012",
      "income status": {
        "Net sales": 71889,
        "Cost of goods sold": 63667,
        "Gross Profit": 8222,
        "Financial expenses": 2654,
        "Of which: Interest expense": 2612,
        "Cost of sales": 2341,
        "Enterprise cost management": 2696,
        "Total Operating Expenses": 7691,
        "Total revenue financing activities": 12,
        "Net profit from business activities": 544,
        "Profit": -152,
        "Profit before tax": 392,
        "Present corporate income tax expenses": 39,
        "Deferred income taxes expenses": "N/A",
        "The interests of minority shareholders": "N/A",
        "Total Cost of profits": 39,
        "Profit after tax corporate income": 353,
        "Volume": 3780000,
        "Close of Quarter": 9.4,
        "EPS": 2206,
        "Non-adjusted EPS": 2206,
        "PE": 4.3,
        "Book Price": 11.5
      }
    },
    {
      "quarter": "Q4 2011",
      "income status": {
        "Net sales": 99687,
        "Cost of goods sold": 80418,
        "Gross Profit": 19269,
        "Financial expenses": 4365,
        "Of which: Interest expense": 3205,
        "Cost of sales": 3362,
        "Enterprise cost management": 2927,
        "Total Operating Expenses": 10654,
        "Total revenue financing activities": 414,
        "Net profit from business activities": 9028,
        "Profit": -433,
        "Profit before tax": 8595,
        "Present corporate income tax expenses": 351,
        "Deferred income taxes expenses": "N/A",
        "The interests of minority shareholders": "N/A",
        "Total Cost of profits": 351,
        "Profit after tax corporate income": 8244,
        "Volume": 3780000,
        "Close of Quarter": 11.4,
        "EPS": 1002,
        "Non-adjusted EPS": 1002,
        "PE": 11.4,
        "Book Price": 11.4
      }
    },
    {
      "quarter": "Q3 2011",
      "income status": {
        "Net sales": 98757,
        "Cost of goods sold": 92397,
        "Gross Profit": 6359,
        "Financial expenses": 4444,
        "Of which: Interest expense": 3923,
        "Cost of sales": 4618,
        "Enterprise cost management": 2747,
        "Total Operating Expenses": 11809,
        "Total revenue financing activities": 278,
        "Net profit from business activities": -5172,
        "Profit": 68,
        "Profit before tax": -5104,
        "Present corporate income tax expenses": "N/A",
        "Deferred income taxes expenses": "N/A",
        "The interests of minority shareholders": "N/A",
        "Total Cost of profits": 0,
        "Profit after tax corporate income": -5104,
        "Volume": 3780000,
        "Close of Quarter": 21.9,
        "EPS": -331,
        "Non-adjusted EPS": -331,
        "PE": -66.2,
        "Book Price": 10.3
      }
    },
    {
      "quarter": "Q2 2011",
      "income status": {
        "Net sales": 121154,
        "Cost of goods sold": 103620,
        "Gross Profit": 17534,
        "Financial expenses": 5896,
        "Of which: Interest expense": 4568,
        "Cost of sales": 4780,
        "Enterprise cost management": 2284,
        "Total Operating Expenses": 12960,
        "Total revenue financing activities": 323,
        "Net profit from business activities": 4897,
        "Profit": 32,
        "Profit before tax": 4929,
        "Present corporate income tax expenses": 82,
        "Deferred income taxes expenses": "N/A",
        "The interests of minority shareholders": "N/A",
        "Total Cost of profits": 82,
        "Profit after tax corporate income": 4847,
        "Volume": 3780000,
        "Close of Quarter": 20.8,
        "EPS": 3307,
        "Non-adjusted EPS": 3307,
        "PE": 6.3,
        "Book Price": 11.6
      }
    },
    {
      "quarter": "Q1 2011",
      "income status": {
        "Net sales": 66289,
        "Cost of goods sold": 63059,
        "Gross Profit": 3230,
        "Financial expenses": 3573,
        "Of which: Interest expense": 3545,
        "Cost of sales": 3626,
        "Enterprise cost management": 1551,
        "Total Operating Expenses": 8750,
        "Total revenue financing activities": 1325,
        "Net profit from business activities": -4194,
        "Profit": -6,
        "Profit before tax": -4201,
        "Present corporate income tax expenses": "N/A",
        "Deferred income taxes expenses": "N/A",
        "The interests of minority shareholders": "N/A",
        "Total Cost of profits": 0,
        "Profit after tax corporate income": -4201,
        "Volume": 3780000,
        "Close of Quarter": 35.9,
        "EPS": 3928,
        "Non-adjusted EPS": 3928,
        "PE": 9.1,
        "Book Price": 10.3
      }
    },
    {
      "quarter": "Q4 2010",
      "income status": {
        "Net sales": 79562,
        "Cost of goods sold": 70316,
        "Gross Profit": 9246,
        "Financial expenses": 2492,
        "Of which: Interest expense": 2186,
        "Cost of sales": 2239,
        "Enterprise cost management": 2258,
        "Total Operating Expenses": 6989,
        "Total revenue financing activities": 1781,
        "Net profit from business activities": 4038,
        "Profit": -395,
        "Profit before tax": 3643,
        "Present corporate income tax expenses": 438,
        "Deferred income taxes expenses": "N/A",
        "The interests of minority shareholders": "N/A",
        "Total Cost of profits": 438,
        "Profit after tax corporate income": 3205,
        "Volume": 3780000,
        "Close of Quarter": 43.2,
        "EPS": 6311,
        "Non-adjusted EPS": 6311,
        "PE": 6.9,
        "Book Price": 11.8
      }
    },
    {
      "quarter": "Q3 2010",
      "income status": {
        "Net sales": 71688,
        "Cost of goods sold": 59327,
        "Gross Profit": 12361,
        "Financial expenses": 2125,
        "Of which: Interest expense": 2083,
        "Cost of sales": 1298,
        "Enterprise cost management": 1087,
        "Total Operating Expenses": 4510,
        "Total revenue financing activities": 1302,
        "Net profit from business activities": 9153,
        "Profit": "N/A",
        "Profit before tax": 9153,
        "Present corporate income tax expenses": 502,
        "Deferred income taxes expenses": "N/A",
        "The interests of minority shareholders": "N/A",
        "Total Cost of profits": 502,
        "Profit after tax corporate income": 8651,
        "Volume": 4000000,
        "Close of Quarter": 48.2,
        "EPS": 6650.8,
        "Non-adjusted EPS": 6285,
        "PE": 7.7,
        "Book Price": 14.9
      }
    },
    {
      "quarter": "Q2 2010",
      "income status": {
        "Net sales": 76293,
        "Cost of goods sold": 64973,
        "Gross Profit": 11320,
        "Financial expenses": 2228,
        "Of which: Interest expense": 2130,
        "Cost of sales": 476,
        "Enterprise cost management": 646,
        "Total Operating Expenses": 3350,
        "Total revenue financing activities": 12,
        "Net profit from business activities": 7983,
        "Profit": -99,
        "Profit before tax": 7885,
        "Present corporate income tax expenses": 693,
        "Deferred income taxes expenses": "N/A",
        "The interests of minority shareholders": "N/A",
        "Total Cost of profits": 693,
        "Profit after tax corporate income": 7192,
        "Volume": 4000000,
        "Close of Quarter": 48.8,
        "EPS": 5000,
        "Non-adjusted EPS": 4725,
        "PE": 10.3,
        "Book Price": 12.6
      }
    },
    {
      "quarter": "Q1 2010",
      "income status": {
        "Net sales": 56170,
        "Cost of goods sold": 47141,
        "Gross Profit": 9029,
        "Financial expenses": 2132,
        "Of which: Interest expense": 1651,
        "Cost of sales": 836,
        "Enterprise cost management": 783,
        "Total Operating Expenses": 3751,
        "Total revenue financing activities": 10,
        "Net profit from business activities": 5289,
        "Profit": "N/A",
        "Profit before tax": 5289,
        "Present corporate income tax expenses": 480,
        "Deferred income taxes expenses": "N/A",
        "The interests of minority shareholders": "N/A",
        "Total Cost of profits": 480,
        "Profit after tax corporate income": 4809,
        "Volume": 4000000,
        "Close of Quarter": "N/A",
        "EPS": 3865.6,
        "Non-adjusted EPS": 3653,
        "PE": "N/A",
        "Book Price": 13.9
      }
    },
    {
      "quarter": "Q4 2009",
      "income status": {
        "Net sales": 31160,
        "Cost of goods sold": 23077,
        "Gross Profit": 8084,
        "Financial expenses": 1227,
        "Of which: Interest expense": 867,
        "Cost of sales": "N/A",
        "Enterprise cost management": 960,
        "Total Operating Expenses": 2187,
        "Total revenue financing activities": 5,
        "Net profit from business activities": 5902,
        "Profit": -1415,
        "Profit before tax": 4486,
        "Present corporate income tax expenses": "N/A",
        "Deferred income taxes expenses": "N/A",
        "The interests of minority shareholders": "N/A",
        "Total Cost of profits": 0,
        "Profit after tax corporate income": 4486,
        "Volume": 4000000,
        "Close of Quarter": "N/A",
        "EPS": 2593.7,
        "Non-adjusted EPS": 2451,
        "PE": "N/A",
        "Book Price": "N/A"
      }
    },
    {
      "quarter": "Q3 2009",
      "income status": {
        "Net sales": 31006,
        "Cost of goods sold": 28021,
        "Gross Profit": 2985,
        "Financial expenses": 1153,
        "Of which: Interest expense": 934,
        "Cost of sales": "N/A",
        "Enterprise cost management": 877,
        "Total Operating Expenses": 2030,
        "Total revenue financing activities": 45,
        "Net profit from business activities": 1001,
        "Profit": 1411,
        "Profit before tax": 2412,
        "Present corporate income tax expenses": "N/A",
        "Deferred income taxes expenses": "N/A",
        "The interests of minority shareholders": "N/A",
        "Total Cost of profits": 0,
        "Profit after tax corporate income": 2412,
        "Volume": 4000000,
        "Close of Quarter": "N/A",
        "EPS": 1407.4,
        "Non-adjusted EPS": 1330,
        "PE": "N/A",
        "Book Price": "N/A"
      }
    },
    {
      "quarter": "Q1 2009",
      "income status": {
        "Net sales": 24606,
        "Cost of goods sold": 20113,
        "Gross Profit": 4493,
        "Financial expenses": 914,
        "Of which: Interest expense": 914,
        "Cost of sales": 15,
        "Enterprise cost management": 670,
        "Total Operating Expenses": 1599,
        "Total revenue financing activities": 11,
        "Net profit from business activities": 2906,
        "Profit": "N/A",
        "Profit before tax": 2906,
        "Present corporate income tax expenses": "N/A",
        "Deferred income taxes expenses": "N/A",
        "The interests of minority shareholders": "N/A",
        "Total Cost of profits": 0,
        "Profit after tax corporate income": 2906,
        "Volume": 4000000,
        "Close of Quarter": "N/A",
        "EPS": 769.3,
        "Non-adjusted EPS": 727,
        "PE": "N/A",
        "Book Price": "N/A"
      }
    }
  ]
}