{
  "ticker": "SJE",
  "data": [
    {
      "quarter": "Q1 2017",
      "income status": {
        "Net sales": 138378,
        "Cost of goods sold": 102890,
        "Gross Profit": 35488,
        "Financial expenses": 13190,
        "Of which: Interest expense": 9273,
        "Cost of sales": "N/A",
        "Enterprise cost management": 18146,
        "Total Operating Expenses": 31336,
        "Total revenue financing activities": 1393,
        "Net profit from business activities": 5544,
        "Profit": 913,
        "Profit before tax": 6457,
        "Present corporate income tax expenses": 41,
        "Deferred income taxes expenses": 780,
        "The interests of minority shareholders": -16,
        "Total Cost of profits": 805,
        "Profit after tax corporate income": 5652,
        "Volume": 11553105,
        "Close of Quarter": 29.5,
        "EPS": 2158,
        "Non-adjusted EPS": 2158,
        "PE": 13.7,
        "Book Price": 37.2
      }
    },
    {
      "quarter": "Q4 2016",
      "income status": {
        "Net sales": 291508,
        "Cost of goods sold": 221556,
        "Gross Profit": 69952,
        "Financial expenses": 15182,
        "Of which: Interest expense": 14191,
        "Cost of sales": "N/A",
        "Enterprise cost management": 31391,
        "Total Operating Expenses": 46573,
        "Total revenue financing activities": 657,
        "Net profit from business activities": 24037,
        "Profit": 8963,
        "Profit before tax": 33000,
        "Present corporate income tax expenses": 7884,
        "Deferred income taxes expenses": -2626,
        "The interests of minority shareholders": 2500,
        "Total Cost of profits": 7758,
        "Profit after tax corporate income": 25242,
        "Volume": 11553105,
        "Close of Quarter": 25.4,
        "EPS": 2496,
        "Non-adjusted EPS": 2496,
        "PE": 10.2,
        "Book Price": 37.4
      }
    },
    {
      "quarter": "Q3 2016",
      "income status": {
        "Net sales": 106377,
        "Cost of goods sold": 87071,
        "Gross Profit": 19306,
        "Financial expenses": 11139,
        "Of which: Interest expense": 9721,
        "Cost of sales": "N/A",
        "Enterprise cost management": 17617,
        "Total Operating Expenses": 28756,
        "Total revenue financing activities": 152,
        "Net profit from business activities": -9298,
        "Profit": 5314,
        "Profit before tax": -3984,
        "Present corporate income tax expenses": -1388,
        "Deferred income taxes expenses": -202,
        "The interests of minority shareholders": 1019,
        "Total Cost of profits": -571,
        "Profit after tax corporate income": -3413,
        "Volume": 11553105,
        "Close of Quarter": 25.8,
        "EPS": 5901,
        "Non-adjusted EPS": 5901,
        "PE": 4.4,
        "Book Price": 35
      }
    },
    {
      "quarter": "Q2 2016",
      "income status": {
        "Net sales": 319190,
        "Cost of goods sold": 298807,
        "Gross Profit": 20383,
        "Financial expenses": 8811,
        "Of which: Interest expense": 7115,
        "Cost of sales": "N/A",
        "Enterprise cost management": 23786,
        "Total Operating Expenses": 32597,
        "Total revenue financing activities": 1062,
        "Net profit from business activities": -11152,
        "Profit": 10180,
        "Profit before tax": -972,
        "Present corporate income tax expenses": 1725,
        "Deferred income taxes expenses": -900,
        "The interests of minority shareholders": 749,
        "Total Cost of profits": 1574,
        "Profit after tax corporate income": -2546,
        "Volume": 11553105,
        "Close of Quarter": 29.4,
        "EPS": 6302,
        "Non-adjusted EPS": 6302,
        "PE": 4.7,
        "Book Price": 35.2
      }
    },
    {
      "quarter": "Q1 2016",
      "income status": {
        "Net sales": 249838,
        "Cost of goods sold": 215929,
        "Gross Profit": 33909,
        "Financial expenses": 6837,
        "Of which: Interest expense": 7242,
        "Cost of sales": "N/A",
        "Enterprise cost management": 15193,
        "Total Operating Expenses": 22030,
        "Total revenue financing activities": 754,
        "Net profit from business activities": 12632,
        "Profit": -517,
        "Profit before tax": 12116,
        "Present corporate income tax expenses": 22,
        "Deferred income taxes expenses": 1490,
        "The interests of minority shareholders": 1052,
        "Total Cost of profits": 2564,
        "Profit after tax corporate income": 9552,
        "Volume": 11553105,
        "Close of Quarter": 33.9,
        "EPS": 9099,
        "Non-adjusted EPS": 9099,
        "PE": 3.7,
        "Book Price": 37
      }
    },
    {
      "quarter": "Q4 2015",
      "income status": {
        "Net sales": 454694,
        "Cost of goods sold": 341516,
        "Gross Profit": 113178,
        "Financial expenses": 10675,
        "Of which: Interest expense": 7551,
        "Cost of sales": 102,
        "Enterprise cost management": 15891,
        "Total Operating Expenses": 26668,
        "Total revenue financing activities": 289,
        "Net profit from business activities": 86800,
        "Profit": -1444,
        "Profit before tax": 85356,
        "Present corporate income tax expenses": 17206,
        "Deferred income taxes expenses": -2,
        "The interests of minority shareholders": 3575,
        "Total Cost of profits": 20779,
        "Profit after tax corporate income": 64577,
        "Volume": 11553105,
        "Close of Quarter": 24.6,
        "EPS": 9409,
        "Non-adjusted EPS": 9409,
        "PE": 2.6,
        "Book Price": 38
      }
    },
    {
      "quarter": "Q3 2015",
      "income status": {
        "Net sales": 148766,
        "Cost of goods sold": 128366,
        "Gross Profit": 20400,
        "Financial expenses": 8968,
        "Of which: Interest expense": 7371,
        "Cost of sales": 65,
        "Enterprise cost management": 12877,
        "Total Operating Expenses": 21910,
        "Total revenue financing activities": 1920,
        "Net profit from business activities": 409,
        "Profit": 234,
        "Profit before tax": 643,
        "Present corporate income tax expenses": -1761,
        "Deferred income taxes expenses": -2,
        "The interests of minority shareholders": 1183,
        "Total Cost of profits": -580,
        "Profit after tax corporate income": 1224,
        "Volume": 11553105,
        "Close of Quarter": 23.6,
        "EPS": 6128,
        "Non-adjusted EPS": 6128,
        "PE": 3.9,
        "Book Price": 30.5
      }
    },
    {
      "quarter": "Q2 2015",
      "income status": {
        "Net sales": 273471,
        "Cost of goods sold": 229419,
        "Gross Profit": 44052,
        "Financial expenses": -6918,
        "Of which: Interest expense": 3451,
        "Cost of sales": "N/A",
        "Enterprise cost management": 19184,
        "Total Operating Expenses": 12266,
        "Total revenue financing activities": 157,
        "Net profit from business activities": 33933,
        "Profit": -2,
        "Profit before tax": 33931,
        "Present corporate income tax expenses": 4113,
        "Deferred income taxes expenses": 46,
        "The interests of minority shareholders": "N/A",
        "Total Cost of profits": 4159,
        "Profit after tax corporate income": 29772,
        "Volume": 11553105,
        "Close of Quarter": 20.5,
        "EPS": 6470,
        "Non-adjusted EPS": 6470,
        "PE": 3.2,
        "Book Price": 27.1
      }
    },
    {
      "quarter": "Q1 2015",
      "income status": {
        "Net sales": 272082,
        "Cost of goods sold": 234010,
        "Gross Profit": 38072,
        "Financial expenses": 18426,
        "Of which: Interest expense": 3139,
        "Cost of sales": "N/A",
        "Enterprise cost management": 4102,
        "Total Operating Expenses": 22528,
        "Total revenue financing activities": 453,
        "Net profit from business activities": 15997,
        "Profit": -469,
        "Profit before tax": 15529,
        "Present corporate income tax expenses": 2406,
        "Deferred income taxes expenses": -2,
        "The interests of minority shareholders": "N/A",
        "Total Cost of profits": 2404,
        "Profit after tax corporate income": 13125,
        "Volume": 11553105,
        "Close of Quarter": 17.9,
        "EPS": 4566,
        "Non-adjusted EPS": 4566,
        "PE": 3.9,
        "Book Price": 25
      }
    },
    {
      "quarter": "Q4 2014",
      "income status": {
        "Net sales": 507929,
        "Cost of goods sold": 419204,
        "Gross Profit": 88724,
        "Financial expenses": 12696,
        "Of which: Interest expense": 5220,
        "Cost of sales": "N/A",
        "Enterprise cost management": 35071,
        "Total Operating Expenses": 47767,
        "Total revenue financing activities": 695,
        "Net profit from business activities": 41653,
        "Profit": -6112,
        "Profit before tax": 35541,
        "Present corporate income tax expenses": 8855,
        "Deferred income taxes expenses": 10,
        "The interests of minority shareholders": "N/A",
        "Total Cost of profits": 8865,
        "Profit after tax corporate income": 26676,
        "Volume": 11553105,
        "Close of Quarter": 13.8,
        "EPS": 3927,
        "Non-adjusted EPS": 3927,
        "PE": 3.5,
        "Book Price": 25.1
      }
    },
    {
      "quarter": "Q3 2014",
      "income status": {
        "Net sales": 283404,
        "Cost of goods sold": 244272,
        "Gross Profit": 39132,
        "Financial expenses": 6054,
        "Of which: Interest expense": 4975,
        "Cost of sales": "N/A",
        "Enterprise cost management": 26548,
        "Total Operating Expenses": 32602,
        "Total revenue financing activities": 461,
        "Net profit from business activities": 6992,
        "Profit": -490,
        "Profit before tax": 6502,
        "Present corporate income tax expenses": 1336,
        "Deferred income taxes expenses": -14,
        "The interests of minority shareholders": "N/A",
        "Total Cost of profits": 1322,
        "Profit after tax corporate income": 5180,
        "Volume": 11548005,
        "Close of Quarter": 16.5,
        "EPS": 3186.6,
        "Non-adjusted EPS": 3188,
        "PE": 5.2,
        "Book Price": 22.3
      }
    },
    {
      "quarter": "Q2 2014",
      "income status": {
        "Net sales": 395460,
        "Cost of goods sold": 332562,
        "Gross Profit": 62898,
        "Financial expenses": 5980,
        "Of which: Interest expense": 5068,
        "Cost of sales": "N/A",
        "Enterprise cost management": 47894,
        "Total Operating Expenses": 53874,
        "Total revenue financing activities": 397,
        "Net profit from business activities": 9420,
        "Profit": -478,
        "Profit before tax": 8942,
        "Present corporate income tax expenses": 1190,
        "Deferred income taxes expenses": -18,
        "The interests of minority shareholders": "N/A",
        "Total Cost of profits": 1172,
        "Profit after tax corporate income": 7770,
        "Volume": 11548005,
        "Close of Quarter": 17.2,
        "EPS": 2694.8,
        "Non-adjusted EPS": 2696,
        "PE": 6.4,
        "Book Price": 21.5
      }
    },
    {
      "quarter": "Q1 2014",
      "income status": {
        "Net sales": 156945,
        "Cost of goods sold": 129422,
        "Gross Profit": 27523,
        "Financial expenses": 4787,
        "Of which: Interest expense": 4310,
        "Cost of sales": "N/A",
        "Enterprise cost management": 15208,
        "Total Operating Expenses": 19995,
        "Total revenue financing activities": 315,
        "Net profit from business activities": 7843,
        "Profit": -1076,
        "Profit before tax": 6767,
        "Present corporate income tax expenses": 1023,
        "Deferred income taxes expenses": "N/A",
        "The interests of minority shareholders": "N/A",
        "Total Cost of profits": 1023,
        "Profit after tax corporate income": 5744,
        "Volume": 10871797,
        "Close of Quarter": 16,
        "EPS": 2783.6,
        "Non-adjusted EPS": 2958,
        "PE": 5.4,
        "Book Price": 22.1
      }
    },
    {
      "quarter": "Q4 2013",
      "income status": {
        "Net sales": 290874,
        "Cost of goods sold": 250741,
        "Gross Profit": 40133,
        "Financial expenses": 6828,
        "Of which: Interest expense": 3371,
        "Cost of sales": "N/A",
        "Enterprise cost management": 19446,
        "Total Operating Expenses": 26274,
        "Total revenue financing activities": 7382,
        "Net profit from business activities": 21242,
        "Profit": -1023,
        "Profit before tax": 19525,
        "Present corporate income tax expenses": 2658,
        "Deferred income taxes expenses": "N/A",
        "The interests of minority shareholders": -1256,
        "Total Cost of profits": 1402,
        "Profit after tax corporate income": 18122,
        "Volume": 10871797,
        "Close of Quarter": 12.5,
        "EPS": 2613.2,
        "Non-adjusted EPS": 2777,
        "PE": 4.5,
        "Book Price": 21.5
      }
    },
    {
      "quarter": "Q3 2013",
      "income status": {
        "Net sales": 175465,
        "Cost of goods sold": 157873,
        "Gross Profit": 17593,
        "Financial expenses": 5177,
        "Of which: Interest expense": 4796,
        "Cost of sales": "N/A",
        "Enterprise cost management": 15286,
        "Total Operating Expenses": 20463,
        "Total revenue financing activities": 1257,
        "Net profit from business activities": -1613,
        "Profit": -695,
        "Profit before tax": -2173,
        "Present corporate income tax expenses": 328,
        "Deferred income taxes expenses": "N/A",
        "The interests of minority shareholders": -1999,
        "Total Cost of profits": -1671,
        "Profit after tax corporate income": -502,
        "Volume": 7991797,
        "Close of Quarter": 10.2,
        "EPS": 1817.2,
        "Non-adjusted EPS": 2627,
        "PE": 3.9,
        "Book Price": 16.5
      }
    },
    {
      "quarter": "Q2 2013",
      "income status": {
        "Net sales": 203175,
        "Cost of goods sold": 166562,
        "Gross Profit": 36613,
        "Financial expenses": 7501,
        "Of which: Interest expense": 6023,
        "Cost of sales": "N/A",
        "Enterprise cost management": 15240,
        "Total Operating Expenses": 22741,
        "Total revenue financing activities": 329,
        "Net profit from business activities": 14202,
        "Profit": -570,
        "Profit before tax": 13628,
        "Present corporate income tax expenses": 2532,
        "Deferred income taxes expenses": "N/A",
        "The interests of minority shareholders": 2304,
        "Total Cost of profits": 4836,
        "Profit after tax corporate income": 8792,
        "Volume": 7991797,
        "Close of Quarter": 7.2,
        "EPS": 2387.2,
        "Non-adjusted EPS": 3451,
        "PE": 2.1,
        "Book Price": 16.5
      }
    },
    {
      "quarter": "Q1 2013",
      "income status": {
        "Net sales": 160556,
        "Cost of goods sold": 137721,
        "Gross Profit": 22835,
        "Financial expenses": 5622,
        "Of which: Interest expense": 5147,
        "Cost of sales": "N/A",
        "Enterprise cost management": 13965,
        "Total Operating Expenses": 19587,
        "Total revenue financing activities": 740,
        "Net profit from business activities": 3988,
        "Profit": 716,
        "Profit before tax": 5265,
        "Present corporate income tax expenses": 537,
        "Deferred income taxes expenses": "N/A",
        "The interests of minority shareholders": 950,
        "Total Cost of profits": 1487,
        "Profit after tax corporate income": 3778,
        "Volume": 7991797,
        "Close of Quarter": 6.7,
        "EPS": 2289.0,
        "Non-adjusted EPS": 3309,
        "PE": 2.0,
        "Book Price": 17.0
      }
    },
    {
      "quarter": "Q4 2012",
      "income status": {
        "Net sales": 231880,
        "Cost of goods sold": 200201,
        "Gross Profit": 31680,
        "Financial expenses": 6921,
        "Of which: Interest expense": 6206,
        "Cost of sales": "N/A",
        "Enterprise cost management": 18891,
        "Total Operating Expenses": 25812,
        "Total revenue financing activities": 3059,
        "Net profit from business activities": 8926,
        "Profit": 1270,
        "Profit before tax": 11344,
        "Present corporate income tax expenses": 1124,
        "Deferred income taxes expenses": "N/A",
        "The interests of minority shareholders": 1296,
        "Total Cost of profits": 2420,
        "Profit after tax corporate income": 8924,
        "Volume": 7991797,
        "Close of Quarter": 5.5,
        "EPS": 2285.5,
        "Non-adjusted EPS": 3304,
        "PE": 1.7,
        "Book Price": 16.6
      }
    },
    {
      "quarter": "Q3 2012",
      "income status": {
        "Net sales": 218526,
        "Cost of goods sold": 191148,
        "Gross Profit": 27378,
        "Financial expenses": 6829,
        "Of which: Interest expense": "N/A",
        "Cost of sales": "N/A",
        "Enterprise cost management": 13032,
        "Total Operating Expenses": 19861,
        "Total revenue financing activities": 652,
        "Net profit from business activities": 8169,
        "Profit": 312,
        "Profit before tax": 8962,
        "Present corporate income tax expenses": 713,
        "Deferred income taxes expenses": "N/A",
        "The interests of minority shareholders": 2161,
        "Total Cost of profits": 2874,
        "Profit after tax corporate income": 6089,
        "Volume": 7991797,
        "Close of Quarter": 5.0,
        "EPS": 2295.9,
        "Non-adjusted EPS": 3319,
        "PE": 1.5,
        "Book Price": 16.1
      }
    },
    {
      "quarter": "Q2 2012",
      "income status": {
        "Net sales": 256552,
        "Cost of goods sold": 221614,
        "Gross Profit": 34938,
        "Financial expenses": 9408,
        "Of which: Interest expense": 15696,
        "Cost of sales": "N/A",
        "Enterprise cost management": 15688,
        "Total Operating Expenses": 25096,
        "Total revenue financing activities": 820,
        "Net profit from business activities": 10662,
        "Profit": -209,
        "Profit before tax": 10676,
        "Present corporate income tax expenses": 948,
        "Deferred income taxes expenses": "N/A",
        "The interests of minority shareholders": 2077,
        "Total Cost of profits": 3025,
        "Profit after tax corporate income": 7650,
        "Volume": 7991797,
        "Close of Quarter": 5.3,
        "EPS": 1958.3,
        "Non-adjusted EPS": 2831,
        "PE": 1.9,
        "Book Price": 16.6
      }
    },
    {
      "quarter": "Q1 2012",
      "income status": {
        "Net sales": 167540,
        "Cost of goods sold": 140784,
        "Gross Profit": 26756,
        "Financial expenses": 8729,
        "Of which: Interest expense": "N/A",
        "Cost of sales": "N/A",
        "Enterprise cost management": 12679,
        "Total Operating Expenses": 21408,
        "Total revenue financing activities": 1042,
        "Net profit from business activities": 6389,
        "Profit": 781,
        "Profit before tax": 7317,
        "Present corporate income tax expenses": 1857,
        "Deferred income taxes expenses": "N/A",
        "The interests of minority shareholders": 1720,
        "Total Cost of profits": 3577,
        "Profit after tax corporate income": 3740,
        "Volume": 7991797,
        "Close of Quarter": 4.9,
        "EPS": 1716.2,
        "Non-adjusted EPS": 2481,
        "PE": 2.0,
        "Book Price": 16.1
      }
    },
    {
      "quarter": "Q4 2011",
      "income status": {
        "Net sales": 221000,
        "Cost of goods sold": 184906,
        "Gross Profit": 36094,
        "Financial expenses": 6339,
        "Of which: Interest expense": "N/A",
        "Cost of sales": "N/A",
        "Enterprise cost management": 16062,
        "Total Operating Expenses": 22401,
        "Total revenue financing activities": 625,
        "Net profit from business activities": 14319,
        "Profit": -673,
        "Profit before tax": 14927,
        "Present corporate income tax expenses": 2233,
        "Deferred income taxes expenses": "N/A",
        "The interests of minority shareholders": 3645,
        "Total Cost of profits": 5878,
        "Profit after tax corporate income": 9048,
        "Volume": 7991797,
        "Close of Quarter": 3.4,
        "EPS": 1768.8,
        "Non-adjusted EPS": 2557,
        "PE": 1.3,
        "Book Price": 15.5
      }
    },
    {
      "quarter": "Q3 2011",
      "income status": {
        "Net sales": 236776,
        "Cost of goods sold": 213996,
        "Gross Profit": 22780,
        "Financial expenses": 7218,
        "Of which: Interest expense": "N/A",
        "Cost of sales": "N/A",
        "Enterprise cost management": 12985,
        "Total Operating Expenses": 20203,
        "Total revenue financing activities": 295,
        "Net profit from business activities": 2873,
        "Profit": 415,
        "Profit before tax": 3302,
        "Present corporate income tax expenses": 1671,
        "Deferred income taxes expenses": "N/A",
        "The interests of minority shareholders": -555,
        "Total Cost of profits": 1116,
        "Profit after tax corporate income": 2186,
        "Volume": 7991797,
        "Close of Quarter": 5.6,
        "EPS": 1378.0,
        "Non-adjusted EPS": 1992,
        "PE": 2.8,
        "Book Price": 14.9
      }
    },
    {
      "quarter": "Q2 2011",
      "income status": {
        "Net sales": 186313,
        "Cost of goods sold": 148598,
        "Gross Profit": 37715,
        "Financial expenses": 11563,
        "Of which: Interest expense": "N/A",
        "Cost of sales": "N/A",
        "Enterprise cost management": 19468,
        "Total Operating Expenses": 31031,
        "Total revenue financing activities": 341,
        "Net profit from business activities": 7026,
        "Profit": 395,
        "Profit before tax": 7982,
        "Present corporate income tax expenses": "N/A",
        "Deferred income taxes expenses": 1945,
        "The interests of minority shareholders": 1179,
        "Total Cost of profits": 3124,
        "Profit after tax corporate income": 4857,
        "Volume": 7991797,
        "Close of Quarter": 5.8,
        "EPS": 1587.6,
        "Non-adjusted EPS": 2295,
        "PE": 2.5,
        "Book Price": 14.7
      }
    },
    {
      "quarter": "Q1 2011",
      "income status": {
        "Net sales": 87850,
        "Cost of goods sold": 73654,
        "Gross Profit": 14197,
        "Financial expenses": 3973,
        "Of which: Interest expense": "N/A",
        "Cost of sales": "N/A",
        "Enterprise cost management": 4826,
        "Total Operating Expenses": 8799,
        "Total revenue financing activities": 679,
        "Net profit from business activities": 6077,
        "Profit": 361,
        "Profit before tax": 6576,
        "Present corporate income tax expenses": 1689,
        "Deferred income taxes expenses": "N/A",
        "The interests of minority shareholders": 546,
        "Total Cost of profits": 2235,
        "Profit after tax corporate income": 4341,
        "Volume": 7991797,
        "Close of Quarter": 7.6,
        "EPS": 1580.6,
        "Non-adjusted EPS": 2285,
        "PE": 3.3,
        "Book Price": 15.2
      }
    },
    {
      "quarter": "Q4 2010",
      "income status": {
        "Net sales": 186043,
        "Cost of goods sold": 150485,
        "Gross Profit": 35558,
        "Financial expenses": 4918,
        "Of which: Interest expense": "N/A",
        "Cost of sales": 72,
        "Enterprise cost management": 24914,
        "Total Operating Expenses": 29904,
        "Total revenue financing activities": 3245,
        "Net profit from business activities": 8899,
        "Profit": -1728,
        "Profit before tax": 7171,
        "Present corporate income tax expenses": 1731,
        "Deferred income taxes expenses": "N/A",
        "The interests of minority shareholders": 905,
        "Total Cost of profits": 2636,
        "Profit after tax corporate income": 4535,
        "Volume": 7991797,
        "Close of Quarter": 9.8,
        "EPS": 1669.2,
        "Non-adjusted EPS": 2413,
        "PE": 4.0,
        "Book Price": 15.1
      }
    },
    {
      "quarter": "Q3 2010",
      "income status": {
        "Net sales": 181719,
        "Cost of goods sold": 157170,
        "Gross Profit": 24549,
        "Financial expenses": 4438,
        "Of which: Interest expense": "N/A",
        "Cost of sales": -46,
        "Enterprise cost management": 15572,
        "Total Operating Expenses": 19964,
        "Total revenue financing activities": 1015,
        "Net profit from business activities": 5600,
        "Profit": 946,
        "Profit before tax": 7552,
        "Present corporate income tax expenses": 1746,
        "Deferred income taxes expenses": "N/A",
        "The interests of minority shareholders": 1200,
        "Total Cost of profits": 2946,
        "Profit after tax corporate income": 4606,
        "Volume": 4994900,
        "Close of Quarter": 13.0,
        "EPS": 1669.7,
        "Non-adjusted EPS": 3862,
        "PE": 3.4,
        "Book Price": 11.9
      }
    },
    {
      "quarter": "Q2 2010",
      "income status": {
        "Net sales": 249983,
        "Cost of goods sold": 215815,
        "Gross Profit": 34168,
        "Financial expenses": 6549,
        "Of which: Interest expense": "N/A",
        "Cost of sales": 46,
        "Enterprise cost management": 18078,
        "Total Operating Expenses": 24673,
        "Total revenue financing activities": 2130,
        "Net profit from business activities": 11625,
        "Profit": 16,
        "Profit before tax": 11642,
        "Present corporate income tax expenses": 3004,
        "Deferred income taxes expenses": "N/A",
        "The interests of minority shareholders": 3856,
        "Total Cost of profits": 6860,
        "Profit after tax corporate income": 4781,
        "Volume": 4994900,
        "Close of Quarter": 15.5,
        "EPS": 1883.3,
        "Non-adjusted EPS": 4356,
        "PE": 3.6,
        "Book Price": 11.7
      }
    },
    {
      "quarter": "Q1 2010",
      "income status": {
        "Net sales": 65738,
        "Cost of goods sold": 56726,
        "Gross Profit": 9012,
        "Financial expenses": 2838,
        "Of which: Interest expense": "N/A",
        "Cost of sales": "N/A",
        "Enterprise cost management": 3222,
        "Total Operating Expenses": 6060,
        "Total revenue financing activities": 1725,
        "Net profit from business activities": 4676,
        "Profit": 2537,
        "Profit before tax": 7213,
        "Present corporate income tax expenses": 1803,
        "Deferred income taxes expenses": "N/A",
        "The interests of minority shareholders": 44,
        "Total Cost of profits": 1847,
        "Profit after tax corporate income": 5366,
        "Volume": 4994900,
        "Close of Quarter": 15.5,
        "EPS": 2252.1,
        "Non-adjusted EPS": 5209,
        "PE": 3.0,
        "Book Price": 11.3
      }
    },
    {
      "quarter": "Q4 2009",
      "income status": {
        "Net sales": 186043,
        "Cost of goods sold": 150485,
        "Gross Profit": 35558,
        "Financial expenses": 4918,
        "Of which: Interest expense": "N/A",
        "Cost of sales": 72,
        "Enterprise cost management": 24914,
        "Total Operating Expenses": 29904,
        "Total revenue financing activities": 3245,
        "Net profit from business activities": 8899,
        "Profit": -1728,
        "Profit before tax": 7171,
        "Present corporate income tax expenses": 1731,
        "Deferred income taxes expenses": "N/A",
        "The interests of minority shareholders": 905,
        "Total Cost of profits": 2636,
        "Profit after tax corporate income": 4535,
        "Volume": 4994900,
        "Close of Quarter": 16.1,
        "EPS": 2214.5,
        "Non-adjusted EPS": 5122,
        "PE": 3.2,
        "Book Price": 11.7
      }
    },
    {
      "quarter": "Q3 2009",
      "income status": {
        "Net sales": 126098,
        "Cost of goods sold": 106010,
        "Gross Profit": 20088,
        "Financial expenses": 2900,
        "Of which: Interest expense": "N/A",
        "Cost of sales": 279,
        "Enterprise cost management": 10417,
        "Total Operating Expenses": 13596,
        "Total revenue financing activities": 1898,
        "Net profit from business activities": 8390,
        "Profit": 822,
        "Profit before tax": 9212,
        "Present corporate income tax expenses": 886,
        "Deferred income taxes expenses": "N/A",
        "The interests of minority shareholders": 1249,
        "Total Cost of profits": 2135,
        "Profit after tax corporate income": 7077,
        "Volume": 4955300,
        "Close of Quarter": 16.7,
        "EPS": 2250.5,
        "Non-adjusted EPS": 5247,
        "PE": 3.2,
        "Book Price": 10.9
      }
    },
    {
      "quarter": "Q2 2009",
      "income status": {
        "Net sales": 186713,
        "Cost of goods sold": 156740,
        "Gross Profit": 29973,
        "Financial expenses": 2216,
        "Of which: Interest expense": "N/A",
        "Cost of sales": 122,
        "Enterprise cost management": 14928,
        "Total Operating Expenses": 17266,
        "Total revenue financing activities": 301,
        "Net profit from business activities": 13007,
        "Profit": -10,
        "Profit before tax": 12998,
        "Present corporate income tax expenses": 1643,
        "Deferred income taxes expenses": "N/A",
        "The interests of minority shareholders": 2316,
        "Total Cost of profits": 3959,
        "Profit after tax corporate income": 9039,
        "Volume": 4955300,
        "Close of Quarter": 7.5,
        "EPS": 2210.6,
        "Non-adjusted EPS": 5154,
        "PE": 1.5,
        "Book Price": 10.4
      }
    },
    {
      "quarter": "Q1 2009",
      "income status": {
        "Net sales": 55869,
        "Cost of goods sold": 44958,
        "Gross Profit": 10911,
        "Financial expenses": 2421,
        "Of which: Interest expense": "N/A",
        "Cost of sales": "N/A",
        "Enterprise cost management": 4234,
        "Total Operating Expenses": 6655,
        "Total revenue financing activities": 684,
        "Net profit from business activities": 4940,
        "Profit": -5,
        "Profit before tax": 4935,
        "Present corporate income tax expenses": "N/A",
        "Deferred income taxes expenses": "N/A",
        "The interests of minority shareholders": "N/A",
        "Total Cost of profits": 0,
        "Profit after tax corporate income": 4935,
        "Volume": 4955300,
        "Close of Quarter": 5.7,
        "EPS": 1781.7,
        "Non-adjusted EPS": 4154,
        "PE": 1.4,
        "Book Price": 9.7
      }
    },
    {
      "quarter": "Q4 2008",
      "income status": {
        "Net sales": 104084,
        "Cost of goods sold": 92861,
        "Gross Profit": 11223,
        "Financial expenses": 3060,
        "Of which: Interest expense": "N/A",
        "Cost of sales": "N/A",
        "Enterprise cost management": 2295,
        "Total Operating Expenses": 5355,
        "Total revenue financing activities": -204,
        "Net profit from business activities": 5664,
        "Profit": 129,
        "Profit before tax": 5794,
        "Present corporate income tax expenses": 846,
        "Deferred income taxes expenses": "N/A",
        "The interests of minority shareholders": "N/A",
        "Total Cost of profits": 846,
        "Profit after tax corporate income": 4947,
        "Volume": 4955300,
        "Close of Quarter": 6.0,
        "EPS": 1739.7,
        "Non-adjusted EPS": 4056,
        "PE": 1.5,
        "Book Price": 9.7
      }
    },
    {
      "quarter": "Q3 2008",
      "income status": {
        "Net sales": 58462,
        "Cost of goods sold": 49811,
        "Gross Profit": 8650,
        "Financial expenses": 1950,
        "Of which: Interest expense": "N/A",
        "Cost of sales": "N/A",
        "Enterprise cost management": 2152,
        "Total Operating Expenses": 4102,
        "Total revenue financing activities": 1193,
        "Net profit from business activities": 5742,
        "Profit": 3304,
        "Profit before tax": 9046,
        "Present corporate income tax expenses": 2426,
        "Deferred income taxes expenses": "N/A",
        "The interests of minority shareholders": "N/A",
        "Total Cost of profits": 2426,
        "Profit after tax corporate income": 6620,
        "Volume": 4955300,
        "Close of Quarter": 9.0,
        "EPS": 1483.6,
        "Non-adjusted EPS": 3459,
        "PE": 2.6,
        "Book Price": 9.3
      }
    },
    {
      "quarter": "Q2 2008",
      "income status": {
        "Net sales": 110752,
        "Cost of goods sold": 96206,
        "Gross Profit": 14546,
        "Financial expenses": 4244,
        "Of which: Interest expense": "N/A",
        "Cost of sales": "N/A",
        "Enterprise cost management": 7577,
        "Total Operating Expenses": 11821,
        "Total revenue financing activities": 836,
        "Net profit from business activities": 3561,
        "Profit": 523,
        "Profit before tax": 4083,
        "Present corporate income tax expenses": "N/A",
        "Deferred income taxes expenses": "N/A",
        "The interests of minority shareholders": "N/A",
        "Total Cost of profits": 0,
        "Profit after tax corporate income": 4083,
        "Volume": 5000000,
        "Close of Quarter": 5.1,
        "EPS": 1159,
        "Non-adjusted EPS": 2678,
        "PE": 1.9,
        "Book Price": 8.8
      }
    },
    {
      "quarter": "Q1 2008",
      "income status": {
        "Net sales": 47589,
        "Cost of goods sold": 36482,
        "Gross Profit": 11107,
        "Financial expenses": 2608,
        "Of which: Interest expense": "N/A",
        "Cost of sales": "N/A",
        "Enterprise cost management": 4556,
        "Total Operating Expenses": 7164,
        "Total revenue financing activities": 476,
        "Net profit from business activities": 4419,
        "Profit": 31,
        "Profit before tax": 4450,
        "Present corporate income tax expenses": "N/A",
        "Deferred income taxes expenses": "N/A",
        "The interests of minority shareholders": "N/A",
        "Total Cost of profits": 0,
        "Profit after tax corporate income": 4450,
        "Volume": 5000000,
        "Close of Quarter": 8.7,
        "EPS": 1005.4,
        "Non-adjusted EPS": 2323,
        "PE": 3.7,
        "Book Price": 9.2
      }
    },
    {
      "quarter": "Q4 2007",
      "income status": {
        "Net sales": 106001,
        "Cost of goods sold": 91200,
        "Gross Profit": 14801,
        "Financial expenses": 3402,
        "Of which: Interest expense": "N/A",
        "Cost of sales": "N/A",
        "Enterprise cost management": 8785,
        "Total Operating Expenses": 12187,
        "Total revenue financing activities": 1318,
        "Net profit from business activities": 3932,
        "Profit": -208,
        "Profit before tax": 3724,
        "Present corporate income tax expenses": 1740,
        "Deferred income taxes expenses": "N/A",
        "The interests of minority shareholders": "N/A",
        "Total Cost of profits": 1740,
        "Profit after tax corporate income": 1985,
        "Volume": 5000000,
        "Close of Quarter": 24.1,
        "EPS": 925.3,
        "Non-adjusted EPS": 2138,
        "PE": 11.3,
        "Book Price": 8.8
      }
    },
    {
      "quarter": "Q3 2007",
      "income status": {
        "Net sales": 48808,
        "Cost of goods sold": 39522,
        "Gross Profit": 9286,
        "Financial expenses": 3382,
        "Of which: Interest expense": "N/A",
        "Cost of sales": "N/A",
        "Enterprise cost management": 3921,
        "Total Operating Expenses": 7303,
        "Total revenue financing activities": 886,
        "Net profit from business activities": 2869,
        "Profit": 1,
        "Profit before tax": 2870,
        "Present corporate income tax expenses": "N/A",
        "Deferred income taxes expenses": "N/A",
        "The interests of minority shareholders": "N/A",
        "Total Cost of profits": 0,
        "Profit after tax corporate income": 2870,
        "Volume": 2000000,
        "Close of Quarter": 13.6,
        "EPS": 1048.0,
        "Non-adjusted EPS": 6054,
        "PE": 2.2,
        "Book Price": 4.8
      }
    },
    {
      "quarter": "Q2 2007",
      "income status": {
        "Net sales": 57457,
        "Cost of goods sold": 44734,
        "Gross Profit": 12723,
        "Financial expenses": 3978,
        "Of which: Interest expense": "N/A",
        "Cost of sales": "N/A",
        "Enterprise cost management": 6972,
        "Total Operating Expenses": 10950,
        "Total revenue financing activities": 451,
        "Net profit from business activities": 2225,
        "Profit": 86,
        "Profit before tax": 2310,
        "Present corporate income tax expenses": "N/A",
        "Deferred income taxes expenses": "N/A",
        "The interests of minority shareholders": "N/A",
        "Total Cost of profits": 0,
        "Profit after tax corporate income": 2310,
        "Volume": 2000000,
        "Close of Quarter": 13.3,
        "EPS": 799.6,
        "Non-adjusted EPS": 4619,
        "PE": 2.9,
        "Book Price": 3.2
      }
    },
    {
      "quarter": "Q1 2007",
      "income status": {
        "Net sales": 29529,
        "Cost of goods sold": 23086,
        "Gross Profit": 6443,
        "Financial expenses": 2245,
        "Of which: Interest expense": "N/A",
        "Cost of sales": "N/A",
        "Enterprise cost management": 3207,
        "Total Operating Expenses": 5452,
        "Total revenue financing activities": 471,
        "Net profit from business activities": 1462,
        "Profit": 2061,
        "Profit before tax": 3523,
        "Present corporate income tax expenses": "N/A",
        "Deferred income taxes expenses": "N/A",
        "The interests of minority shareholders": "N/A",
        "Total Cost of profits": 0,
        "Profit after tax corporate income": 3523,
        "Volume": 2000000,
        "Close of Quarter": 21.1,
        "EPS": 599.7,
        "Non-adjusted EPS": 3464,
        "PE": 6.1,
        "Book Price": 3.1
      }
    },
    {
      "quarter": "Q4 2006",
      "income status": {
        "Net sales": 124468,
        "Cost of goods sold": 111504,
        "Gross Profit": 12965,
        "Financial expenses": 3352,
        "Of which: Interest expense": "N/A",
        "Cost of sales": "N/A",
        "Enterprise cost management": 6280,
        "Total Operating Expenses": 9632,
        "Total revenue financing activities": 376,
        "Net profit from business activities": 3709,
        "Profit": -304,
        "Profit before tax": 3405,
        "Present corporate income tax expenses": "N/A",
        "Deferred income taxes expenses": "N/A",
        "The interests of minority shareholders": "N/A",
        "Total Cost of profits": 0,
        "Profit after tax corporate income": 3405,
        "Volume": 2000000,
        "Close of Quarter": 6.2,
        "EPS": 294.8,
        "Non-adjusted EPS": 1703,
        "PE": 3.7,
        "Book Price": 3.3
      }
    }
  ]
}