{
  "ticker": "VKP",
  "data": [
    {
      "quarter": "Q4 2011",
      "income status": {
        "Net sales": 39758,
        "Cost of goods sold": 50224,
        "Gross Profit": -10466,
        "Financial expenses": 6287,
        "Of which: Interest expense": 5985,
        "Cost of sales": 1203,
        "Enterprise cost management": 2767,
        "Total Operating Expenses": 10257,
        "Total revenue financing activities": 942,
        "Net profit from business activities": -19782,
        "Profit": -1723,
        "Profit before tax": -21505,
        "Present corporate income tax expenses": "N/A",
        "Deferred income taxes expenses": "N/A",
        "The interests of minority shareholders": "N/A",
        "Total Cost of profits": 0,
        "Profit after tax corporate income": -21505,
        "Volume": 8000000,
        "Close of Quarter": 0.9,
        "EPS": -6534,
        "Non-adjusted EPS": -6534,
        "PE": -0.1,
        "Book Price": 1.6
      }
    },
    {
      "quarter": "Q3 2011",
      "income status": {
        "Net sales": 40799,
        "Cost of goods sold": 41094,
        "Gross Profit": -295,
        "Financial expenses": 6220,
        "Of which: Interest expense": 6230,
        "Cost of sales": 746,
        "Enterprise cost management": 2079,
        "Total Operating Expenses": 9045,
        "Total revenue financing activities": -9,
        "Net profit from business activities": -9349,
        "Profit": -36,
        "Profit before tax": -9385,
        "Present corporate income tax expenses": "N/A",
        "Deferred income taxes expenses": "N/A",
        "The interests of minority shareholders": "N/A",
        "Total Cost of profits": 0,
        "Profit after tax corporate income": -9385,
        "Volume": 8000000,
        "Close of Quarter": 1.5,
        "EPS": -5336,
        "Non-adjusted EPS": -5336,
        "PE": -0.3,
        "Book Price": 4.3
      }
    },
    {
      "quarter": "Q2 2011",
      "income status": {
        "Net sales": 38201,
        "Cost of goods sold": 41506,
        "Gross Profit": -3306,
        "Financial expenses": 6722,
        "Of which: Interest expense": 6556,
        "Cost of sales": 515,
        "Enterprise cost management": 2585,
        "Total Operating Expenses": 9822,
        "Total revenue financing activities": 48,
        "Net profit from business activities": -13079,
        "Profit": -18,
        "Profit before tax": -13097,
        "Present corporate income tax expenses": "N/A",
        "Deferred income taxes expenses": "N/A",
        "The interests of minority shareholders": "N/A",
        "Total Cost of profits": 0,
        "Profit after tax corporate income": -13097,
        "Volume": 8000000,
        "Close of Quarter": 2.2,
        "EPS": -5075,
        "Non-adjusted EPS": -5075,
        "PE": -0.4,
        "Book Price": 5.5
      }
    },
    {
      "quarter": "Q1 2011",
      "income status": {
        "Net sales": 49966,
        "Cost of goods sold": 51183,
        "Gross Profit": -1217,
        "Financial expenses": 5613,
        "Of which: Interest expense": 5591,
        "Cost of sales": 518,
        "Enterprise cost management": 1616,
        "Total Operating Expenses": 7747,
        "Total revenue financing activities": 555,
        "Net profit from business activities": -8409,
        "Profit": 124,
        "Profit before tax": -8284,
        "Present corporate income tax expenses": "N/A",
        "Deferred income taxes expenses": "N/A",
        "The interests of minority shareholders": "N/A",
        "Total Cost of profits": 0,
        "Profit after tax corporate income": -8284,
        "Volume": 8000000,
        "Close of Quarter": 4,
        "EPS": -4400,
        "Non-adjusted EPS": -4400,
        "PE": -0.9,
        "Book Price": 7.1
      }
    },
    {
      "quarter": "Q4 2010",
      "income status": {
        "Net sales": 33844,
        "Cost of goods sold": 36202,
        "Gross Profit": -2359,
        "Financial expenses": 7902,
        "Of which: Interest expense": "N/A",
        "Cost of sales": 282,
        "Enterprise cost management": 2120,
        "Total Operating Expenses": 10304,
        "Total revenue financing activities": 771,
        "Net profit from business activities": -11892,
        "Profit": -26,
        "Profit before tax": -11919,
        "Present corporate income tax expenses": "N/A",
        "Deferred income taxes expenses": "N/A",
        "The interests of minority shareholders": "N/A",
        "Total Cost of profits": 0,
        "Profit after tax corporate income": -11919,
        "Volume": 8000000,
        "Close of Quarter": 5.3,
        "EPS": -3915,
        "Non-adjusted EPS": -3915,
        "PE": -1.4,
        "Book Price": 8.2
      }
    },
    {
      "quarter": "Q3 2010",
      "income status": {
        "Net sales": 46376,
        "Cost of goods sold": 43418,
        "Gross Profit": 2958,
        "Financial expenses": 5117,
        "Of which: Interest expense": 4811,
        "Cost of sales": 1497,
        "Enterprise cost management": 4191,
        "Total Operating Expenses": 10805,
        "Total revenue financing activities": 528,
        "Net profit from business activities": -7319,
        "Profit": 20,
        "Profit before tax": -7299,
        "Present corporate income tax expenses": "N/A",
        "Deferred income taxes expenses": "N/A",
        "The interests of minority shareholders": "N/A",
        "Total Cost of profits": 0,
        "Profit after tax corporate income": -7299,
        "Volume": 8000000,
        "Close of Quarter": 7.3,
        "EPS": -3021,
        "Non-adjusted EPS": -3021,
        "PE": -2.4,
        "Book Price": 9.6
      }
    },
    {
      "quarter": "Q2 2010",
      "income status": {
        "Net sales": 51192,
        "Cost of goods sold": 43967,
        "Gross Profit": 7225,
        "Financial expenses": 6072,
        "Of which: Interest expense": 5828,
        "Cost of sales": 1728,
        "Enterprise cost management": 7471,
        "Total Operating Expenses": 15271,
        "Total revenue financing activities": 446,
        "Net profit from business activities": -7601,
        "Profit": -98,
        "Profit before tax": -7699,
        "Present corporate income tax expenses": "N/A",
        "Deferred income taxes expenses": "N/A",
        "The interests of minority shareholders": "N/A",
        "Total Cost of profits": 0,
        "Profit after tax corporate income": -7699,
        "Volume": 8000000,
        "Close of Quarter": 11.8,
        "EPS": -2815,
        "Non-adjusted EPS": -2815,
        "PE": -4.2,
        "Book Price": 10.5
      }
    },
    {
      "quarter": "Q1 2010",
      "income status": {
        "Net sales": 53955,
        "Cost of goods sold": 48167,
        "Gross Profit": 5788,
        "Financial expenses": 5268,
        "Of which: Interest expense": 4613,
        "Cost of sales": 1222,
        "Enterprise cost management": 4249,
        "Total Operating Expenses": 10739,
        "Total revenue financing activities": 936,
        "Net profit from business activities": -4015,
        "Profit": -386,
        "Profit before tax": -4401,
        "Present corporate income tax expenses": "N/A",
        "Deferred income taxes expenses": "N/A",
        "The interests of minority shareholders": "N/A",
        "Total Cost of profits": 0,
        "Profit after tax corporate income": -4401,
        "Volume": 8000000,
        "Close of Quarter": 9.5,
        "EPS": -1929,
        "Non-adjusted EPS": -1929,
        "PE": -4.9,
        "Book Price": 12.1
      }
    },
    {
      "quarter": "Q4 2009",
      "income status": {
        "Net sales": 93414,
        "Cost of goods sold": 91620,
        "Gross Profit": 1794,
        "Financial expenses": 4800,
        "Of which: Interest expense": 1523,
        "Cost of sales": 1418,
        "Enterprise cost management": 3082,
        "Total Operating Expenses": 9300,
        "Total revenue financing activities": 2138,
        "Net profit from business activities": -5368,
        "Profit": 601,
        "Profit before tax": -4767,
        "Present corporate income tax expenses": "N/A",
        "Deferred income taxes expenses": "N/A",
        "The interests of minority shareholders": "N/A",
        "Total Cost of profits": 0,
        "Profit after tax corporate income": -4767,
        "Volume": 8000000,
        "Close of Quarter": 10,
        "EPS": -1084,
        "Non-adjusted EPS": -1084,
        "PE": -9.2,
        "Book Price": 18.1
      }
    },
    {
      "quarter": "Q3 2009",
      "income status": {
        "Net sales": 66139,
        "Cost of goods sold": 62495,
        "Gross Profit": 3644,
        "Financial expenses": 5339,
        "Of which: Interest expense": "N/A",
        "Cost of sales": 977,
        "Enterprise cost management": 3363,
        "Total Operating Expenses": 9679,
        "Total revenue financing activities": 681,
        "Net profit from business activities": -5355,
        "Profit": -300,
        "Profit before tax": -5655,
        "Present corporate income tax expenses": "N/A",
        "Deferred income taxes expenses": "N/A",
        "The interests of minority shareholders": "N/A",
        "Total Cost of profits": 0,
        "Profit after tax corporate income": -5655,
        "Volume": 8000000,
        "Close of Quarter": 13.1,
        "EPS": -980,
        "Non-adjusted EPS": -980,
        "PE": -13.4,
        "Book Price": 18.7
      }
    },
    {
      "quarter": "Q2 2009",
      "income status": {
        "Net sales": 69581,
        "Cost of goods sold": 65018,
        "Gross Profit": 4563,
        "Financial expenses": 2977,
        "Of which: Interest expense": 2151,
        "Cost of sales": 370,
        "Enterprise cost management": 2196,
        "Total Operating Expenses": 5543,
        "Total revenue financing activities": 559,
        "Net profit from business activities": -422,
        "Profit": -189,
        "Profit before tax": -611,
        "Present corporate income tax expenses": "N/A",
        "Deferred income taxes expenses": "N/A",
        "The interests of minority shareholders": "N/A",
        "Total Cost of profits": 0,
        "Profit after tax corporate income": -611,
        "Volume": 8000000,
        "Close of Quarter": 13.4,
        "EPS": -212,
        "Non-adjusted EPS": -212,
        "PE": -63.2,
        "Book Price": 19.4
      }
    },
    {
      "quarter": "Q1 2009",
      "income status": {
        "Net sales": 63980,
        "Cost of goods sold": 55817,
        "Gross Profit": 8163,
        "Financial expenses": 3370,
        "Of which: Interest expense": 2151,
        "Cost of sales": 177,
        "Enterprise cost management": 1679,
        "Total Operating Expenses": 5226,
        "Total revenue financing activities": 19,
        "Net profit from business activities": 2956,
        "Profit": "N/A",
        "Profit before tax": 2956,
        "Present corporate income tax expenses": 591,
        "Deferred income taxes expenses": "N/A",
        "The interests of minority shareholders": "N/A",
        "Total Cost of profits": 591,
        "Profit after tax corporate income": 2365,
        "Volume": 8000000,
        "Close of Quarter": 6.3,
        "EPS": 85,
        "Non-adjusted EPS": 85,
        "PE": 74.1,
        "Book Price": 19.5
      }
    },
    {
      "quarter": "Q4 2008",
      "income status": {
        "Net sales": 74991,
        "Cost of goods sold": 71780,
        "Gross Profit": 3211,
        "Financial expenses": 3922,
        "Of which: Interest expense": 2414,
        "Cost of sales": 917,
        "Enterprise cost management": 2699,
        "Total Operating Expenses": 7538,
        "Total revenue financing activities": 192,
        "Net profit from business activities": -4135,
        "Profit": 197,
        "Profit before tax": -3938,
        "Present corporate income tax expenses": "N/A",
        "Deferred income taxes expenses": "N/A",
        "The interests of minority shareholders": "N/A",
        "Total Cost of profits": 0,
        "Profit after tax corporate income": -3938,
        "Volume": 8000000,
        "Close of Quarter": 6.5,
        "EPS": 52,
        "Non-adjusted EPS": 52,
        "PE": 125,
        "Book Price": 18.6
      }
    },
    {
      "quarter": "Q3 2008",
      "income status": {
        "Net sales": 136954,
        "Cost of goods sold": 130452,
        "Gross Profit": 6502,
        "Financial expenses": 3250,
        "Of which: Interest expense": 1858,
        "Cost of sales": 614,
        "Enterprise cost management": 2632,
        "Total Operating Expenses": 6496,
        "Total revenue financing activities": 364,
        "Net profit from business activities": 371,
        "Profit": 239,
        "Profit before tax": 609,
        "Present corporate income tax expenses": 122,
        "Deferred income taxes expenses": "N/A",
        "The interests of minority shareholders": "N/A",
        "Total Cost of profits": 122,
        "Profit after tax corporate income": 487,
        "Volume": 8000000,
        "Close of Quarter": 11.4,
        "EPS": 1272,
        "Non-adjusted EPS": 1272,
        "PE": 9.0,
        "Book Price": 19.5
      }
    },
    {
      "quarter": "Q2 2008",
      "income status": {
        "Net sales": 105063,
        "Cost of goods sold": 97603,
        "Gross Profit": 7459,
        "Financial expenses": 4626,
        "Of which: Interest expense": 1135,
        "Cost of sales": 585,
        "Enterprise cost management": 2042,
        "Total Operating Expenses": 7253,
        "Total revenue financing activities": 1996,
        "Net profit from business activities": 2202,
        "Profit": 2,
        "Profit before tax": 2204,
        "Present corporate income tax expenses": 441,
        "Deferred income taxes expenses": "N/A",
        "The interests of minority shareholders": "N/A",
        "Total Cost of profits": 441,
        "Profit after tax corporate income": 1763,
        "Volume": 8000000,
        "Close of Quarter": 34.7,
        "EPS": 1638,
        "Non-adjusted EPS": 1638,
        "PE": 21.2,
        "Book Price": 20.4
      }
    },
    {
      "quarter": "Q1 2008",
      "income status": {
        "Net sales": 74816,
        "Cost of goods sold": 70578,
        "Gross Profit": 4238,
        "Financial expenses": 977,
        "Of which: Interest expense": 911,
        "Cost of sales": 549,
        "Enterprise cost management": 1515,
        "Total Operating Expenses": 3041,
        "Total revenue financing activities": 1301,
        "Net profit from business activities": 2499,
        "Profit": 135,
        "Profit before tax": 2634,
        "Present corporate income tax expenses": 527,
        "Deferred income taxes expenses": "N/A",
        "The interests of minority shareholders": "N/A",
        "Total Cost of profits": 527,
        "Profit after tax corporate income": 2107,
        "Volume": 8000000,
        "Close of Quarter": "N/A",
        "EPS": 1800,
        "Non-adjusted EPS": 1800,
        "PE": "N/A",
        "Book Price": 20.2
      }
    },
    {
      "quarter": "Q4 2007",
      "income status": {
        "Net sales": 58208,
        "Cost of goods sold": 50079,
        "Gross Profit": 8129,
        "Financial expenses": 1266,
        "Of which: Interest expense": 1205,
        "Cost of sales": 524,
        "Enterprise cost management": 1851,
        "Total Operating Expenses": 3641,
        "Total revenue financing activities": 659,
        "Net profit from business activities": 5146,
        "Profit": 669,
        "Profit before tax": 5815,
        "Present corporate income tax expenses": "N/A",
        "Deferred income taxes expenses": "N/A",
        "The interests of minority shareholders": "N/A",
        "Total Cost of profits": 0,
        "Profit after tax corporate income": 5815,
        "Volume": 8000000,
        "Close of Quarter": "N/A",
        "EPS": 1600,
        "Non-adjusted EPS": 1600,
        "PE": "N/A",
        "Book Price": 20
      }
    },
    {
      "quarter": "Q3 2007",
      "income status": {
        "Net sales": 59676,
        "Cost of goods sold": 52578,
        "Gross Profit": 7099,
        "Financial expenses": 1495,
        "Of which: Interest expense": 1360,
        "Cost of sales": 793,
        "Enterprise cost management": 1314,
        "Total Operating Expenses": 3602,
        "Total revenue financing activities": 764,
        "Net profit from business activities": 4260,
        "Profit": 17,
        "Profit before tax": 4277,
        "Present corporate income tax expenses": 855,
        "Deferred income taxes expenses": "N/A",
        "The interests of minority shareholders": "N/A",
        "Total Cost of profits": 855,
        "Profit after tax corporate income": 3422,
        "Volume": 8000000,
        "Close of Quarter": "N/A",
        "EPS": 873,
        "Non-adjusted EPS": 873,
        "PE": "N/A",
        "Book Price": 19.4
      }
    },
    {
      "quarter": "Q2 2007",
      "income status": {
        "Net sales": 60120,
        "Cost of goods sold": 54128,
        "Gross Profit": 5993,
        "Financial expenses": 1103,
        "Of which: Interest expense": 1002,
        "Cost of sales": 520,
        "Enterprise cost management": 1382,
        "Total Operating Expenses": 3005,
        "Total revenue financing activities": 51,
        "Net profit from business activities": 3039,
        "Profit": 18,
        "Profit before tax": 3056,
        "Present corporate income tax expenses": "N/A",
        "Deferred income taxes expenses": "N/A",
        "The interests of minority shareholders": "N/A",
        "Total Cost of profits": 0,
        "Profit after tax corporate income": 3056,
        "Volume": 8000000,
        "Close of Quarter": "N/A",
        "EPS": 445,
        "Non-adjusted EPS": 445,
        "PE": "N/A",
        "Book Price": 6.6
      }
    },
    {
      "quarter": "Q1 2007",
      "income status": {
        "Net sales": 46996,
        "Cost of goods sold": 42172,
        "Gross Profit": 4824,
        "Financial expenses": 1486,
        "Of which: Interest expense": 1438,
        "Cost of sales": 570,
        "Enterprise cost management": 968,
        "Total Operating Expenses": 3024,
        "Total revenue financing activities": 71,
        "Net profit from business activities": 1871,
        "Profit": 35,
        "Profit before tax": 1906,
        "Present corporate income tax expenses": 1403,
        "Deferred income taxes expenses": "N/A",
        "The interests of minority shareholders": "N/A",
        "Total Cost of profits": 1403,
        "Profit after tax corporate income": 503,
        "Volume": 8000000,
        "Close of Quarter": "N/A",
        "EPS": 63,
        "Non-adjusted EPS": 63,
        "PE": "N/A",
        "Book Price": "N/A"
      }
    }
  ]
}