{
  "ticker": "HU4",
  "data": [
    {
      "quarter": "Q1 2017",
      "income status": {
        "Net sales": 37890,
        "Cost of goods sold": 36269,
        "Gross Profit": 1622,
        "Financial expenses": 1507,
        "Of which: Interest expense": 1507,
        "Cost of sales": "N/A",
        "Enterprise cost management": 482,
        "Total Operating Expenses": 1989,
        "Total revenue financing activities": 960,
        "Net profit from business activities": 593,
        "Profit": -416,
        "Profit before tax": 177,
        "Present corporate income tax expenses": "N/A",
        "Deferred income taxes expenses": -40,
        "The interests of minority shareholders": 2,
        "Total Cost of profits": -38,
        "Profit after tax corporate income": 215,
        "Volume": 15000000,
        "Close of Quarter": 6.2,
        "EPS": 560,
        "Non-adjusted EPS": 560,
        "PE": 11.1,
        "Book Price": 16.4
      }
    },
    {
      "quarter": "Q4 2016",
      "income status": {
        "Net sales": 197541,
        "Cost of goods sold": 181114,
        "Gross Profit": 16427,
        "Financial expenses": 4161,
        "Of which: Interest expense": 4161,
        "Cost of sales": "N/A",
        "Enterprise cost management": 5853,
        "Total Operating Expenses": 10014,
        "Total revenue financing activities": 1225,
        "Net profit from business activities": 7637,
        "Profit": 3892,
        "Profit before tax": 11530,
        "Present corporate income tax expenses": 1848,
        "Deferred income taxes expenses": 791,
        "The interests of minority shareholders": 38,
        "Total Cost of profits": 2677,
        "Profit after tax corporate income": 8852,
        "Volume": 15000000,
        "Close of Quarter": 5.3,
        "EPS": 566,
        "Non-adjusted EPS": 566,
        "PE": 9.4,
        "Book Price": 16.8
      }
    },
    {
      "quarter": "Q3 2016",
      "income status": {
        "Net sales": 47678,
        "Cost of goods sold": 45266,
        "Gross Profit": 2412,
        "Financial expenses": 996,
        "Of which: Interest expense": 996,
        "Cost of sales": "N/A",
        "Enterprise cost management": 1743,
        "Total Operating Expenses": 2739,
        "Total revenue financing activities": 702,
        "Net profit from business activities": 374,
        "Profit": 1214,
        "Profit before tax": 1589,
        "Present corporate income tax expenses": 56,
        "Deferred income taxes expenses": -145,
        "The interests of minority shareholders": 766,
        "Total Cost of profits": 677,
        "Profit after tax corporate income": 911,
        "Volume": 15000000,
        "Close of Quarter": 2.8,
        "EPS": -37,
        "Non-adjusted EPS": -37,
        "PE": -74.3,
        "Book Price": 15.9
      }
    },
    {
      "quarter": "Q2 2016",
      "income status": {
        "Net sales": 27052,
        "Cost of goods sold": 23874,
        "Gross Profit": 3178,
        "Financial expenses": 1678,
        "Of which: Interest expense": 1678,
        "Cost of sales": "N/A",
        "Enterprise cost management": 6510,
        "Total Operating Expenses": 8188,
        "Total revenue financing activities": 1294,
        "Net profit from business activities": -3716,
        "Profit": 417,
        "Profit before tax": -3299,
        "Present corporate income tax expenses": 174,
        "Deferred income taxes expenses": -92,
        "The interests of minority shareholders": -1808,
        "Total Cost of profits": -1726,
        "Profit after tax corporate income": -1573,
        "Volume": 15000000,
        "Close of Quarter": 4.2,
        "EPS": -84,
        "Non-adjusted EPS": -84,
        "PE": -50.1,
        "Book Price": 15.8
      }
    },
    {
      "quarter": "Q1 2016",
      "income status": {
        "Net sales": 29705,
        "Cost of goods sold": 27095,
        "Gross Profit": 2611,
        "Financial expenses": 1195,
        "Of which: Interest expense": 1195,
        "Cost of sales": "N/A",
        "Enterprise cost management": 3740,
        "Total Operating Expenses": 4935,
        "Total revenue financing activities": 1921,
        "Net profit from business activities": -403,
        "Profit": 647,
        "Profit before tax": 244,
        "Present corporate income tax expenses": 203,
        "Deferred income taxes expenses": -116,
        "The interests of minority shareholders": -135,
        "Total Cost of profits": -48,
        "Profit after tax corporate income": 293,
        "Volume": 15000000,
        "Close of Quarter": 10.0,
        "EPS": 29,
        "Non-adjusted EPS": 29,
        "PE": 344.1,
        "Book Price": 16.3
      }
    },
    {
      "quarter": "Q3 2015",
      "income status": {
        "Net sales": 35912,
        "Cost of goods sold": 35581,
        "Gross Profit": 331,
        "Financial expenses": 1408,
        "Of which: Interest expense": 1408,
        "Cost of sales": "N/A",
        "Enterprise cost management": 1068,
        "Total Operating Expenses": 2476,
        "Total revenue financing activities": 1619,
        "Net profit from business activities": -526,
        "Profit": 267,
        "Profit before tax": -259,
        "Present corporate income tax expenses": -3,
        "Deferred income taxes expenses": -58,
        "The interests of minority shareholders": -18,
        "Total Cost of profits": -79,
        "Profit after tax corporate income": -180,
        "Volume": 15000000,
        "Close of Quarter": "N/A",
        "EPS": 12,
        "Non-adjusted EPS": 12,
        "PE": "N/A",
        "Book Price": 15.8
      }
    },
    {
      "quarter": "Q2 2015",
      "income status": {
        "Net sales": 38373,
        "Cost of goods sold": 33569,
        "Gross Profit": 4804,
        "Financial expenses": 2590,
        "Of which: Interest expense": 2590,
        "Cost of sales": "N/A",
        "Enterprise cost management": 4302,
        "Total Operating Expenses": 6892,
        "Total revenue financing activities": 1955,
        "Net profit from business activities": -133,
        "Profit": -53,
        "Profit before tax": -186,
        "Present corporate income tax expenses": 76,
        "Deferred income taxes expenses": -174,
        "The interests of minority shareholders": -281,
        "Total Cost of profits": -379,
        "Profit after tax corporate income": 193,
        "Volume": 15000000,
        "Close of Quarter": "N/A",
        "EPS": 24,
        "Non-adjusted EPS": 24,
        "PE": "N/A",
        "Book Price": 15.9
      }
    },
    {
      "quarter": "Q3 2014",
      "income status": {
        "Net sales": 76746,
        "Cost of goods sold": 73445,
        "Gross Profit": 3301,
        "Financial expenses": 1229,
        "Of which: Interest expense": 1229,
        "Cost of sales": "N/A",
        "Enterprise cost management": 2694,
        "Total Operating Expenses": 3923,
        "Total revenue financing activities": 1042,
        "Net profit from business activities": 420,
        "Profit": 249,
        "Profit before tax": 669,
        "Present corporate income tax expenses": 258,
        "Deferred income taxes expenses": 84,
        "The interests of minority shareholders": 203,
        "Total Cost of profits": 545,
        "Profit after tax corporate income": 124,
        "Volume": 15000000,
        "Close of Quarter": "N/A",
        "EPS": 11,
        "Non-adjusted EPS": 11,
        "PE": "N/A",
        "Book Price": "N/A"
      }
    },
    {
      "quarter": "Q1 2014",
      "income status": {
        "Net sales": 47974,
        "Cost of goods sold": 45489,
        "Gross Profit": 2485,
        "Financial expenses": 2227,
        "Of which: Interest expense": 2227,
        "Cost of sales": "N/A",
        "Enterprise cost management": 2232,
        "Total Operating Expenses": 4459,
        "Total revenue financing activities": 2130,
        "Net profit from business activities": 156,
        "Profit": -5,
        "Profit before tax": 151,
        "Present corporate income tax expenses": 44,
        "Deferred income taxes expenses": 4,
        "The interests of minority shareholders": 57,
        "Total Cost of profits": 105,
        "Profit after tax corporate income": 46,
        "Volume": 15000000,
        "Close of Quarter": "N/A",
        "EPS": 3,
        "Non-adjusted EPS": 3,
        "PE": "N/A",
        "Book Price": "N/A"
      }
    }
  ]
}