{
  "ticker": "SEC",
  "data": [
    {
      "quarter": "Q2 2015",
      "income status": {
        "Net sales": 308191,
        "Cost of goods sold": 276733,
        "Gross Profit": 31457,
        "Financial expenses": 18539,
        "Of which: Interest expense": 18539,
        "Cost of sales": 7770,
        "Enterprise cost management": 10175,
        "Total Operating Expenses": 36484,
        "Total revenue financing activities": 12121,
        "Net profit from business activities": 7096,
        "Profit": 804,
        "Profit before tax": 7900,
        "Present corporate income tax expenses": 2537,
        "Deferred income taxes expenses": "N/A",
        "The interests of minority shareholders": "N/A",
        "Total Cost of profits": 2537,
        "Profit after tax corporate income": 5363,
        "Volume": 38999876,
        "Close of Quarter": 11.7,
        "EPS": 844,
        "Non-adjusted EPS": 844,
        "PE": 13.9,
        "Book Price": 12.5
      }
    },
    {
      "quarter": "Q1 2015",
      "income status": {
        "Net sales": 331423,
        "Cost of goods sold": 295061,
        "Gross Profit": 36362,
        "Financial expenses": 6330,
        "Of which: Interest expense": 6330,
        "Cost of sales": 9815,
        "Enterprise cost management": 5719,
        "Total Operating Expenses": 21864,
        "Total revenue financing activities": 2420,
        "Net profit from business activities": 16918,
        "Profit": 204,
        "Profit before tax": 17122,
        "Present corporate income tax expenses": 2119,
        "Deferred income taxes expenses": "N/A",
        "The interests of minority shareholders": "N/A",
        "Total Cost of profits": 2119,
        "Profit after tax corporate income": 15003,
        "Volume": 38999876,
        "Close of Quarter": 11.9,
        "EPS": 1229,
        "Non-adjusted EPS": 1229,
        "PE": 9.7,
        "Book Price": 12.4
      }
    },
    {
      "quarter": "Q4 2014",
      "income status": {
        "Net sales": 69246,
        "Cost of goods sold": 58136,
        "Gross Profit": 11110,
        "Financial expenses": 6302,
        "Of which: Interest expense": 6302,
        "Cost of sales": 1541,
        "Enterprise cost management": 6267,
        "Total Operating Expenses": 14110,
        "Total revenue financing activities": 5041,
        "Net profit from business activities": 2040,
        "Profit": 2222,
        "Profit before tax": 4262,
        "Present corporate income tax expenses": 1025,
        "Deferred income taxes expenses": "N/A",
        "The interests of minority shareholders": "N/A",
        "Total Cost of profits": 1025,
        "Profit after tax corporate income": 3237,
        "Volume": 38999876,
        "Close of Quarter": 12.6,
        "EPS": 994,
        "Non-adjusted EPS": 994,
        "PE": 12.7,
        "Book Price": 12
      }
    },
    {
      "quarter": "Q3 2014",
      "income status": {
        "Net sales": 106434,
        "Cost of goods sold": 82651,
        "Gross Profit": 23783,
        "Financial expenses": 8082,
        "Of which: Interest expense": 8082,
        "Cost of sales": 1843,
        "Enterprise cost management": 7102,
        "Total Operating Expenses": 17027,
        "Total revenue financing activities": 4919,
        "Net profit from business activities": 11675,
        "Profit": 390,
        "Profit before tax": 12064,
        "Present corporate income tax expenses": 2734,
        "Deferred income taxes expenses": "N/A",
        "The interests of minority shareholders": "N/A",
        "Total Cost of profits": 2734,
        "Profit after tax corporate income": 9330,
        "Volume": 38999876,
        "Close of Quarter": 11.0,
        "EPS": 890,
        "Non-adjusted EPS": 890,
        "PE": 12.3,
        "Book Price": 12.4
      }
    },
    {
      "quarter": "Q2 2014",
      "income status": {
        "Net sales": 260876,
        "Cost of goods sold": 210888,
        "Gross Profit": 49988,
        "Financial expenses": 8551,
        "Of which: Interest expense": 8551,
        "Cost of sales": 11323,
        "Enterprise cost management": 7105,
        "Total Operating Expenses": 26979,
        "Total revenue financing activities": 2786,
        "Net profit from business activities": 25795,
        "Profit": 142,
        "Profit before tax": 25937,
        "Present corporate income tax expenses": 5595,
        "Deferred income taxes expenses": "N/A",
        "The interests of minority shareholders": "N/A",
        "Total Cost of profits": 5595,
        "Profit after tax corporate income": 20342,
        "Volume": 38999876,
        "Close of Quarter": 11.4,
        "EPS": 794,
        "Non-adjusted EPS": 794,
        "PE": 14.3,
        "Book Price": 12.3
      }
    },
    {
      "quarter": "Q1 2014",
      "income status": {
        "Net sales": 199083,
        "Cost of goods sold": 173423,
        "Gross Profit": 25660,
        "Financial expenses": 7957,
        "Of which: Interest expense": 7957,
        "Cost of sales": 7884,
        "Enterprise cost management": 4947,
        "Total Operating Expenses": 20788,
        "Total revenue financing activities": 2641,
        "Net profit from business activities": 7513,
        "Profit": 349,
        "Profit before tax": 7862,
        "Present corporate income tax expenses": 1986,
        "Deferred income taxes expenses": "N/A",
        "The interests of minority shareholders": "N/A",
        "Total Cost of profits": 1986,
        "Profit after tax corporate income": 5876,
        "Volume": 27850466,
        "Close of Quarter": 11.6,
        "EPS": 512.0,
        "Non-adjusted EPS": 717,
        "PE": 16.1,
        "Book Price": 8.9
      }
    },
    {
      "quarter": "Q4 2013",
      "income status": {
        "Net sales": 94866,
        "Cost of goods sold": 88369,
        "Gross Profit": 6497,
        "Financial expenses": 7525,
        "Of which: Interest expense": 7525,
        "Cost of sales": 1539,
        "Enterprise cost management": 7713,
        "Total Operating Expenses": 16777,
        "Total revenue financing activities": 5625,
        "Net profit from business activities": -4655,
        "Profit": 3811,
        "Profit before tax": -844,
        "Present corporate income tax expenses": "N/A",
        "Deferred income taxes expenses": "N/A",
        "The interests of minority shareholders": "N/A",
        "Total Cost of profits": 0,
        "Profit after tax corporate income": -845,
        "Volume": 17406580,
        "Close of Quarter": 13.2,
        "EPS": 1182.8,
        "Non-adjusted EPS": 2650,
        "PE": 5.0,
        "Book Price": 8.9
      }
    },
    {
      "quarter": "Q3 2013",
      "income status": {
        "Net sales": 112260,
        "Cost of goods sold": 89715,
        "Gross Profit": 22544,
        "Financial expenses": 7939,
        "Of which: Interest expense": 7939,
        "Cost of sales": 4483,
        "Enterprise cost management": 5530,
        "Total Operating Expenses": 17952,
        "Total revenue financing activities": 1545,
        "Net profit from business activities": 6137,
        "Profit": 1091,
        "Profit before tax": 7228,
        "Present corporate income tax expenses": 1637,
        "Deferred income taxes expenses": "N/A",
        "The interests of minority shareholders": "N/A",
        "Total Cost of profits": 1637,
        "Profit after tax corporate income": 5591,
        "Volume": 17406580,
        "Close of Quarter": 13.8,
        "EPS": 1325.1,
        "Non-adjusted EPS": 2969,
        "PE": 4.7,
        "Book Price": 6.8
      }
    },
    {
      "quarter": "Q2 2013",
      "income status": {
        "Net sales": 186854,
        "Cost of goods sold": 159858,
        "Gross Profit": 26996,
        "Financial expenses": 7102,
        "Of which: Interest expense": 7102,
        "Cost of sales": 6524,
        "Enterprise cost management": 5424,
        "Total Operating Expenses": 19050,
        "Total revenue financing activities": 4875,
        "Net profit from business activities": 12821,
        "Profit": -187,
        "Profit before tax": 12634,
        "Present corporate income tax expenses": -8486,
        "Deferred income taxes expenses": 11786,
        "The interests of minority shareholders": "N/A",
        "Total Cost of profits": 3300,
        "Profit after tax corporate income": 9334,
        "Volume": 17406580,
        "Close of Quarter": 14.0,
        "EPS": 1479.1,
        "Non-adjusted EPS": 3314,
        "PE": 4.2,
        "Book Price": 6.7
      }
    },
    {
      "quarter": "Q1 2013",
      "income status": {
        "Net sales": 339807,
        "Cost of goods sold": 281589,
        "Gross Profit": 58217,
        "Financial expenses": 6867,
        "Of which: Interest expense": 6867,
        "Cost of sales": 9546,
        "Enterprise cost management": 4961,
        "Total Operating Expenses": 21374,
        "Total revenue financing activities": 3558,
        "Net profit from business activities": 40401,
        "Profit": 124,
        "Profit before tax": 40525,
        "Present corporate income tax expenses": 8486,
        "Deferred income taxes expenses": "N/A",
        "The interests of minority shareholders": "N/A",
        "Total Cost of profits": 8486,
        "Profit after tax corporate income": 32040,
        "Volume": 17406580,
        "Close of Quarter": 15.7,
        "EPS": 1789.8,
        "Non-adjusted EPS": 4010,
        "PE": 3.9,
        "Book Price": 6.5
      }
    },
    {
      "quarter": "Q4 2012",
      "income status": {
        "Net sales": 143640,
        "Cost of goods sold": 121689,
        "Gross Profit": 21951,
        "Financial expenses": 11436,
        "Of which: Interest expense": 11436,
        "Cost of sales": 3913,
        "Enterprise cost management": 5867,
        "Total Operating Expenses": 21216,
        "Total revenue financing activities": 4580,
        "Net profit from business activities": 5315,
        "Profit": 300,
        "Profit before tax": 5615,
        "Present corporate income tax expenses": 904,
        "Deferred income taxes expenses": "N/A",
        "The interests of minority shareholders": "N/A",
        "Total Cost of profits": 904,
        "Profit after tax corporate income": 4711,
        "Volume": 17406580,
        "Close of Quarter": 13.8,
        "EPS": 1659.4,
        "Non-adjusted EPS": 3718,
        "PE": 3.7,
        "Book Price": 5.9
      }
    },
    {
      "quarter": "Q3 2012",
      "income status": {
        "Net sales": 114432,
        "Cost of goods sold": 88659,
        "Gross Profit": 25774,
        "Financial expenses": 12391,
        "Of which: Interest expense": 12391,
        "Cost of sales": 3738,
        "Enterprise cost management": 4842,
        "Total Operating Expenses": 20971,
        "Total revenue financing activities": 6587,
        "Net profit from business activities": 11389,
        "Profit": 2321,
        "Profit before tax": 13710,
        "Present corporate income tax expenses": 2108,
        "Deferred income taxes expenses": "N/A",
        "The interests of minority shareholders": "N/A",
        "Total Cost of profits": 2108,
        "Profit after tax corporate income": 11603,
        "Volume": 17406580,
        "Close of Quarter": 15.7,
        "EPS": 1602.3,
        "Non-adjusted EPS": 3590,
        "PE": 4.4,
        "Book Price": 6.8
      }
    },
    {
      "quarter": "Q2 2012",
      "income status": {
        "Net sales": 223957,
        "Cost of goods sold": 183639,
        "Gross Profit": 40319,
        "Financial expenses": 13894,
        "Of which: Interest expense": 14066,
        "Cost of sales": 1316,
        "Enterprise cost management": 3683,
        "Total Operating Expenses": 18893,
        "Total revenue financing activities": 1160,
        "Net profit from business activities": 22586,
        "Profit": 14,
        "Profit before tax": 22601,
        "Present corporate income tax expenses": 1157,
        "Deferred income taxes expenses": "N/A",
        "The interests of minority shareholders": "N/A",
        "Total Cost of profits": 1157,
        "Profit after tax corporate income": 21443,
        "Volume": 17406580,
        "Close of Quarter": 15.2,
        "EPS": 1845.1,
        "Non-adjusted EPS": 4134,
        "PE": 3.7,
        "Book Price": 6.6
      }
    },
    {
      "quarter": "Q1 2012",
      "income status": {
        "Net sales": 226622,
        "Cost of goods sold": 180867,
        "Gross Profit": 45755,
        "Financial expenses": 13267,
        "Of which: Interest expense": 13095,
        "Cost of sales": 1126,
        "Enterprise cost management": 5332,
        "Total Operating Expenses": 19725,
        "Total revenue financing activities": 8024,
        "Net profit from business activities": 34054,
        "Profit": -4,
        "Profit before tax": 34050,
        "Present corporate income tax expenses": 7082,
        "Deferred income taxes expenses": "N/A",
        "The interests of minority shareholders": "N/A",
        "Total Cost of profits": 7082,
        "Profit after tax corporate income": 26968,
        "Volume": 17406580,
        "Close of Quarter": 12.3,
        "EPS": 1938.8,
        "Non-adjusted EPS": 4344,
        "PE": 2.8,
        "Book Price": 6.1
      }
    },
    {
      "quarter": "Q4 2011",
      "income status": {
        "Net sales": 73684,
        "Cost of goods sold": 60213,
        "Gross Profit": 13471,
        "Financial expenses": 13959,
        "Of which: Interest expense": 13191,
        "Cost of sales": 448,
        "Enterprise cost management": 5163,
        "Total Operating Expenses": 19570,
        "Total revenue financing activities": 9163,
        "Net profit from business activities": 3065,
        "Profit": 9,
        "Profit before tax": 3074,
        "Present corporate income tax expenses": 591,
        "Deferred income taxes expenses": "N/A",
        "The interests of minority shareholders": "N/A",
        "Total Cost of profits": 591,
        "Profit after tax corporate income": 2483,
        "Volume": 17406580,
        "Close of Quarter": 11.4,
        "EPS": 2412.4,
        "Non-adjusted EPS": 5405,
        "PE": 2.1,
        "Book Price": 6.5
      }
    },
    {
      "quarter": "Q3 2011",
      "income status": {
        "Net sales": 123352,
        "Cost of goods sold": 82276,
        "Gross Profit": 41076,
        "Financial expenses": 9410,
        "Of which: Interest expense": 9392,
        "Cost of sales": 2399,
        "Enterprise cost management": 3399,
        "Total Operating Expenses": 15208,
        "Total revenue financing activities": 4252,
        "Net profit from business activities": 30120,
        "Profit": -237,
        "Profit before tax": 29883,
        "Present corporate income tax expenses": 8815,
        "Deferred income taxes expenses": "N/A",
        "The interests of minority shareholders": "N/A",
        "Total Cost of profits": 8815,
        "Profit after tax corporate income": 21068,
        "Volume": 17406580,
        "Close of Quarter": 11.5,
        "EPS": 2477.1,
        "Non-adjusted EPS": 5550,
        "PE": 2.1,
        "Book Price": 6.4
      }
    },
    {
      "quarter": "Q2 2011",
      "income status": {
        "Net sales": 182590,
        "Cost of goods sold": 140988,
        "Gross Profit": 41602,
        "Financial expenses": 9333,
        "Of which: Interest expense": 9333,
        "Cost of sales": 2290,
        "Enterprise cost management": 3779,
        "Total Operating Expenses": 15402,
        "Total revenue financing activities": 1893,
        "Net profit from business activities": 28092,
        "Profit": -46,
        "Profit before tax": 28047,
        "Present corporate income tax expenses": 2959,
        "Deferred income taxes expenses": "N/A",
        "The interests of minority shareholders": "N/A",
        "Total Cost of profits": 2959,
        "Profit after tax corporate income": 25088,
        "Volume": 14505492,
        "Close of Quarter": 13.2,
        "EPS": 2104.4,
        "Non-adjusted EPS": 5658,
        "PE": 2.3,
        "Book Price": 6.0
      }
    },
    {
      "quarter": "Q1 2011",
      "income status": {
        "Net sales": 173129,
        "Cost of goods sold": 116849,
        "Gross Profit": 56280,
        "Financial expenses": 6613,
        "Of which: Interest expense": 6613,
        "Cost of sales": 459,
        "Enterprise cost management": 3716,
        "Total Operating Expenses": 10788,
        "Total revenue financing activities": 5197,
        "Net profit from business activities": 50689,
        "Profit": -182,
        "Profit before tax": 50507,
        "Present corporate income tax expenses": 5072,
        "Deferred income taxes expenses": "N/A",
        "The interests of minority shareholders": "N/A",
        "Total Cost of profits": 5072,
        "Profit after tax corporate income": 45435,
        "Volume": 14505492,
        "Close of Quarter": 13.6,
        "EPS": 1579.2,
        "Non-adjusted EPS": 4246,
        "PE": 3.2,
        "Book Price": 5.4
      }
    },
    {
      "quarter": "Q4 2010",
      "income status": {
        "Net sales": 62995,
        "Cost of goods sold": 51712,
        "Gross Profit": 11283,
        "Financial expenses": 5990,
        "Of which: Interest expense": 5686,
        "Cost of sales": 117,
        "Enterprise cost management": 2596,
        "Total Operating Expenses": 8703,
        "Total revenue financing activities": 3272,
        "Net profit from business activities": 5852,
        "Profit": 46,
        "Profit before tax": 5898,
        "Present corporate income tax expenses": 877,
        "Deferred income taxes expenses": "N/A",
        "The interests of minority shareholders": "N/A",
        "Total Cost of profits": 877,
        "Profit after tax corporate income": 5021,
        "Volume": 14505492,
        "Close of Quarter": 13.5,
        "EPS": 1533.9,
        "Non-adjusted EPS": 4124,
        "PE": 3.3,
        "Book Price": 5.1
      }
    },
    {
      "quarter": "Q3 2010",
      "income status": {
        "Net sales": 43962,
        "Cost of goods sold": 29538,
        "Gross Profit": 14424,
        "Financial expenses": 5198,
        "Of which: Interest expense": 5198,
        "Cost of sales": 21,
        "Enterprise cost management": 1999,
        "Total Operating Expenses": 7218,
        "Total revenue financing activities": 127,
        "Net profit from business activities": 7333,
        "Profit": -20,
        "Profit before tax": 7312,
        "Present corporate income tax expenses": 791,
        "Deferred income taxes expenses": "N/A",
        "The interests of minority shareholders": "N/A",
        "Total Cost of profits": 791,
        "Profit after tax corporate income": 6521,
        "Volume": 12613472,
        "Close of Quarter": 11.2,
        "EPS": 1490.7,
        "Non-adjusted EPS": 4609,
        "PE": 2.4,
        "Book Price": 5.0
      }
    },
    {
      "quarter": "Q2 2010",
      "income status": {
        "Net sales": 65084,
        "Cost of goods sold": 52847,
        "Gross Profit": 12237,
        "Financial expenses": 5639,
        "Of which: Interest expense": 5436,
        "Cost of sales": 30,
        "Enterprise cost management": 1986,
        "Total Operating Expenses": 7655,
        "Total revenue financing activities": 287,
        "Net profit from business activities": 4869,
        "Profit": -135,
        "Profit before tax": 4734,
        "Present corporate income tax expenses": 117,
        "Deferred income taxes expenses": "N/A",
        "The interests of minority shareholders": "N/A",
        "Total Cost of profits": 117,
        "Profit after tax corporate income": 4617,
        "Volume": 12613472,
        "Close of Quarter": 12.8,
        "EPS": 1606.4,
        "Non-adjusted EPS": 4967,
        "PE": 2.6,
        "Book Price": 4.8
      }
    },
    {
      "quarter": "Q1 2010",
      "income status": {
        "Net sales": 124111,
        "Cost of goods sold": 74262,
        "Gross Profit": 49849,
        "Financial expenses": 426,
        "Of which: Interest expense": 426,
        "Cost of sales": 268,
        "Enterprise cost management": 2464,
        "Total Operating Expenses": 3158,
        "Total revenue financing activities": 2247,
        "Net profit from business activities": 48937,
        "Profit": 6,
        "Profit before tax": 48943,
        "Present corporate income tax expenses": 5284,
        "Deferred income taxes expenses": "N/A",
        "The interests of minority shareholders": "N/A",
        "Total Cost of profits": 5284,
        "Profit after tax corporate income": 43659,
        "Volume": 12613472,
        "Close of Quarter": 8.9,
        "EPS": 1839.0,
        "Non-adjusted EPS": 5686,
        "PE": 1.6,
        "Book Price": 4.9
      }
    },
    {
      "quarter": "Q4 2009",
      "income status": {
        "Net sales": 21832,
        "Cost of goods sold": 16093,
        "Gross Profit": 5739,
        "Financial expenses": 804,
        "Of which: Interest expense": "N/A",
        "Cost of sales": 86,
        "Enterprise cost management": 2342,
        "Total Operating Expenses": 3232,
        "Total revenue financing activities": 1007,
        "Net profit from business activities": 3514,
        "Profit": 333,
        "Profit before tax": 3848,
        "Present corporate income tax expenses": 503,
        "Deferred income taxes expenses": "N/A",
        "The interests of minority shareholders": "N/A",
        "Total Cost of profits": 503,
        "Profit after tax corporate income": 3344,
        "Volume": 12613472,
        "Close of Quarter": "N/A",
        "EPS": 1016.5,
        "Non-adjusted EPS": 3143,
        "PE": "N/A",
        "Book Price": 4.2
      }
    },
    {
      "quarter": "Q3 2009",
      "income status": {
        "Net sales": 31141,
        "Cost of goods sold": 18336,
        "Gross Profit": 12805,
        "Financial expenses": 109,
        "Of which: Interest expense": 109,
        "Cost of sales": 52,
        "Enterprise cost management": 1133,
        "Total Operating Expenses": 1294,
        "Total revenue financing activities": 631,
        "Net profit from business activities": 12142,
        "Profit": -202,
        "Profit before tax": 11939,
        "Present corporate income tax expenses": 904,
        "Deferred income taxes expenses": "N/A",
        "The interests of minority shareholders": "N/A",
        "Total Cost of profits": 904,
        "Profit after tax corporate income": 11035,
        "Volume": 12613472,
        "Close of Quarter": "N/A",
        "EPS": 930.8,
        "Non-adjusted EPS": 2878,
        "PE": "N/A",
        "Book Price": 4.2
      }
    },
    {
      "quarter": "Q2 2009",
      "income status": {
        "Net sales": 60320,
        "Cost of goods sold": 43760,
        "Gross Profit": 16560,
        "Financial expenses": 196,
        "Of which: Interest expense": 173,
        "Cost of sales": 162,
        "Enterprise cost management": 2130,
        "Total Operating Expenses": 2488,
        "Total revenue financing activities": 607,
        "Net profit from business activities": 14680,
        "Profit": 28,
        "Profit before tax": 14708,
        "Present corporate income tax expenses": 1032,
        "Deferred income taxes expenses": "N/A",
        "The interests of minority shareholders": "N/A",
        "Total Cost of profits": 1032,
        "Profit after tax corporate income": 13676,
        "Volume": 12613472,
        "Close of Quarter": "N/A",
        "EPS": 647.8,
        "Non-adjusted EPS": 2003,
        "PE": "N/A",
        "Book Price": "N/A"
      }
    },
    {
      "quarter": "Q1 2009",
      "income status": {
        "Net sales": 80396,
        "Cost of goods sold": 67163,
        "Gross Profit": 13233,
        "Financial expenses": 238,
        "Of which: Interest expense": 238,
        "Cost of sales": 694,
        "Enterprise cost management": 1914,
        "Total Operating Expenses": 2846,
        "Total revenue financing activities": 2010,
        "Net profit from business activities": 12398,
        "Profit": 68,
        "Profit before tax": 12466,
        "Present corporate income tax expenses": 875,
        "Deferred income taxes expenses": "N/A",
        "The interests of minority shareholders": "N/A",
        "Total Cost of profits": 875,
        "Profit after tax corporate income": 11590,
        "Volume": 12613472,
        "Close of Quarter": "N/A",
        "EPS": 297.2,
        "Non-adjusted EPS": 919,
        "PE": "N/A",
        "Book Price": "N/A"
      }
    }
  ]
}