{
  "ticker": "VGP",
  "data": [
    {
      "quarter": "Q1 2017",
      "income status": {
        "Net sales": 9195,
        "Cost of goods sold": 5238,
        "Gross Profit": 3957,
        "Financial expenses": "N/A",
        "Of which: Interest expense": "N/A",
        "Cost of sales": 1207,
        "Enterprise cost management": 1679,
        "Total Operating Expenses": 2886,
        "Total revenue financing activities": 393,
        "Net profit from business activities": 1464,
        "Profit": 19,
        "Profit before tax": 1483,
        "Present corporate income tax expenses": 297,
        "Deferred income taxes expenses": "N/A",
        "The interests of minority shareholders": "N/A",
        "Total Cost of profits": 297,
        "Profit after tax corporate income": 1187,
        "Volume": 8053022,
        "Close of Quarter": 28.5,
        "EPS": 1856,
        "Non-adjusted EPS": 1856,
        "PE": 15.4,
        "Book Price": 19.9
      }
    },
    {
      "quarter": "Q4 2016",
      "income status": {
        "Net sales": 36902,
        "Cost of goods sold": 23362,
        "Gross Profit": 13540,
        "Financial expenses": "N/A",
        "Of which: Interest expense": "N/A",
        "Cost of sales": 1072,
        "Enterprise cost management": 1389,
        "Total Operating Expenses": 2461,
        "Total revenue financing activities": 1388,
        "Net profit from business activities": 12466,
        "Profit": 48,
        "Profit before tax": 12514,
        "Present corporate income tax expenses": 2521,
        "Deferred income taxes expenses": "N/A",
        "The interests of minority shareholders": "N/A",
        "Total Cost of profits": 2521,
        "Profit after tax corporate income": 9993,
        "Volume": 8053022,
        "Close of Quarter": 30.8,
        "EPS": 2025,
        "Non-adjusted EPS": 2025,
        "PE": 15.2,
        "Book Price": 20.2
      }
    },
    {
      "quarter": "Q3 2016",
      "income status": {
        "Net sales": 10044,
        "Cost of goods sold": 5735,
        "Gross Profit": 4309,
        "Financial expenses": "N/A",
        "Of which: Interest expense": "N/A",
        "Cost of sales": 1076,
        "Enterprise cost management": 1162,
        "Total Operating Expenses": 2238,
        "Total revenue financing activities": 1409,
        "Net profit from business activities": 3480,
        "Profit": 89,
        "Profit before tax": 3569,
        "Present corporate income tax expenses": 715,
        "Deferred income taxes expenses": "N/A",
        "The interests of minority shareholders": "N/A",
        "Total Cost of profits": 715,
        "Profit after tax corporate income": 2854,
        "Volume": 8053022,
        "Close of Quarter": 22.1,
        "EPS": 857,
        "Non-adjusted EPS": 857,
        "PE": 25.8,
        "Book Price": 19.7
      }
    },
    {
      "quarter": "Q2 2016",
      "income status": {
        "Net sales": 9099,
        "Cost of goods sold": 5992,
        "Gross Profit": 3107,
        "Financial expenses": 93,
        "Of which: Interest expense": 69,
        "Cost of sales": 1740,
        "Enterprise cost management": 1599,
        "Total Operating Expenses": 3432,
        "Total revenue financing activities": 1610,
        "Net profit from business activities": 1285,
        "Profit": 26,
        "Profit before tax": 1311,
        "Present corporate income tax expenses": 395,
        "Deferred income taxes expenses": "N/A",
        "The interests of minority shareholders": "N/A",
        "Total Cost of profits": 395,
        "Profit after tax corporate income": 915,
        "Volume": 8053022,
        "Close of Quarter": 18.0,
        "EPS": 847,
        "Non-adjusted EPS": 847,
        "PE": 21.3,
        "Book Price": 19.3
      }
    },
    {
      "quarter": "Q1 2016",
      "income status": {
        "Net sales": 11403,
        "Cost of goods sold": 7507,
        "Gross Profit": 3896,
        "Financial expenses": 25,
        "Of which: Interest expense": 45,
        "Cost of sales": 1187,
        "Enterprise cost management": 1332,
        "Total Operating Expenses": 2544,
        "Total revenue financing activities": 1701,
        "Net profit from business activities": 3053,
        "Profit": -23,
        "Profit before tax": 3029,
        "Present corporate income tax expenses": 480,
        "Deferred income taxes expenses": "N/A",
        "The interests of minority shareholders": "N/A",
        "Total Cost of profits": 480,
        "Profit after tax corporate income": 2549,
        "Volume": 8053022,
        "Close of Quarter": 17.4,
        "EPS": 4883,
        "Non-adjusted EPS": 4883,
        "PE": 3.6,
        "Book Price": 20.5
      }
    },
    {
      "quarter": "Q4 2015",
      "income status": {
        "Net sales": 12630,
        "Cost of goods sold": 7696,
        "Gross Profit": 4934,
        "Financial expenses": 149,
        "Of which: Interest expense": 146,
        "Cost of sales": 2988,
        "Enterprise cost management": 3441,
        "Total Operating Expenses": 6578,
        "Total revenue financing activities": 2349,
        "Net profit from business activities": 705,
        "Profit": -125,
        "Profit before tax": 581,
        "Present corporate income tax expenses": "N/A",
        "Deferred income taxes expenses": "N/A",
        "The interests of minority shareholders": "N/A",
        "Total Cost of profits": 0,
        "Profit after tax corporate income": 581,
        "Volume": 8053022,
        "Close of Quarter": 16.4,
        "EPS": 4695,
        "Non-adjusted EPS": 4695,
        "PE": 3.5,
        "Book Price": 22
      }
    },
    {
      "quarter": "Q3 2015",
      "income status": {
        "Net sales": 12545,
        "Cost of goods sold": 8786,
        "Gross Profit": 3759,
        "Financial expenses": 43,
        "Of which: Interest expense": 42,
        "Cost of sales": 1381,
        "Enterprise cost management": 1574,
        "Total Operating Expenses": 2998,
        "Total revenue financing activities": 1756,
        "Net profit from business activities": 2517,
        "Profit": 260,
        "Profit before tax": 2777,
        "Present corporate income tax expenses": "N/A",
        "Deferred income taxes expenses": "N/A",
        "The interests of minority shareholders": "N/A",
        "Total Cost of profits": 0,
        "Profit after tax corporate income": 2777,
        "Volume": 8053022,
        "Close of Quarter": 16.6,
        "EPS": 4910,
        "Non-adjusted EPS": 4910,
        "PE": 3.4,
        "Book Price": 21.9
      }
    },
    {
      "quarter": "Q2 2015",
      "income status": {
        "Net sales": 228427,
        "Cost of goods sold": 179962,
        "Gross Profit": 48466,
        "Financial expenses": 3030,
        "Of which: Interest expense": 3030,
        "Cost of sales": -4528,
        "Enterprise cost management": 1446,
        "Total Operating Expenses": -52,
        "Total revenue financing activities": 624,
        "Net profit from business activities": 49141,
        "Profit": -1132,
        "Profit before tax": 48009,
        "Present corporate income tax expenses": 14590,
        "Deferred income taxes expenses": "N/A",
        "The interests of minority shareholders": "N/A",
        "Total Cost of profits": 14590,
        "Profit after tax corporate income": 33419,
        "Volume": 8053022,
        "Close of Quarter": 16.3,
        "EPS": 4848,
        "Non-adjusted EPS": 4848,
        "PE": 3.4,
        "Book Price": 23.2
      }
    },
    {
      "quarter": "Q1 2015",
      "income status": {
        "Net sales": 18068,
        "Cost of goods sold": 8723,
        "Gross Profit": 9345,
        "Financial expenses": 507,
        "Of which: Interest expense": 503,
        "Cost of sales": 7091,
        "Enterprise cost management": 1379,
        "Total Operating Expenses": 8977,
        "Total revenue financing activities": 918,
        "Net profit from business activities": 1285,
        "Profit": 51,
        "Profit before tax": 1337,
        "Present corporate income tax expenses": 309,
        "Deferred income taxes expenses": "N/A",
        "The interests of minority shareholders": "N/A",
        "Total Cost of profits": 309,
        "Profit after tax corporate income": 1028,
        "Volume": 8053022,
        "Close of Quarter": 17.3,
        "EPS": 1136,
        "Non-adjusted EPS": 1136,
        "PE": 15.2,
        "Book Price": 19.8
      }
    },
    {
      "quarter": "Q4 2014",
      "income status": {
        "Net sales": 32931,
        "Cost of goods sold": 23904,
        "Gross Profit": 9027,
        "Financial expenses": 575,
        "Of which: Interest expense": 574,
        "Cost of sales": 3806,
        "Enterprise cost management": 1729,
        "Total Operating Expenses": 6110,
        "Total revenue financing activities": 1161,
        "Net profit from business activities": 4078,
        "Profit": 90,
        "Profit before tax": 4168,
        "Present corporate income tax expenses": 1855,
        "Deferred income taxes expenses": "N/A",
        "The interests of minority shareholders": "N/A",
        "Total Cost of profits": 1855,
        "Profit after tax corporate income": 2313,
        "Volume": 8053022,
        "Close of Quarter": 14.3,
        "EPS": 1642,
        "Non-adjusted EPS": 1642,
        "PE": 8.7,
        "Book Price": 19.8
      }
    },
    {
      "quarter": "Q3 2014",
      "income status": {
        "Net sales": 9076,
        "Cost of goods sold": "N/A",
        "Gross Profit": 9076,
        "Financial expenses": 1112,
        "Of which: Interest expense": 1111,
        "Cost of sales": 6280,
        "Enterprise cost management": 1246,
        "Total Operating Expenses": 8638,
        "Total revenue financing activities": 2414,
        "Net profit from business activities": 2851,
        "Profit": 88,
        "Profit before tax": 2939,
        "Present corporate income tax expenses": 661,
        "Deferred income taxes expenses": 1,
        "The interests of minority shareholders": "N/A",
        "Total Cost of profits": 662,
        "Profit after tax corporate income": 2278,
        "Volume": 8053022,
        "Close of Quarter": 14.4,
        "EPS": 1882,
        "Non-adjusted EPS": 1882,
        "PE": 7.7,
        "Book Price": 19.5
      }
    },
    {
      "quarter": "Q2 2014",
      "income status": {
        "Net sales": 139047,
        "Cost of goods sold": 130512,
        "Gross Profit": 8534,
        "Financial expenses": 2178,
        "Of which: Interest expense": 2178,
        "Cost of sales": 4798,
        "Enterprise cost management": 1239,
        "Total Operating Expenses": 8215,
        "Total revenue financing activities": 4059,
        "Net profit from business activities": 4378,
        "Profit": 161,
        "Profit before tax": 4539,
        "Present corporate income tax expenses": 998,
        "Deferred income taxes expenses": 12,
        "The interests of minority shareholders": "N/A",
        "Total Cost of profits": 1010,
        "Profit after tax corporate income": 3529,
        "Volume": 8053022,
        "Close of Quarter": 16.8,
        "EPS": 2273,
        "Non-adjusted EPS": 2273,
        "PE": 7.4,
        "Book Price": 20
      }
    },
    {
      "quarter": "Q1 2014",
      "income status": {
        "Net sales": 78789,
        "Cost of goods sold": 71355,
        "Gross Profit": 7434,
        "Financial expenses": 454,
        "Of which: Interest expense": 948,
        "Cost of sales": 2908,
        "Enterprise cost management": 1134,
        "Total Operating Expenses": 4496,
        "Total revenue financing activities": 3604,
        "Net profit from business activities": 6543,
        "Profit": 1,
        "Profit before tax": 6544,
        "Present corporate income tax expenses": 1440,
        "Deferred income taxes expenses": "N/A",
        "The interests of minority shareholders": "N/A",
        "Total Cost of profits": 1440,
        "Profit after tax corporate income": 5104,
        "Volume": 8053022,
        "Close of Quarter": 17.4,
        "EPS": 2503,
        "Non-adjusted EPS": 2503,
        "PE": 6.9,
        "Book Price": 19.5
      }
    },
    {
      "quarter": "Q4 2013",
      "income status": {
        "Net sales": 102802,
        "Cost of goods sold": 96415,
        "Gross Profit": 6387,
        "Financial expenses": 1439,
        "Of which: Interest expense": 1478,
        "Cost of sales": 3777,
        "Enterprise cost management": 2489,
        "Total Operating Expenses": 7705,
        "Total revenue financing activities": 4924,
        "Net profit from business activities": 3606,
        "Profit": 2116,
        "Profit before tax": 5722,
        "Present corporate income tax expenses": 1501,
        "Deferred income taxes expenses": -21,
        "The interests of minority shareholders": "N/A",
        "Total Cost of profits": 1480,
        "Profit after tax corporate income": 4243,
        "Volume": 8053022,
        "Close of Quarter": 16.3,
        "EPS": 2549,
        "Non-adjusted EPS": 2549,
        "PE": 6.4,
        "Book Price": 20.1
      }
    },
    {
      "quarter": "Q3 2013",
      "income status": {
        "Net sales": 167266,
        "Cost of goods sold": 158517,
        "Gross Profit": 8749,
        "Financial expenses": 994,
        "Of which: Interest expense": 861,
        "Cost of sales": 3148,
        "Enterprise cost management": 1350,
        "Total Operating Expenses": 5492,
        "Total revenue financing activities": 3990,
        "Net profit from business activities": 7247,
        "Profit": 6,
        "Profit before tax": 7253,
        "Present corporate income tax expenses": 1826,
        "Deferred income taxes expenses": "N/A",
        "The interests of minority shareholders": "N/A",
        "Total Cost of profits": 1826,
        "Profit after tax corporate income": 5426,
        "Volume": 8053022,
        "Close of Quarter": 12.6,
        "EPS": 2828,
        "Non-adjusted EPS": 2828,
        "PE": 4.4,
        "Book Price": 19.6
      }
    },
    {
      "quarter": "Q2 2013",
      "income status": {
        "Net sales": 119348,
        "Cost of goods sold": 112263,
        "Gross Profit": 7085,
        "Financial expenses": 1659,
        "Of which: Interest expense": 1364,
        "Cost of sales": 3236,
        "Enterprise cost management": 1296,
        "Total Operating Expenses": 6191,
        "Total revenue financing activities": 6293,
        "Net profit from business activities": 7187,
        "Profit": 10,
        "Profit before tax": 7197,
        "Present corporate income tax expenses": 1795,
        "Deferred income taxes expenses": 21,
        "The interests of minority shareholders": "N/A",
        "Total Cost of profits": 1816,
        "Profit after tax corporate income": 5381,
        "Volume": 8053022,
        "Close of Quarter": 10.6,
        "EPS": 2564,
        "Non-adjusted EPS": 2564,
        "PE": 4.2,
        "Book Price": 19.7
      }
    },
    {
      "quarter": "Q1 2013",
      "income status": {
        "Net sales": 122982,
        "Cost of goods sold": 115301,
        "Gross Profit": 7681,
        "Financial expenses": 849,
        "Of which: Interest expense": 705,
        "Cost of sales": 2282,
        "Enterprise cost management": 1352,
        "Total Operating Expenses": 4483,
        "Total revenue financing activities": 3840,
        "Net profit from business activities": 7037,
        "Profit": 285,
        "Profit before tax": 7323,
        "Present corporate income tax expenses": 1848,
        "Deferred income taxes expenses": "N/A",
        "The interests of minority shareholders": "N/A",
        "Total Cost of profits": 1848,
        "Profit after tax corporate income": 5475,
        "Volume": 8053022,
        "Close of Quarter": 8.7,
        "EPS": 3116,
        "Non-adjusted EPS": 3116,
        "PE": 2.8,
        "Book Price": 19.1
      }
    },
    {
      "quarter": "Q4 2012",
      "income status": {
        "Net sales": 214863,
        "Cost of goods sold": 205741,
        "Gross Profit": 9122,
        "Financial expenses": 856,
        "Of which: Interest expense": 992,
        "Cost of sales": 3487,
        "Enterprise cost management": 2077,
        "Total Operating Expenses": 6420,
        "Total revenue financing activities": 8963,
        "Net profit from business activities": 11665,
        "Profit": -3140,
        "Profit before tax": 8525,
        "Present corporate income tax expenses": 2032,
        "Deferred income taxes expenses": "N/A",
        "The interests of minority shareholders": "N/A",
        "Total Cost of profits": 2032,
        "Profit after tax corporate income": 6494,
        "Volume": 8053022,
        "Close of Quarter": 8.1,
        "EPS": 3049,
        "Non-adjusted EPS": 3049,
        "PE": 2.7,
        "Book Price": 19.3
      }
    },
    {
      "quarter": "Q3 2012",
      "income status": {
        "Net sales": 49067,
        "Cost of goods sold": 44243,
        "Gross Profit": 4824,
        "Financial expenses": 1085,
        "Of which: Interest expense": 523,
        "Cost of sales": 2072,
        "Enterprise cost management": 1361,
        "Total Operating Expenses": 4518,
        "Total revenue financing activities": 3969,
        "Net profit from business activities": 4275,
        "Profit": 5,
        "Profit before tax": 4280,
        "Present corporate income tax expenses": 985,
        "Deferred income taxes expenses": "N/A",
        "The interests of minority shareholders": "N/A",
        "Total Cost of profits": 985,
        "Profit after tax corporate income": 3295,
        "Volume": 8053022,
        "Close of Quarter": 7.5,
        "EPS": 2862,
        "Non-adjusted EPS": 2862,
        "PE": 2.6,
        "Book Price": 19.5
      }
    },
    {
      "quarter": "Q2 2012",
      "income status": {
        "Net sales": 139419,
        "Cost of goods sold": 127211,
        "Gross Profit": 12208,
        "Financial expenses": 2105,
        "Of which: Interest expense": 1556,
        "Cost of sales": 4431,
        "Enterprise cost management": 2751,
        "Total Operating Expenses": 9287,
        "Total revenue financing activities": 9485,
        "Net profit from business activities": 12406,
        "Profit": 192,
        "Profit before tax": 12598,
        "Present corporate income tax expenses": 2768,
        "Deferred income taxes expenses": "N/A",
        "The interests of minority shareholders": "N/A",
        "Total Cost of profits": 2768,
        "Profit after tax corporate income": 9830,
        "Volume": 8053022,
        "Close of Quarter": 8.7,
        "EPS": 3265,
        "Non-adjusted EPS": 3265,
        "PE": 2.7,
        "Book Price": 19.1
      }
    },
    {
      "quarter": "Q1 2012",
      "income status": {
        "Net sales": 40979,
        "Cost of goods sold": 35818,
        "Gross Profit": 5162,
        "Financial expenses": 410,
        "Of which: Interest expense": 591,
        "Cost of sales": 1748,
        "Enterprise cost management": 1342,
        "Total Operating Expenses": 3500,
        "Total revenue financing activities": 4909,
        "Net profit from business activities": 6571,
        "Profit": 7,
        "Profit before tax": 6577,
        "Present corporate income tax expenses": 1644,
        "Deferred income taxes expenses": "N/A",
        "The interests of minority shareholders": "N/A",
        "Total Cost of profits": 1644,
        "Profit after tax corporate income": 4933,
        "Volume": 8053022,
        "Close of Quarter": 8.2,
        "EPS": 2748,
        "Non-adjusted EPS": 2748,
        "PE": 3.0,
        "Book Price": 19.6
      }
    },
    {
      "quarter": "Q4 2011",
      "income status": {
        "Net sales": 144624,
        "Cost of goods sold": 137440,
        "Gross Profit": 7183,
        "Financial expenses": 2140,
        "Of which: Interest expense": 1713,
        "Cost of sales": 3404,
        "Enterprise cost management": 2681,
        "Total Operating Expenses": 8225,
        "Total revenue financing activities": 6742,
        "Net profit from business activities": 5700,
        "Profit": 18,
        "Profit before tax": 29237,
        "Present corporate income tax expenses": 730,
        "Deferred income taxes expenses": "N/A",
        "The interests of minority shareholders": "N/A",
        "Total Cost of profits": 730,
        "Profit after tax corporate income": 4988,
        "Volume": 8053022,
        "Close of Quarter": 7.2,
        "EPS": 2811,
        "Non-adjusted EPS": 2811,
        "PE": 2.6,
        "Book Price": 19.4
      }
    },
    {
      "quarter": "Q3 2011",
      "income status": {
        "Net sales": 106880,
        "Cost of goods sold": 99671,
        "Gross Profit": 7209,
        "Financial expenses": 1652,
        "Of which: Interest expense": 1640,
        "Cost of sales": 3009,
        "Enterprise cost management": 1486,
        "Total Operating Expenses": 6147,
        "Total revenue financing activities": 7639,
        "Net profit from business activities": 8702,
        "Profit": 18,
        "Profit before tax": 8720,
        "Present corporate income tax expenses": 2173,
        "Deferred income taxes expenses": "N/A",
        "The interests of minority shareholders": "N/A",
        "Total Cost of profits": 2173,
        "Profit after tax corporate income": 6546,
        "Volume": 8053022,
        "Close of Quarter": 6.9,
        "EPS": 3830,
        "Non-adjusted EPS": 3830,
        "PE": 1.8,
        "Book Price": 19.8
      }
    },
    {
      "quarter": "Q2 2011",
      "income status": {
        "Net sales": 101470,
        "Cost of goods sold": 93986,
        "Gross Profit": 7484,
        "Financial expenses": 1722,
        "Of which: Interest expense": 903,
        "Cost of sales": 2767,
        "Enterprise cost management": 1439,
        "Total Operating Expenses": 5928,
        "Total revenue financing activities": 6512,
        "Net profit from business activities": 8068,
        "Profit": -18,
        "Profit before tax": 8050,
        "Present corporate income tax expenses": 2383,
        "Deferred income taxes expenses": "N/A",
        "The interests of minority shareholders": "N/A",
        "Total Cost of profits": 2383,
        "Profit after tax corporate income": 5666,
        "Volume": 8053022,
        "Close of Quarter": 6.8,
        "EPS": 3599,
        "Non-adjusted EPS": 3599,
        "PE": 1.9,
        "Book Price": 19.1
      }
    },
    {
      "quarter": "Q1 2011",
      "income status": {
        "Net sales": 16686,
        "Cost of goods sold": 11013,
        "Gross Profit": 5673,
        "Financial expenses": 964,
        "Of which: Interest expense": 513,
        "Cost of sales": 2414,
        "Enterprise cost management": 1037,
        "Total Operating Expenses": 4415,
        "Total revenue financing activities": 5487,
        "Net profit from business activities": 6745,
        "Profit": 4,
        "Profit before tax": 6750,
        "Present corporate income tax expenses": 1313,
        "Deferred income taxes expenses": "N/A",
        "The interests of minority shareholders": "N/A",
        "Total Cost of profits": 1313,
        "Profit after tax corporate income": 5437,
        "Volume": 8053022,
        "Close of Quarter": 7.8,
        "EPS": 3491,
        "Non-adjusted EPS": 3491,
        "PE": 2.3,
        "Book Price": 18.9
      }
    },
    {
      "quarter": "Q4 2010",
      "income status": {
        "Net sales": 15489,
        "Cost of goods sold": 9021,
        "Gross Profit": 6468,
        "Financial expenses": 998,
        "Of which: Interest expense": 683,
        "Cost of sales": 4272,
        "Enterprise cost management": 2167,
        "Total Operating Expenses": 7437,
        "Total revenue financing activities": 5217,
        "Net profit from business activities": 4249,
        "Profit": 12291,
        "Profit before tax": 16540,
        "Present corporate income tax expenses": 3344,
        "Deferred income taxes expenses": "N/A",
        "The interests of minority shareholders": "N/A",
        "Total Cost of profits": 3344,
        "Profit after tax corporate income": 13196,
        "Volume": 8053022,
        "Close of Quarter": 8.3,
        "EPS": 3342,
        "Non-adjusted EPS": 3342,
        "PE": 2.5,
        "Book Price": 20.1
      }
    },
    {
      "quarter": "Q3 2010",
      "income status": {
        "Net sales": "N/A",
        "Cost of goods sold": "N/A",
        "Gross Profit": "N/A",
        "Financial expenses": "N/A",
        "Of which: Interest expense": 604,
        "Cost of sales": "N/A",
        "Enterprise cost management": 1346,
        "Total Operating Expenses": 1346,
        "Total revenue financing activities": "N/A",
        "Net profit from business activities": "N/A",
        "Profit": "N/A",
        "Profit before tax": 5856,
        "Present corporate income tax expenses": "N/A",
        "Deferred income taxes expenses": "N/A",
        "The interests of minority shareholders": "N/A",
        "Total Cost of profits": 0,
        "Profit after tax corporate income": 4684,
        "Volume": 8053022,
        "Close of Quarter": 8.3,
        "EPS": 2013,
        "Non-adjusted EPS": 2013,
        "PE": 4.1,
        "Book Price": 18.5
      }
    },
    {
      "quarter": "Q2 2010",
      "income status": {
        "Net sales": "N/A",
        "Cost of goods sold": "N/A",
        "Gross Profit": "N/A",
        "Financial expenses": "N/A",
        "Of which: Interest expense": 258,
        "Cost of sales": "N/A",
        "Enterprise cost management": 1293,
        "Total Operating Expenses": 1293,
        "Total revenue financing activities": "N/A",
        "Net profit from business activities": "N/A",
        "Profit": "N/A",
        "Profit before tax": 5994,
        "Present corporate income tax expenses": "N/A",
        "Deferred income taxes expenses": "N/A",
        "The interests of minority shareholders": "N/A",
        "Total Cost of profits": 0,
        "Profit after tax corporate income": 4796,
        "Volume": 6039938,
        "Close of Quarter": 11.7,
        "EPS": 2220.8,
        "Non-adjusted EPS": 2961,
        "PE": 4.0,
        "Book Price": 17.9
      }
    },
    {
      "quarter": "Q1 2010",
      "income status": {
        "Net sales": "N/A",
        "Cost of goods sold": "N/A",
        "Gross Profit": "N/A",
        "Financial expenses": "N/A",
        "Of which: Interest expense": 246,
        "Cost of sales": "N/A",
        "Enterprise cost management": 1136,
        "Total Operating Expenses": 1136,
        "Total revenue financing activities": "N/A",
        "Net profit from business activities": "N/A",
        "Profit": "N/A",
        "Profit before tax": 5299,
        "Present corporate income tax expenses": "N/A",
        "Deferred income taxes expenses": "N/A",
        "The interests of minority shareholders": "N/A",
        "Total Cost of profits": 0,
        "Profit after tax corporate income": 4239,
        "Volume": 6039938,
        "Close of Quarter": 8.2,
        "EPS": 2667.1,
        "Non-adjusted EPS": 3556,
        "PE": 2.3,
        "Book Price": 17.5
      }
    },
    {
      "quarter": "Q4 2009",
      "income status": {
        "Net sales": "N/A",
        "Cost of goods sold": "N/A",
        "Gross Profit": "N/A",
        "Financial expenses": "N/A",
        "Of which: Interest expense": "N/A",
        "Cost of sales": "N/A",
        "Enterprise cost management": 1988,
        "Total Operating Expenses": 1988,
        "Total revenue financing activities": "N/A",
        "Net profit from business activities": "N/A",
        "Profit": "N/A",
        "Profit before tax": 2838,
        "Present corporate income tax expenses": "N/A",
        "Deferred income taxes expenses": "N/A",
        "The interests of minority shareholders": "N/A",
        "Total Cost of profits": 0,
        "Profit after tax corporate income": 2492,
        "Volume": 6039938,
        "Close of Quarter": 8.6,
        "EPS": 2835.8,
        "Non-adjusted EPS": 3781,
        "PE": 2.3,
        "Book Price": 17.9
      }
    },
    {
      "quarter": "Q3 2009",
      "income status": {
        "Net sales": "N/A",
        "Cost of goods sold": "N/A",
        "Gross Profit": "N/A",
        "Financial expenses": "N/A",
        "Of which: Interest expense": "N/A",
        "Cost of sales": "N/A",
        "Enterprise cost management": 1363,
        "Total Operating Expenses": 1363,
        "Total revenue financing activities": "N/A",
        "Net profit from business activities": "N/A",
        "Profit": "N/A",
        "Profit before tax": 6654,
        "Present corporate income tax expenses": "N/A",
        "Deferred income taxes expenses": "N/A",
        "The interests of minority shareholders": "N/A",
        "Total Cost of profits": 0,
        "Profit after tax corporate income": 6357,
        "Volume": 6039938,
        "Close of Quarter": 9.9,
        "EPS": 2470.6,
        "Non-adjusted EPS": 3294,
        "PE": 3,
        "Book Price": 17.6
      }
    },
    {
      "quarter": "Q2 2009",
      "income status": {
        "Net sales": 25138,
        "Cost of goods sold": 16835,
        "Gross Profit": 8303,
        "Financial expenses": -2243,
        "Of which: Interest expense": "N/A",
        "Cost of sales": 4088,
        "Enterprise cost management": 1164,
        "Total Operating Expenses": 3009,
        "Total revenue financing activities": 3164,
        "Net profit from business activities": 8458,
        "Profit": 640,
        "Profit before tax": 9099,
        "Present corporate income tax expenses": 707,
        "Deferred income taxes expenses": "N/A",
        "The interests of minority shareholders": "N/A",
        "Total Cost of profits": 707,
        "Profit after tax corporate income": 8391,
        "Volume": 6039938,
        "Close of Quarter": 7.4,
        "EPS": 2532.8,
        "Non-adjusted EPS": 3377,
        "PE": 2.2,
        "Book Price": 17.6
      }
    },
    {
      "quarter": "Q1 2009",
      "income status": {
        "Net sales": 15596,
        "Cost of goods sold": 7154,
        "Gross Profit": 8442,
        "Financial expenses": -690,
        "Of which: Interest expense": 1,
        "Cost of sales": 3760,
        "Enterprise cost management": 808,
        "Total Operating Expenses": 3878,
        "Total revenue financing activities": 1277,
        "Net profit from business activities": 5842,
        "Profit": 54,
        "Profit before tax": 5896,
        "Present corporate income tax expenses": 298,
        "Deferred income taxes expenses": "N/A",
        "The interests of minority shareholders": "N/A",
        "Total Cost of profits": 298,
        "Profit after tax corporate income": 5599,
        "Volume": 6039938,
        "Close of Quarter": 6.0,
        "EPS": 2335.6,
        "Non-adjusted EPS": 3114,
        "PE": 1.9,
        "Book Price": 16.7
      }
    },
    {
      "quarter": "Q4 2008",
      "income status": {
        "Net sales": 32173,
        "Cost of goods sold": 24821,
        "Gross Profit": 7352,
        "Financial expenses": 3815,
        "Of which: Interest expense": "N/A",
        "Cost of sales": 4123,
        "Enterprise cost management": 1548,
        "Total Operating Expenses": 9486,
        "Total revenue financing activities": 4019,
        "Net profit from business activities": 1886,
        "Profit": -1351,
        "Profit before tax": 535,
        "Present corporate income tax expenses": 987,
        "Deferred income taxes expenses": "N/A",
        "The interests of minority shareholders": "N/A",
        "Total Cost of profits": 987,
        "Profit after tax corporate income": -452,
        "Volume": 6039938,
        "Close of Quarter": 6.4,
        "EPS": 2448.8,
        "Non-adjusted EPS": 3265,
        "PE": 2.0,
        "Book Price": 16.1
      }
    },
    {
      "quarter": "Q3 2008",
      "income status": {
        "Net sales": 50438,
        "Cost of goods sold": 39588,
        "Gross Profit": 10850,
        "Financial expenses": 2290,
        "Of which: Interest expense": 120,
        "Cost of sales": 4194,
        "Enterprise cost management": 1002,
        "Total Operating Expenses": 7486,
        "Total revenue financing activities": 3725,
        "Net profit from business activities": 7090,
        "Profit": 166,
        "Profit before tax": 7256,
        "Present corporate income tax expenses": 400,
        "Deferred income taxes expenses": "N/A",
        "The interests of minority shareholders": "N/A",
        "Total Cost of profits": 400,
        "Profit after tax corporate income": 6856,
        "Volume": 6039938,
        "Close of Quarter": 7.5,
        "EPS": 2861.3,
        "Non-adjusted EPS": 3815,
        "PE": 2.0,
        "Book Price": 17.6
      }
    },
    {
      "quarter": "Q2 2008",
      "income status": {
        "Net sales": 46125,
        "Cost of goods sold": 34074,
        "Gross Profit": 12051,
        "Financial expenses": 2467,
        "Of which: Interest expense": 60,
        "Cost of sales": 5344,
        "Enterprise cost management": 983,
        "Total Operating Expenses": 8794,
        "Total revenue financing activities": 3502,
        "Net profit from business activities": 6758,
        "Profit": 849,
        "Profit before tax": 7608,
        "Present corporate income tax expenses": 800,
        "Deferred income taxes expenses": "N/A",
        "The interests of minority shareholders": "N/A",
        "Total Cost of profits": 800,
        "Profit after tax corporate income": 6808,
        "Volume": 6201608,
        "Close of Quarter": 7,
        "EPS": 2403.5,
        "Non-adjusted EPS": 3121,
        "PE": 2.2,
        "Book Price": 16.7
      }
    },
    {
      "quarter": "Q1 2008",
      "income status": {
        "Net sales": 14019,
        "Cost of goods sold": 5382,
        "Gross Profit": 8637,
        "Financial expenses": 86,
        "Of which: Interest expense": "N/A",
        "Cost of sales": 4069,
        "Enterprise cost management": 729,
        "Total Operating Expenses": 4884,
        "Total revenue financing activities": 1777,
        "Net profit from business activities": 5530,
        "Profit": 981,
        "Profit before tax": 6511,
        "Present corporate income tax expenses": "N/A",
        "Deferred income taxes expenses": "N/A",
        "The interests of minority shareholders": "N/A",
        "Total Cost of profits": 0,
        "Profit after tax corporate income": 6511,
        "Volume": 6201608,
        "Close of Quarter": 7.3,
        "EPS": 2269.5,
        "Non-adjusted EPS": 2947,
        "PE": 2.5,
        "Book Price": 16.5
      }
    },
    {
      "quarter": "Q4 2007",
      "income status": {
        "Net sales": 18940,
        "Cost of goods sold": 11676,
        "Gross Profit": 7264,
        "Financial expenses": 53,
        "Of which: Interest expense": "N/A",
        "Cost of sales": 4497,
        "Enterprise cost management": 1009,
        "Total Operating Expenses": 5559,
        "Total revenue financing activities": 1978,
        "Net profit from business activities": 3684,
        "Profit": "N/A",
        "Profit before tax": 3684,
        "Present corporate income tax expenses": 816,
        "Deferred income taxes expenses": "N/A",
        "The interests of minority shareholders": "N/A",
        "Total Cost of profits": 816,
        "Profit after tax corporate income": 2868,
        "Volume": 6201608,
        "Close of Quarter": 13.8,
        "EPS": 1735.0,
        "Non-adjusted EPS": 2253,
        "PE": 6.1,
        "Book Price": 16.9
      }
    },
    {
      "quarter": "Q3 2007",
      "income status": {
        "Net sales": 43314,
        "Cost of goods sold": 35470,
        "Gross Profit": 7845,
        "Financial expenses": 119,
        "Of which: Interest expense": 38,
        "Cost of sales": 4426,
        "Enterprise cost management": 910,
        "Total Operating Expenses": 5455,
        "Total revenue financing activities": 737,
        "Net profit from business activities": 3127,
        "Profit": -103,
        "Profit before tax": 3023,
        "Present corporate income tax expenses": -145,
        "Deferred income taxes expenses": "N/A",
        "The interests of minority shareholders": "N/A",
        "Total Cost of profits": -145,
        "Profit after tax corporate income": 3168,
        "Volume": 3885020,
        "Close of Quarter": 15.5,
        "EPS": 2638.4,
        "Non-adjusted EPS": 5469,
        "PE": 2.8,
        "Book Price": 7.5
      }
    },
    {
      "quarter": "Q2 2007",
      "income status": {
        "Net sales": 73207,
        "Cost of goods sold": 65481,
        "Gross Profit": 7726,
        "Financial expenses": 829,
        "Of which: Interest expense": "N/A",
        "Cost of sales": 4193,
        "Enterprise cost management": 918,
        "Total Operating Expenses": 5940,
        "Total revenue financing activities": 1036,
        "Net profit from business activities": 2823,
        "Profit": 3500,
        "Profit before tax": 6323,
        "Present corporate income tax expenses": 593,
        "Deferred income taxes expenses": "N/A",
        "The interests of minority shareholders": "N/A",
        "Total Cost of profits": 593,
        "Profit after tax corporate income": 5730,
        "Volume": 3885020,
        "Close of Quarter": 14.0,
        "EPS": 2497.5,
        "Non-adjusted EPS": 5177,
        "PE": 2.7,
        "Book Price": 7.2
      }
    },
    {
      "quarter": "Q1 2007",
      "income status": {
        "Net sales": 60381,
        "Cost of goods sold": 54739,
        "Gross Profit": 5642,
        "Financial expenses": 614,
        "Of which: Interest expense": 593,
        "Cost of sales": 3068,
        "Enterprise cost management": 669,
        "Total Operating Expenses": 4351,
        "Total revenue financing activities": 1149,
        "Net profit from business activities": 2440,
        "Profit": 9,
        "Profit before tax": 2449,
        "Present corporate income tax expenses": 245,
        "Deferred income taxes expenses": "N/A",
        "The interests of minority shareholders": "N/A",
        "Total Cost of profits": 245,
        "Profit after tax corporate income": 2204,
        "Volume": 3885020,
        "Close of Quarter": 15.7,
        "EPS": 1991.0,
        "Non-adjusted EPS": 4127,
        "PE": 3.8,
        "Book Price": 6.5
      }
    },
    {
      "quarter": "Q4 2006",
      "income status": {
        "Net sales": 57056,
        "Cost of goods sold": 50659,
        "Gross Profit": 6397,
        "Financial expenses": 516,
        "Of which: Interest expense": "N/A",
        "Cost of sales": 3484,
        "Enterprise cost management": 925,
        "Total Operating Expenses": 4925,
        "Total revenue financing activities": 509,
        "Net profit from business activities": 1982,
        "Profit": 8406,
        "Profit before tax": 10388,
        "Present corporate income tax expenses": 242,
        "Deferred income taxes expenses": "N/A",
        "The interests of minority shareholders": "N/A",
        "Total Cost of profits": 242,
        "Profit after tax corporate income": 10146,
        "Volume": 3885020,
        "Close of Quarter": 12.1,
        "EPS": 1973.6,
        "Non-adjusted EPS": 4091,
        "PE": 3.0,
        "Book Price": 6.7
      }
    },
    {
      "quarter": "Q3 2006",
      "income status": {
        "Net sales": 90089,
        "Cost of goods sold": 83513,
        "Gross Profit": 6575,
        "Financial expenses": 378,
        "Of which: Interest expense": 360,
        "Cost of sales": 3568,
        "Enterprise cost management": 746,
        "Total Operating Expenses": 4692,
        "Total revenue financing activities": 327,
        "Net profit from business activities": 2208,
        "Profit": "N/A",
        "Profit before tax": 2258,
        "Present corporate income tax expenses": 225,
        "Deferred income taxes expenses": "N/A",
        "The interests of minority shareholders": "N/A",
        "Total Cost of profits": 225,
        "Profit after tax corporate income": 2033,
        "Volume": 3885020,
        "Close of Quarter": "N/A",
        "EPS": 714,
        "Non-adjusted EPS": 1480,
        "PE": "N/A",
        "Book Price": 5.6
      }
    },
    {
      "quarter": "Q2 2006",
      "income status": {
        "Net sales": 61274,
        "Cost of goods sold": 55315,
        "Gross Profit": 5958,
        "Financial expenses": 506,
        "Of which: Interest expense": 474,
        "Cost of sales": 3099,
        "Enterprise cost management": 687,
        "Total Operating Expenses": 4292,
        "Total revenue financing activities": 165,
        "Net profit from business activities": 1830,
        "Profit": "N/A",
        "Profit before tax": 1834,
        "Present corporate income tax expenses": 183,
        "Deferred income taxes expenses": "N/A",
        "The interests of minority shareholders": 1,
        "Total Cost of profits": 184,
        "Profit after tax corporate income": 1649,
        "Volume": 3885020,
        "Close of Quarter": "N/A",
        "EPS": 461.2,
        "Non-adjusted EPS": 956,
        "PE": "N/A",
        "Book Price": "N/A"
      }
    },
    {
      "quarter": "Q1 2006",
      "income status": {
        "Net sales": 41226,
        "Cost of goods sold": 35493,
        "Gross Profit": 5732,
        "Financial expenses": 248,
        "Of which: Interest expense": 241,
        "Cost of sales": 3078,
        "Enterprise cost management": 760,
        "Total Operating Expenses": 4086,
        "Total revenue financing activities": 635,
        "Net profit from business activities": 2280,
        "Profit": "N/A",
        "Profit before tax": 2298,
        "Present corporate income tax expenses": 229,
        "Deferred income taxes expenses": "N/A",
        "The interests of minority shareholders": 1,
        "Total Cost of profits": 230,
        "Profit after tax corporate income": 2067,
        "Volume": 3885020,
        "Close of Quarter": "N/A",
        "EPS": 256.7,
        "Non-adjusted EPS": 532,
        "PE": "N/A",
        "Book Price": "N/A"
      }
    }
  ]
}