{
  "ticker": "HSG",
  "data": [
    {
      "quarter": "Q1 2017",
      "income status": {
        "Net sales": 6212980,
        "Cost of goods sold": 5056876,
        "Gross Profit": 1156104,
        "Financial expenses": 189457,
        "Of which: Interest expense": 127740,
        "Cost of sales": 322062,
        "Enterprise cost management": 131836,
        "Total Operating Expenses": 643355,
        "Total revenue financing activities": 18892,
        "Net profit from business activities": 531640,
        "Profit": 10132,
        "Profit before tax": 541772,
        "Present corporate income tax expenses": 92651,
        "Deferred income taxes expenses": 34105,
        "The interests of minority shareholders": -7,
        "Total Cost of profits": 126749,
        "Profit after tax corporate income": 415022,
        "Volume": 196539829,
        "Close of Quarter": 28.3,
        "EPS": 8922,
        "Non-adjusted EPS": 8922,
        "PE": 3.2,
        "Book Price": 23.8
      }
    },
    {
      "quarter": "Q4 2016",
      "income status": {
        "Net sales": 5766569,
        "Cost of goods sold": 4720032,
        "Gross Profit": 1046537,
        "Financial expenses": 85700,
        "Of which: Interest expense": 64718,
        "Cost of sales": 314159,
        "Enterprise cost management": 195134,
        "Total Operating Expenses": 594993,
        "Total revenue financing activities": 12460,
        "Net profit from business activities": 464004,
        "Profit": 51019,
        "Profit before tax": 515023,
        "Present corporate income tax expenses": 75011,
        "Deferred income taxes expenses": "N/A",
        "The interests of minority shareholders": 2,
        "Total Cost of profits": 75013,
        "Profit after tax corporate income": 440011,
        "Volume": 196539829,
        "Close of Quarter": 28.5,
        "EPS": 8940,
        "Non-adjusted EPS": 8940,
        "PE": 3.2,
        "Book Price": 23.4
      }
    },
    {
      "quarter": "Q3 2016",
      "income status": {
        "Net sales": 4995076,
        "Cost of goods sold": 3680952,
        "Gross Profit": 1314124,
        "Financial expenses": 79832,
        "Of which: Interest expense": 64733,
        "Cost of sales": 383737,
        "Enterprise cost management": 316145,
        "Total Operating Expenses": 779714,
        "Total revenue financing activities": 7533,
        "Net profit from business activities": 541942,
        "Profit": -5978,
        "Profit before tax": 535964,
        "Present corporate income tax expenses": 117979,
        "Deferred income taxes expenses": -32624,
        "The interests of minority shareholders": "N/A",
        "Total Cost of profits": 85355,
        "Profit after tax corporate income": 450609,
        "Volume": 196539829,
        "Close of Quarter": 23.5,
        "EPS": 7653,
        "Non-adjusted EPS": 7653,
        "PE": 3.1,
        "Book Price": 21
      }
    },
    {
      "quarter": "Q2 2016",
      "income status": {
        "Net sales": 4594827,
        "Cost of goods sold": 3480402,
        "Gross Profit": 1114425,
        "Financial expenses": 44109,
        "Of which: Interest expense": 35918,
        "Cost of sales": 282163,
        "Enterprise cost management": 198280,
        "Total Operating Expenses": 524552,
        "Total revenue financing activities": 4172,
        "Net profit from business activities": 594045,
        "Profit": -4691,
        "Profit before tax": 589354,
        "Present corporate income tax expenses": 141525,
        "Deferred income taxes expenses": "N/A",
        "The interests of minority shareholders": "N/A",
        "Total Cost of profits": 141525,
        "Profit after tax corporate income": 447830,
        "Volume": 196539829,
        "Close of Quarter": 23.1,
        "EPS": 6216,
        "Non-adjusted EPS": 6216,
        "PE": 3.7,
        "Book Price": 18.8
      }
    },
    {
      "quarter": "Q1 2016",
      "income status": {
        "Net sales": 4390661,
        "Cost of goods sold": 3292118,
        "Gross Profit": 1098543,
        "Financial expenses": 70301,
        "Of which: Interest expense": 54253,
        "Cost of sales": 254660,
        "Enterprise cost management": 255629,
        "Total Operating Expenses": 580590,
        "Total revenue financing activities": 13747,
        "Net profit from business activities": 531700,
        "Profit": -10398,
        "Profit before tax": 521302,
        "Present corporate income tax expenses": 105472,
        "Deferred income taxes expenses": -2710,
        "The interests of minority shareholders": "N/A",
        "Total Cost of profits": 102762,
        "Profit after tax corporate income": 418540,
        "Volume": 131027067,
        "Close of Quarter": 12.1,
        "EPS": 5165.4,
        "Non-adjusted EPS": 7748,
        "PE": 1.6,
        "Book Price": 18.2
      }
    },
    {
      "quarter": "Q4 2015",
      "income status": {
        "Net sales": 3913151,
        "Cost of goods sold": 3263921,
        "Gross Profit": 649230,
        "Financial expenses": 61443,
        "Of which: Interest expense": 54131,
        "Cost of sales": 219042,
        "Enterprise cost management": 130662,
        "Total Operating Expenses": 411147,
        "Total revenue financing activities": 12977,
        "Net profit from business activities": 251060,
        "Profit": 9068,
        "Profit before tax": 260129,
        "Present corporate income tax expenses": 72918,
        "Deferred income taxes expenses": "N/A",
        "The interests of minority shareholders": "N/A",
        "Total Cost of profits": 72918,
        "Profit after tax corporate income": 187211,
        "Volume": 131027067,
        "Close of Quarter": 11.0,
        "EPS": 3638.0,
        "Non-adjusted EPS": 5457,
        "PE": 2.0,
        "Book Price": 16.3
      }
    },
    {
      "quarter": "Q3 2015",
      "income status": {
        "Net sales": 3932111,
        "Cost of goods sold": 3158821,
        "Gross Profit": 773290,
        "Financial expenses": 194705,
        "Of which: Interest expense": 80830,
        "Cost of sales": 241150,
        "Enterprise cost management": 157493,
        "Total Operating Expenses": 593348,
        "Total revenue financing activities": 11763,
        "Net profit from business activities": 191705,
        "Profit": 5276,
        "Profit before tax": 196982,
        "Present corporate income tax expenses": 54847,
        "Deferred income taxes expenses": -26012,
        "The interests of minority shareholders": "N/A",
        "Total Cost of profits": 28835,
        "Profit after tax corporate income": 168146,
        "Volume": 96313098,
        "Close of Quarter": 11.0,
        "EPS": 3322.0,
        "Non-adjusted EPS": 6779,
        "PE": 1.6,
        "Book Price": 14.8
      }
    },
    {
      "quarter": "Q2 2015",
      "income status": {
        "Net sales": 4830138,
        "Cost of goods sold": 4074728,
        "Gross Profit": 755410,
        "Financial expenses": 76156,
        "Of which: Interest expense": 43224,
        "Cost of sales": 240158,
        "Enterprise cost management": 131856,
        "Total Operating Expenses": 448170,
        "Total revenue financing activities": 6224,
        "Net profit from business activities": 313463,
        "Profit": 6644,
        "Profit before tax": 320107,
        "Present corporate income tax expenses": 78758,
        "Deferred income taxes expenses": "N/A",
        "The interests of minority shareholders": "N/A",
        "Total Cost of profits": 78758,
        "Profit after tax corporate income": 241348,
        "Volume": 96313098,
        "Close of Quarter": 11.4,
        "EPS": 3121.6,
        "Non-adjusted EPS": 6370,
        "PE": 1.8,
        "Book Price": 13.7
      }
    },
    {
      "quarter": "Q1 2015",
      "income status": {
        "Net sales": 4269949,
        "Cost of goods sold": 3710937,
        "Gross Profit": 559012,
        "Financial expenses": 103394,
        "Of which: Interest expense": 54688,
        "Cost of sales": 196121,
        "Enterprise cost management": 126586,
        "Total Operating Expenses": 426101,
        "Total revenue financing activities": 13152,
        "Net profit from business activities": 146063,
        "Profit": 5718,
        "Profit before tax": 151781,
        "Present corporate income tax expenses": 35731,
        "Deferred income taxes expenses": -2251,
        "The interests of minority shareholders": "N/A",
        "Total Cost of profits": 33480,
        "Profit after tax corporate income": 118301,
        "Volume": 96313098,
        "Close of Quarter": 8.9,
        "EPS": 2458.1,
        "Non-adjusted EPS": 5016,
        "PE": 1.8,
        "Book Price": 12.9
      }
    },
    {
      "quarter": "Q4 2014",
      "income status": {
        "Net sales": 4414674,
        "Cost of goods sold": 3924870,
        "Gross Profit": 489805,
        "Financial expenses": 50400,
        "Of which: Interest expense": 45271,
        "Cost of sales": 186782,
        "Enterprise cost management": 95863,
        "Total Operating Expenses": 333045,
        "Total revenue financing activities": 456,
        "Net profit from business activities": 157216,
        "Profit": 6230,
        "Profit before tax": 163446,
        "Present corporate income tax expenses": 38367,
        "Deferred income taxes expenses": "N/A",
        "The interests of minority shareholders": "N/A",
        "Total Cost of profits": 38367,
        "Profit after tax corporate income": 125079,
        "Volume": 96313098,
        "Close of Quarter": 12.3,
        "EPS": 2201.8,
        "Non-adjusted EPS": 4493,
        "PE": 2.7,
        "Book Price": 12.7
      }
    },
    {
      "quarter": "Q3 2014",
      "income status": {
        "Net sales": 4024330,
        "Cost of goods sold": 3520637,
        "Gross Profit": 503693,
        "Financial expenses": 83003,
        "Of which: Interest expense": 46309,
        "Cost of sales": 179728,
        "Enterprise cost management": 111019,
        "Total Operating Expenses": 373750,
        "Total revenue financing activities": 4362,
        "Net profit from business activities": 134305,
        "Profit": 19740,
        "Profit before tax": 154044,
        "Present corporate income tax expenses": 40432,
        "Deferred income taxes expenses": -15188,
        "The interests of minority shareholders": "N/A",
        "Total Cost of profits": 25244,
        "Profit after tax corporate income": 128800,
        "Volume": 96313098,
        "Close of Quarter": 11.4,
        "EPS": 2088.1,
        "Non-adjusted EPS": 4261,
        "PE": 2.7,
        "Book Price": 12.1
      }
    },
    {
      "quarter": "Q2 2014",
      "income status": {
        "Net sales": 4325391,
        "Cost of goods sold": 3871545,
        "Gross Profit": 453846,
        "Financial expenses": 53358,
        "Of which: Interest expense": 39478,
        "Cost of sales": 193623,
        "Enterprise cost management": 91267,
        "Total Operating Expenses": 338248,
        "Total revenue financing activities": 10394,
        "Net profit from business activities": 125991,
        "Profit": 17948,
        "Profit before tax": 143939,
        "Present corporate income tax expenses": 33009,
        "Deferred income taxes expenses": "N/A",
        "The interests of minority shareholders": "N/A",
        "Total Cost of profits": 33009,
        "Profit after tax corporate income": 110930,
        "Volume": 96313098,
        "Close of Quarter": 11.4,
        "EPS": 1648.5,
        "Non-adjusted EPS": 3364,
        "PE": 3.4,
        "Book Price": 12.0
      }
    },
    {
      "quarter": "Q1 2014",
      "income status": {
        "Net sales": 3342192,
        "Cost of goods sold": 2953560,
        "Gross Profit": 388632,
        "Financial expenses": 61175,
        "Of which: Interest expense": 50683,
        "Cost of sales": 159731,
        "Enterprise cost management": 106126,
        "Total Operating Expenses": 327032,
        "Total revenue financing activities": 9695,
        "Net profit from business activities": 71295,
        "Profit": 12938,
        "Profit before tax": 84233,
        "Present corporate income tax expenses": 16306,
        "Deferred income taxes expenses": "N/A",
        "The interests of minority shareholders": "N/A",
        "Total Cost of profits": 16306,
        "Profit after tax corporate income": 67927,
        "Volume": 96313098,
        "Close of Quarter": 13.7,
        "EPS": 2027.3,
        "Non-adjusted EPS": 4137,
        "PE": 3.3,
        "Book Price": 11.4
      }
    },
    {
      "quarter": "Q4 2013",
      "income status": {
        "Net sales": 3298448,
        "Cost of goods sold": 2894384,
        "Gross Profit": 404064,
        "Financial expenses": 58827,
        "Of which: Interest expense": 47089,
        "Cost of sales": 139692,
        "Enterprise cost management": 84763,
        "Total Operating Expenses": 283282,
        "Total revenue financing activities": 6040,
        "Net profit from business activities": 126821,
        "Profit": 14351,
        "Profit before tax": 141172,
        "Present corporate income tax expenses": 38487,
        "Deferred income taxes expenses": "N/A",
        "The interests of minority shareholders": "N/A",
        "Total Cost of profits": 38487,
        "Profit after tax corporate income": 102685,
        "Volume": 96313098,
        "Close of Quarter": 10.3,
        "EPS": 2316.9,
        "Non-adjusted EPS": 4728,
        "PE": 2.2,
        "Book Price": 11.8
      }
    },
    {
      "quarter": "Q3 2013",
      "income status": {
        "Net sales": 3202103,
        "Cost of goods sold": 2858470,
        "Gross Profit": 343633,
        "Financial expenses": 54426,
        "Of which: Interest expense": 18565,
        "Cost of sales": 148895,
        "Enterprise cost management": 111243,
        "Total Operating Expenses": 314564,
        "Total revenue financing activities": 12483,
        "Net profit from business activities": 41551,
        "Profit": 5542,
        "Profit before tax": 47094,
        "Present corporate income tax expenses": 13116,
        "Deferred income taxes expenses": -8479,
        "The interests of minority shareholders": "N/A",
        "Total Cost of profits": 4637,
        "Profit after tax corporate income": 42457,
        "Volume": 96313098,
        "Close of Quarter": 9.9,
        "EPS": 2191.5,
        "Non-adjusted EPS": 4472,
        "PE": 2.2,
        "Book Price": 11.3
      }
    },
    {
      "quarter": "Q2 2013",
      "income status": {
        "Net sales": 3261548,
        "Cost of goods sold": 2759052,
        "Gross Profit": 502496,
        "Financial expenses": 74824,
        "Of which: Interest expense": 46107,
        "Cost of sales": 132718,
        "Enterprise cost management": 94639,
        "Total Operating Expenses": 302181,
        "Total revenue financing activities": 15231,
        "Net profit from business activities": 215546,
        "Profit": 3919,
        "Profit before tax": 219465,
        "Present corporate income tax expenses": 34086,
        "Deferred income taxes expenses": "N/A",
        "The interests of minority shareholders": "N/A",
        "Total Cost of profits": 34086,
        "Profit after tax corporate income": 185379,
        "Volume": 96931578,
        "Close of Quarter": 10.1,
        "EPS": 2660.3,
        "Non-adjusted EPS": 5394,
        "PE": 1.9,
        "Book Price": 11.4
      }
    },
    {
      "quarter": "Q1 2013",
      "income status": {
        "Net sales": 2694968,
        "Cost of goods sold": 2342801,
        "Gross Profit": 352167,
        "Financial expenses": 54155,
        "Of which: Interest expense": 49417,
        "Cost of sales": 111568,
        "Enterprise cost management": 60261,
        "Total Operating Expenses": 225984,
        "Total revenue financing activities": 3835,
        "Net profit from business activities": 130018,
        "Profit": 15525,
        "Profit before tax": 145543,
        "Present corporate income tax expenses": 20702,
        "Deferred income taxes expenses": "N/A",
        "The interests of minority shareholders": "N/A",
        "Total Cost of profits": 20702,
        "Profit after tax corporate income": 124842,
        "Volume": 96931578,
        "Close of Quarter": 8.4,
        "EPS": 1994.0,
        "Non-adjusted EPS": 4043,
        "PE": 2.1,
        "Book Price": 10.4
      }
    },
    {
      "quarter": "Q4 2012",
      "income status": {
        "Net sales": 2283866,
        "Cost of goods sold": 1942747,
        "Gross Profit": 341119,
        "Financial expenses": 74731,
        "Of which: Interest expense": 67578,
        "Cost of sales": 91409,
        "Enterprise cost management": 87004,
        "Total Operating Expenses": 253144,
        "Total revenue financing activities": 10850,
        "Net profit from business activities": 98825,
        "Profit": -11210,
        "Profit before tax": 87616,
        "Present corporate income tax expenses": 8719,
        "Deferred income taxes expenses": 899,
        "The interests of minority shareholders": "N/A",
        "Total Cost of profits": 9618,
        "Profit after tax corporate income": 77998,
        "Volume": 96931578,
        "Close of Quarter": 4.5,
        "EPS": 1863.3,
        "Non-adjusted EPS": 3778,
        "PE": 1.2,
        "Book Price": 10.3
      }
    },
    {
      "quarter": "Q3 2012",
      "income status": {
        "Net sales": 2751472,
        "Cost of goods sold": 2371700,
        "Gross Profit": 379772,
        "Financial expenses": 85634,
        "Of which: Interest expense": 71028,
        "Cost of sales": 103450,
        "Enterprise cost management": 57954,
        "Total Operating Expenses": 247038,
        "Total revenue financing activities": 11190,
        "Net profit from business activities": 143924,
        "Profit": 3267,
        "Profit before tax": 147190,
        "Present corporate income tax expenses": 12551,
        "Deferred income taxes expenses": "N/A",
        "The interests of minority shareholders": "N/A",
        "Total Cost of profits": 12551,
        "Profit after tax corporate income": 134639,
        "Volume": 96991578,
        "Close of Quarter": 3.9,
        "EPS": 1641.9,
        "Non-adjusted EPS": 3327,
        "PE": 1.2,
        "Book Price": 10.1
      }
    },
    {
      "quarter": "Q2 2012",
      "income status": {
        "Net sales": 2528997,
        "Cost of goods sold": 2208669,
        "Gross Profit": 320327,
        "Financial expenses": 121558,
        "Of which: Interest expense": 104279,
        "Cost of sales": 99095,
        "Enterprise cost management": 60802,
        "Total Operating Expenses": 281455,
        "Total revenue financing activities": 12031,
        "Net profit from business activities": 50903,
        "Profit": 8201,
        "Profit before tax": 59104,
        "Present corporate income tax expenses": 5591,
        "Deferred income taxes expenses": -948,
        "The interests of minority shareholders": "N/A",
        "Total Cost of profits": 4643,
        "Profit after tax corporate income": 54460,
        "Volume": 98063258,
        "Close of Quarter": 3.9,
        "EPS": 1291.8,
        "Non-adjusted EPS": 2589,
        "PE": 1.5,
        "Book Price": 9.8
      }
    },
    {
      "quarter": "Q1 2012",
      "income status": {
        "Net sales": 2523620,
        "Cost of goods sold": 2161714,
        "Gross Profit": 361905,
        "Financial expenses": 127319,
        "Of which: Interest expense": 97507,
        "Cost of sales": 92442,
        "Enterprise cost management": 55467,
        "Total Operating Expenses": 275228,
        "Total revenue financing activities": 14521,
        "Net profit from business activities": 101198,
        "Profit": 5809,
        "Profit before tax": 107007,
        "Present corporate income tax expenses": 7931,
        "Deferred income taxes expenses": "N/A",
        "The interests of minority shareholders": "N/A",
        "Total Cost of profits": 7931,
        "Profit after tax corporate income": 99076,
        "Volume": 98770778,
        "Close of Quarter": 2.5,
        "EPS": 1171.9,
        "Non-adjusted EPS": 2332,
        "PE": 1.1,
        "Book Price": 9.6
      }
    },
    {
      "quarter": "Q4 2011",
      "income status": {
        "Net sales": 2320385,
        "Cost of goods sold": 2092006,
        "Gross Profit": 228379,
        "Financial expenses": 87400,
        "Of which: Interest expense": 74633,
        "Cost of sales": 92815,
        "Enterprise cost management": 51793,
        "Total Operating Expenses": 232008,
        "Total revenue financing activities": 23850,
        "Net profit from business activities": 20221,
        "Profit": 19389,
        "Profit before tax": 168589,
        "Present corporate income tax expenses": 7331,
        "Deferred income taxes expenses": -2190,
        "The interests of minority shareholders": "N/A",
        "Total Cost of profits": 5141,
        "Profit after tax corporate income": 34469,
        "Volume": 98770778,
        "Close of Quarter": 1.7,
        "EPS": 820.2,
        "Non-adjusted EPS": 1632,
        "PE": 1.1,
        "Book Price": 9.1
      }
    },
    {
      "quarter": "Q3 2011",
      "income status": {
        "Net sales": 2388395,
        "Cost of goods sold": 2095071,
        "Gross Profit": 293324,
        "Financial expenses": 87785,
        "Of which: Interest expense": 81062,
        "Cost of sales": 86908,
        "Enterprise cost management": 50741,
        "Total Operating Expenses": 225434,
        "Total revenue financing activities": 3661,
        "Net profit from business activities": 71551,
        "Profit": 2712,
        "Profit before tax": 74263,
        "Present corporate income tax expenses": 8424,
        "Deferred income taxes expenses": "N/A",
        "The interests of minority shareholders": "N/A",
        "Total Cost of profits": 8424,
        "Profit after tax corporate income": 65839,
        "Volume": 98770778,
        "Close of Quarter": 2.1,
        "EPS": 797.5,
        "Non-adjusted EPS": 1587,
        "PE": 1.3,
        "Book Price": 8.9
      }
    },
    {
      "quarter": "Q2 2011",
      "income status": {
        "Net sales": 1860113,
        "Cost of goods sold": 1546300,
        "Gross Profit": 313813,
        "Financial expenses": 201709,
        "Of which: Interest expense": 76430,
        "Cost of sales": 70208,
        "Enterprise cost management": 47667,
        "Total Operating Expenses": 319584,
        "Total revenue financing activities": 15815,
        "Net profit from business activities": 10046,
        "Profit": 9764,
        "Profit before tax": 19810,
        "Present corporate income tax expenses": -10475,
        "Deferred income taxes expenses": -698,
        "The interests of minority shareholders": "N/A",
        "Total Cost of profits": -11173,
        "Profit after tax corporate income": 30983,
        "Volume": 98770778,
        "Close of Quarter": 2.1,
        "EPS": 148.8,
        "Non-adjusted EPS": 296,
        "PE": 7.1,
        "Book Price": 9.0
      }
    },
    {
      "quarter": "Q1 2011",
      "income status": {
        "Net sales": 1860113,
        "Cost of goods sold": 1542037,
        "Gross Profit": 318075,
        "Financial expenses": 201709,
        "Of which: Interest expense": "N/A",
        "Cost of sales": 70208,
        "Enterprise cost management": 47667,
        "Total Operating Expenses": 319584,
        "Total revenue financing activities": 15815,
        "Net profit from business activities": 14308,
        "Profit": 5502,
        "Profit before tax": 19810,
        "Present corporate income tax expenses": -9434,
        "Deferred income taxes expenses": -698,
        "The interests of minority shareholders": "N/A",
        "Total Cost of profits": -10132,
        "Profit after tax corporate income": 29942,
        "Volume": 100790790,
        "Close of Quarter": 2.9,
        "EPS": 289.8,
        "Non-adjusted EPS": 565,
        "PE": 5.1,
        "Book Price": 8.9
      }
    },
    {
      "quarter": "Q4 2010",
      "income status": {
        "Net sales": 1597207,
        "Cost of goods sold": 1394916,
        "Gross Profit": 202291,
        "Financial expenses": 81082,
        "Of which: Interest expense": 55953,
        "Cost of sales": 58980,
        "Enterprise cost management": 38804,
        "Total Operating Expenses": 178866,
        "Total revenue financing activities": 5625,
        "Net profit from business activities": 29050,
        "Profit": 5856,
        "Profit before tax": 34906,
        "Present corporate income tax expenses": 4874,
        "Deferred income taxes expenses": "N/A",
        "The interests of minority shareholders": "N/A",
        "Total Cost of profits": 4874,
        "Profit after tax corporate income": 30032,
        "Volume": 100790790,
        "Close of Quarter": 3.9,
        "EPS": 921.6,
        "Non-adjusted EPS": 1797,
        "PE": 2.2,
        "Book Price": 8.9
      }
    },
    {
      "quarter": "Q3 2010",
      "income status": {
        "Net sales": 1402799,
        "Cost of goods sold": 1262325,
        "Gross Profit": 140474,
        "Financial expenses": 109300,
        "Of which: Interest expense": 60574,
        "Cost of sales": 64530,
        "Enterprise cost management": 45510,
        "Total Operating Expenses": 219340,
        "Total revenue financing activities": 3887,
        "Net profit from business activities": -74979,
        "Profit": 8889,
        "Profit before tax": -66090,
        "Present corporate income tax expenses": -212,
        "Deferred income taxes expenses": -4148,
        "The interests of minority shareholders": "N/A",
        "Total Cost of profits": -4360,
        "Profit after tax corporate income": -61730,
        "Volume": 100790790,
        "Close of Quarter": 4.5,
        "EPS": 1695.4,
        "Non-adjusted EPS": 3306,
        "PE": 1.4,
        "Book Price": 8.7
      }
    },
    {
      "quarter": "Q2 2010",
      "income status": {
        "Net sales": 1377662,
        "Cost of goods sold": 1136435,
        "Gross Profit": 241227,
        "Financial expenses": 89658,
        "Of which: Interest expense": "N/A",
        "Cost of sales": 62210,
        "Enterprise cost management": 37708,
        "Total Operating Expenses": 189576,
        "Total revenue financing activities": 4027,
        "Net profit from business activities": 55679,
        "Profit": 8275,
        "Profit before tax": 63954,
        "Present corporate income tax expenses": 5206,
        "Deferred income taxes expenses": "N/A",
        "The interests of minority shareholders": "N/A",
        "Total Cost of profits": 5206,
        "Profit after tax corporate income": 58748,
        "Volume": 83996000,
        "Close of Quarter": 6.0,
        "EPS": 2936.5,
        "Non-adjusted EPS": 6871,
        "PE": 0.9,
        "Book Price": 9.0
      }
    },
    {
      "quarter": "Q1 2010",
      "income status": {
        "Net sales": 1091211,
        "Cost of goods sold": 785032,
        "Gross Profit": 306179,
        "Financial expenses": 71130,
        "Of which: Interest expense": "N/A",
        "Cost of sales": 43077,
        "Enterprise cost management": 34758,
        "Total Operating Expenses": 148965,
        "Total revenue financing activities": 5960,
        "Net profit from business activities": 163173,
        "Profit": 5804,
        "Profit before tax": 168977,
        "Present corporate income tax expenses": 14879,
        "Deferred income taxes expenses": "N/A",
        "The interests of minority shareholders": "N/A",
        "Total Cost of profits": 14879,
        "Profit after tax corporate income": 154098,
        "Volume": 70000000,
        "Close of Quarter": 6.8,
        "EPS": 3195.8,
        "Non-adjusted EPS": 8973,
        "PE": 0.8,
        "Book Price": 5.6
      }
    },
    {
      "quarter": "Q4 2009",
      "income status": {
        "Net sales": 836120,
        "Cost of goods sold": 544768,
        "Gross Profit": 291352,
        "Financial expenses": 44919,
        "Of which: Interest expense": 14673,
        "Cost of sales": 37228,
        "Enterprise cost management": 31882,
        "Total Operating Expenses": 114029,
        "Total revenue financing activities": 11072,
        "Net profit from business activities": 188394,
        "Profit": 5428,
        "Profit before tax": 193822,
        "Present corporate income tax expenses": 7828,
        "Deferred income taxes expenses": 3864,
        "The interests of minority shareholders": "N/A",
        "Total Cost of profits": 11692,
        "Profit after tax corporate income": 182130,
        "Volume": 57038500,
        "Close of Quarter": 6.9,
        "EPS": 2492.4,
        "Non-adjusted EPS": 8588,
        "PE": 0.8,
        "Book Price": 4.8
      }
    },
    {
      "quarter": "Q3 2009",
      "income status": {
        "Net sales": 836120,
        "Cost of goods sold": 544768,
        "Gross Profit": 291352,
        "Financial expenses": 44919,
        "Of which: Interest expense": 14673,
        "Cost of sales": 37228,
        "Enterprise cost management": 31882,
        "Total Operating Expenses": 114029,
        "Total revenue financing activities": 11072,
        "Net profit from business activities": 188394,
        "Profit": 5428,
        "Profit before tax": 193822,
        "Present corporate income tax expenses": 7828,
        "Deferred income taxes expenses": 3864,
        "The interests of minority shareholders": "N/A",
        "Total Cost of profits": 11692,
        "Profit after tax corporate income": 182130,
        "Volume": 57038500,
        "Close of Quarter": 8.6,
        "EPS": 974.3,
        "Non-adjusted EPS": 3357,
        "PE": 2.6,
        "Book Price": 4.8
      }
    },
    {
      "quarter": "Q2 2009",
      "income status": {
        "Net sales": 779219,
        "Cost of goods sold": 590803,
        "Gross Profit": 188416,
        "Financial expenses": 29201,
        "Of which: Interest expense": 15105,
        "Cost of sales": 31158,
        "Enterprise cost management": 22941,
        "Total Operating Expenses": 83300,
        "Total revenue financing activities": 1581,
        "Net profit from business activities": 106697,
        "Profit": 3284,
        "Profit before tax": 109981,
        "Present corporate income tax expenses": 197,
        "Deferred income taxes expenses": "N/A",
        "The interests of minority shareholders": "N/A",
        "Total Cost of profits": 197,
        "Profit after tax corporate income": 109784,
        "Volume": 57038500,
        "Close of Quarter": 4.0,
        "EPS": -77.2,
        "Non-adjusted EPS": -266,
        "PE": -15.0,
        "Book Price": 4.2
      }
    },
    {
      "quarter": "Q1 2009",
      "income status": {
        "Net sales": 565514,
        "Cost of goods sold": 462002,
        "Gross Profit": 103512,
        "Financial expenses": 49503,
        "Of which: Interest expense": 20987,
        "Cost of sales": 21650,
        "Enterprise cost management": 20201,
        "Total Operating Expenses": 91354,
        "Total revenue financing activities": 747,
        "Net profit from business activities": 12905,
        "Profit": 2946,
        "Profit before tax": 15852,
        "Present corporate income tax expenses": 35,
        "Deferred income taxes expenses": "N/A",
        "The interests of minority shareholders": "N/A",
        "Total Cost of profits": 35,
        "Profit after tax corporate income": 15817,
        "Volume": 57038500,
        "Close of Quarter": 1.5,
        "EPS": 36.0,
        "Non-adjusted EPS": 124,
        "PE": 12.1,
        "Book Price": 3.6
      }
    },
    {
      "quarter": "Q4 2008",
      "income status": {
        "Net sales": 660710,
        "Cost of goods sold": 680642,
        "Gross Profit": -19932,
        "Financial expenses": 42572,
        "Of which: Interest expense": "N/A",
        "Cost of sales": 31971,
        "Enterprise cost management": 22955,
        "Total Operating Expenses": 97498,
        "Total revenue financing activities": 329,
        "Net profit from business activities": -117101,
        "Profit": 918,
        "Profit before tax": -116183,
        "Present corporate income tax expenses": 84,
        "Deferred income taxes expenses": "N/A",
        "The interests of minority shareholders": "N/A",
        "Total Cost of profits": 84,
        "Profit after tax corporate income": -116267,
        "Volume": 57038500,
        "Close of Quarter": 2.6,
        "EPS": 379.6,
        "Non-adjusted EPS": 1308,
        "PE": 2.0,
        "Book Price": 3.6
      }
    },
    {
      "quarter": "Q3 2008",
      "income status": {
        "Net sales": 594852,
        "Cost of goods sold": 478640,
        "Gross Profit": 116212,
        "Financial expenses": 62017,
        "Of which: Interest expense": "N/A",
        "Cost of sales": 32717,
        "Enterprise cost management": 30331,
        "Total Operating Expenses": 125065,
        "Total revenue financing activities": 738,
        "Net profit from business activities": -8115,
        "Profit": -10455,
        "Profit before tax": -18570,
        "Present corporate income tax expenses": 2151,
        "Deferred income taxes expenses": 3759,
        "The interests of minority shareholders": "N/A",
        "Total Cost of profits": 5910,
        "Profit after tax corporate income": -24480,
        "Volume": 57038500,
        "Close of Quarter": "N/A",
        "EPS": 971.1,
        "Non-adjusted EPS": 3346,
        "PE": "N/A",
        "Book Price": 4.2
      }
    },
    {
      "quarter": "Q2 2008",
      "income status": {
        "Net sales": 920469,
        "Cost of goods sold": 686988,
        "Gross Profit": 233481,
        "Financial expenses": 38181,
        "Of which: Interest expense": 42249,
        "Cost of sales": 38276,
        "Enterprise cost management": 24251,
        "Total Operating Expenses": 100708,
        "Total revenue financing activities": 1512,
        "Net profit from business activities": 134284,
        "Profit": 6132,
        "Profit before tax": 140416,
        "Present corporate income tax expenses": 8390,
        "Deferred income taxes expenses": "N/A",
        "The interests of minority shareholders": "N/A",
        "Total Cost of profits": 8390,
        "Profit after tax corporate income": 132026,
        "Volume": 57038500,
        "Close of Quarter": "N/A",
        "EPS": 1095.6,
        "Non-adjusted EPS": 3775,
        "PE": "N/A",
        "Book Price": 4.6
      }
    },
    {
      "quarter": "Q1 2008",
      "income status": {
        "Net sales": 539725,
        "Cost of goods sold": 387887,
        "Gross Profit": 151837,
        "Financial expenses": 15375,
        "Of which: Interest expense": "N/A",
        "Cost of sales": 21583,
        "Enterprise cost management": 29408,
        "Total Operating Expenses": 66366,
        "Total revenue financing activities": 4066,
        "Net profit from business activities": 89537,
        "Profit": 1046,
        "Profit before tax": 90583,
        "Present corporate income tax expenses": 7275,
        "Deferred income taxes expenses": "N/A",
        "The interests of minority shareholders": "N/A",
        "Total Cost of profits": 7275,
        "Profit after tax corporate income": 83309,
        "Volume": 57038500,
        "Close of Quarter": "N/A",
        "EPS": 424,
        "Non-adjusted EPS": 1461,
        "PE": "N/A",
        "Book Price": "N/A"
      }
    }
  ]
}