{
  "ticker": "VC3",
  "data": [
    {
      "quarter": "Q1 2017",
      "income status": {
        "Net sales": 177285,
        "Cost of goods sold": 149637,
        "Gross Profit": 27648,
        "Financial expenses": 383,
        "Of which: Interest expense": 383,
        "Cost of sales": 279,
        "Enterprise cost management": 4163,
        "Total Operating Expenses": 4825,
        "Total revenue financing activities": 461,
        "Net profit from business activities": 23284,
        "Profit": 1798,
        "Profit before tax": 25082,
        "Present corporate income tax expenses": 5015,
        "Deferred income taxes expenses": "N/A",
        "The interests of minority shareholders": 2,
        "Total Cost of profits": 5017,
        "Profit after tax corporate income": 20065,
        "Volume": 21999742,
        "Close of Quarter": 30.7,
        "EPS": 3951,
        "Non-adjusted EPS": 3951,
        "PE": 7.8,
        "Book Price": 14.5
      }
    },
    {
      "quarter": "Q4 2016",
      "income status": {
        "Net sales": 230385,
        "Cost of goods sold": 178802,
        "Gross Profit": 51584,
        "Financial expenses": 1348,
        "Of which: Interest expense": 1348,
        "Cost of sales": 370,
        "Enterprise cost management": 7174,
        "Total Operating Expenses": 8892,
        "Total revenue financing activities": 748,
        "Net profit from business activities": 43440,
        "Profit": 133,
        "Profit before tax": 43573,
        "Present corporate income tax expenses": 8712,
        "Deferred income taxes expenses": "N/A",
        "The interests of minority shareholders": 24,
        "Total Cost of profits": 8736,
        "Profit after tax corporate income": 34837,
        "Volume": 21999742,
        "Close of Quarter": 26.5,
        "EPS": 3423,
        "Non-adjusted EPS": 3423,
        "PE": 7.8,
        "Book Price": 13.6
      }
    },
    {
      "quarter": "Q3 2016",
      "income status": {
        "Net sales": 114991,
        "Cost of goods sold": 81461,
        "Gross Profit": 33530,
        "Financial expenses": 303,
        "Of which: Interest expense": 301,
        "Cost of sales": 129,
        "Enterprise cost management": 8478,
        "Total Operating Expenses": 8910,
        "Total revenue financing activities": 840,
        "Net profit from business activities": 25460,
        "Profit": -45,
        "Profit before tax": 25415,
        "Present corporate income tax expenses": 5085,
        "Deferred income taxes expenses": "N/A",
        "The interests of minority shareholders": "N/A",
        "Total Cost of profits": 5085,
        "Profit after tax corporate income": 20330,
        "Volume": 21999742,
        "Close of Quarter": 26.6,
        "EPS": 2775,
        "Non-adjusted EPS": 2775,
        "PE": 9.6,
        "Book Price": 12
      }
    },
    {
      "quarter": "Q2 2016",
      "income status": {
        "Net sales": 146086,
        "Cost of goods sold": 123028,
        "Gross Profit": 23058,
        "Financial expenses": 173,
        "Of which: Interest expense": 173,
        "Cost of sales": 49,
        "Enterprise cost management": 9435,
        "Total Operating Expenses": 9657,
        "Total revenue financing activities": 627,
        "Net profit from business activities": 14028,
        "Profit": 570,
        "Profit before tax": 14598,
        "Present corporate income tax expenses": 2905,
        "Deferred income taxes expenses": "N/A",
        "The interests of minority shareholders": "N/A",
        "Total Cost of profits": 2905,
        "Profit after tax corporate income": 11694,
        "Volume": 19999894,
        "Close of Quarter": 24.8,
        "EPS": 2436.4,
        "Non-adjusted EPS": 2680,
        "PE": 9.3,
        "Book Price": 11.1
      }
    },
    {
      "quarter": "Q1 2016",
      "income status": {
        "Net sales": 65580,
        "Cost of goods sold": 50066,
        "Gross Profit": 15514,
        "Financial expenses": 5,
        "Of which: Interest expense": 5,
        "Cost of sales": 395,
        "Enterprise cost management": 5437,
        "Total Operating Expenses": 5837,
        "Total revenue financing activities": 476,
        "Net profit from business activities": 10154,
        "Profit": 415,
        "Profit before tax": 10568,
        "Present corporate income tax expenses": 2126,
        "Deferred income taxes expenses": "N/A",
        "The interests of minority shareholders": "N/A",
        "Total Cost of profits": 2126,
        "Profit after tax corporate income": 8443,
        "Volume": 19999894,
        "Close of Quarter": 22.4,
        "EPS": 2108.2,
        "Non-adjusted EPS": 2319,
        "PE": 9.7,
        "Book Price": 11.4
      }
    },
    {
      "quarter": "Q4 2015",
      "income status": {
        "Net sales": 101712,
        "Cost of goods sold": 49291,
        "Gross Profit": 52421,
        "Financial expenses": "N/A",
        "Of which: Interest expense": "N/A",
        "Cost of sales": 195,
        "Enterprise cost management": 27464,
        "Total Operating Expenses": 27659,
        "Total revenue financing activities": -6,
        "Net profit from business activities": 24756,
        "Profit": 1635,
        "Profit before tax": 26391,
        "Present corporate income tax expenses": 5808,
        "Deferred income taxes expenses": "N/A",
        "The interests of minority shareholders": "N/A",
        "Total Cost of profits": 5808,
        "Profit after tax corporate income": 20583,
        "Volume": 19999894,
        "Close of Quarter": 15.6,
        "EPS": 1886.4,
        "Non-adjusted EPS": 2075,
        "PE": 7.5,
        "Book Price": 11
      }
    },
    {
      "quarter": "Q3 2015",
      "income status": {
        "Net sales": 166511,
        "Cost of goods sold": 148745,
        "Gross Profit": 17766,
        "Financial expenses": "N/A",
        "Of which: Interest expense": "N/A",
        "Cost of sales": 285,
        "Enterprise cost management": 4634,
        "Total Operating Expenses": 4919,
        "Total revenue financing activities": 2926,
        "Net profit from business activities": 15773,
        "Profit": 738,
        "Profit before tax": 16511,
        "Present corporate income tax expenses": 3631,
        "Deferred income taxes expenses": "N/A",
        "The interests of minority shareholders": "N/A",
        "Total Cost of profits": 3631,
        "Profit after tax corporate income": 12880,
        "Volume": 8000000,
        "Close of Quarter": 15.7,
        "EPS": 1238.2,
        "Non-adjusted EPS": 3405,
        "PE": 4.6,
        "Book Price": 10.0
      }
    },
    {
      "quarter": "Q2 2015",
      "income status": {
        "Net sales": 139895,
        "Cost of goods sold": 131710,
        "Gross Profit": 8185,
        "Financial expenses": "N/A",
        "Of which: Interest expense": "N/A",
        "Cost of sales": 409,
        "Enterprise cost management": 5233,
        "Total Operating Expenses": 5642,
        "Total revenue financing activities": 2493,
        "Net profit from business activities": 5036,
        "Profit": 702,
        "Profit before tax": 5738,
        "Present corporate income tax expenses": 1262,
        "Deferred income taxes expenses": "N/A",
        "The interests of minority shareholders": "N/A",
        "Total Cost of profits": 1262,
        "Profit after tax corporate income": 4476,
        "Volume": 8000000,
        "Close of Quarter": 7.9,
        "EPS": 821.1,
        "Non-adjusted EPS": 2258,
        "PE": 3.5,
        "Book Price": 9.3
      }
    },
    {
      "quarter": "Q1 2015",
      "income status": {
        "Net sales": 69064,
        "Cost of goods sold": 62105,
        "Gross Profit": 6959,
        "Financial expenses": "N/A",
        "Of which: Interest expense": "N/A",
        "Cost of sales": 513,
        "Enterprise cost management": 3551,
        "Total Operating Expenses": 4064,
        "Total revenue financing activities": 1327,
        "Net profit from business activities": 4221,
        "Profit": 345,
        "Profit before tax": 4566,
        "Present corporate income tax expenses": 1004,
        "Deferred income taxes expenses": "N/A",
        "The interests of minority shareholders": "N/A",
        "Total Cost of profits": 1004,
        "Profit after tax corporate income": 3562,
        "Volume": 8000000,
        "Close of Quarter": 4.0,
        "EPS": 951.3,
        "Non-adjusted EPS": 2616,
        "PE": 1.5,
        "Book Price": 9.1
      }
    },
    {
      "quarter": "Q4 2014",
      "income status": {
        "Net sales": 205335,
        "Cost of goods sold": 190650,
        "Gross Profit": 14686,
        "Financial expenses": 289,
        "Of which: Interest expense": 153,
        "Cost of sales": 752,
        "Enterprise cost management": 7064,
        "Total Operating Expenses": 8105,
        "Total revenue financing activities": 926,
        "Net profit from business activities": 7506,
        "Profit": 682,
        "Profit before tax": 8188,
        "Present corporate income tax expenses": 1866,
        "Deferred income taxes expenses": "N/A",
        "The interests of minority shareholders": "N/A",
        "Total Cost of profits": 1866,
        "Profit after tax corporate income": 6322,
        "Volume": 8000000,
        "Close of Quarter": 4.3,
        "EPS": 798.9,
        "Non-adjusted EPS": 2197,
        "PE": 2.0,
        "Book Price": 9.7
      }
    },
    {
      "quarter": "Q3 2014",
      "income status": {
        "Net sales": 92226,
        "Cost of goods sold": 84057,
        "Gross Profit": 8169,
        "Financial expenses": 42,
        "Of which: Interest expense": 42,
        "Cost of sales": 127,
        "Enterprise cost management": 3470,
        "Total Operating Expenses": 3639,
        "Total revenue financing activities": 125,
        "Net profit from business activities": 4654,
        "Profit": 18,
        "Profit before tax": 4672,
        "Present corporate income tax expenses": 971,
        "Deferred income taxes expenses": "N/A",
        "The interests of minority shareholders": "N/A",
        "Total Cost of profits": 971,
        "Profit after tax corporate income": 3700,
        "Volume": 8000000,
        "Close of Quarter": 3.4,
        "EPS": 814.6,
        "Non-adjusted EPS": 2240,
        "PE": 1.5,
        "Book Price": 9.4
      }
    },
    {
      "quarter": "Q2 2014",
      "income status": {
        "Net sales": 156314,
        "Cost of goods sold": 136637,
        "Gross Profit": 19678,
        "Financial expenses": 2193,
        "Of which: Interest expense": 2193,
        "Cost of sales": 489,
        "Enterprise cost management": 8497,
        "Total Operating Expenses": 11179,
        "Total revenue financing activities": 719,
        "Net profit from business activities": 9218,
        "Profit": 85,
        "Profit before tax": 9303,
        "Present corporate income tax expenses": 1957,
        "Deferred income taxes expenses": "N/A",
        "The interests of minority shareholders": "N/A",
        "Total Cost of profits": 1957,
        "Profit after tax corporate income": 7347,
        "Volume": 8000000,
        "Close of Quarter": 3.6,
        "EPS": 688.7,
        "Non-adjusted EPS": 1894,
        "PE": 1.9,
        "Book Price": 9.2
      }
    },
    {
      "quarter": "Q1 2014",
      "income status": {
        "Net sales": 52952,
        "Cost of goods sold": 50645,
        "Gross Profit": 2306,
        "Financial expenses": 47,
        "Of which: Interest expense": 47,
        "Cost of sales": 353,
        "Enterprise cost management": 2114,
        "Total Operating Expenses": 2514,
        "Total revenue financing activities": 26,
        "Net profit from business activities": -182,
        "Profit": 445,
        "Profit before tax": 262,
        "Present corporate income tax expenses": 55,
        "Deferred income taxes expenses": "N/A",
        "The interests of minority shareholders": "N/A",
        "Total Cost of profits": 55,
        "Profit after tax corporate income": 207,
        "Volume": 8000000,
        "Close of Quarter": 3.4,
        "EPS": 490.6,
        "Non-adjusted EPS": 1349,
        "PE": 2.5,
        "Book Price": 8.9
      }
    },
    {
      "quarter": "Q4 2013",
      "income status": {
        "Net sales": 191254,
        "Cost of goods sold": 172948,
        "Gross Profit": 18305,
        "Financial expenses": -792,
        "Of which: Interest expense": -1292,
        "Cost of sales": 1674,
        "Enterprise cost management": 10308,
        "Total Operating Expenses": 11190,
        "Total revenue financing activities": 19,
        "Net profit from business activities": 7135,
        "Profit": 993,
        "Profit before tax": 8128,
        "Present corporate income tax expenses": 1461,
        "Deferred income taxes expenses": "N/A",
        "The interests of minority shareholders": "N/A",
        "Total Cost of profits": 1461,
        "Profit after tax corporate income": 6667,
        "Volume": 8000000,
        "Close of Quarter": 2.6,
        "EPS": 438.2,
        "Non-adjusted EPS": 1205,
        "PE": 2.2,
        "Book Price": 9.3
      }
    },
    {
      "quarter": "Q3 2013",
      "income status": {
        "Net sales": 90777,
        "Cost of goods sold": 85102,
        "Gross Profit": 5675,
        "Financial expenses": 1268,
        "Of which: Interest expense": 1268,
        "Cost of sales": 296,
        "Enterprise cost management": 2138,
        "Total Operating Expenses": 3702,
        "Total revenue financing activities": 7,
        "Net profit from business activities": 1980,
        "Profit": 9,
        "Profit before tax": 1989,
        "Present corporate income tax expenses": 1059,
        "Deferred income taxes expenses": "N/A",
        "The interests of minority shareholders": "N/A",
        "Total Cost of profits": 1059,
        "Profit after tax corporate income": 930,
        "Volume": 8000000,
        "Close of Quarter": 2.8,
        "EPS": -76,
        "Non-adjusted EPS": -209,
        "PE": -13.5,
        "Book Price": 9.0
      }
    },
    {
      "quarter": "Q2 2013",
      "income status": {
        "Net sales": 144721,
        "Cost of goods sold": 131145,
        "Gross Profit": 13577,
        "Financial expenses": 1268,
        "Of which: Interest expense": 247,
        "Cost of sales": 306,
        "Enterprise cost management": 3248,
        "Total Operating Expenses": 4822,
        "Total revenue financing activities": 456,
        "Net profit from business activities": 9212,
        "Profit": 893,
        "Profit before tax": 10105,
        "Present corporate income tax expenses": 1824,
        "Deferred income taxes expenses": "N/A",
        "The interests of minority shareholders": 5295,
        "Total Cost of profits": 7119,
        "Profit after tax corporate income": 2986,
        "Volume": 8000000,
        "Close of Quarter": 2.8,
        "EPS": 17.5,
        "Non-adjusted EPS": 48,
        "PE": 59.0,
        "Book Price": 9.0
      }
    },
    {
      "quarter": "Q1 2013",
      "income status": {
        "Net sales": 35397,
        "Cost of goods sold": 34850,
        "Gross Profit": 547,
        "Financial expenses": 436,
        "Of which: Interest expense": 436,
        "Cost of sales": 214,
        "Enterprise cost management": 2658,
        "Total Operating Expenses": 3308,
        "Total revenue financing activities": 1633,
        "Net profit from business activities": -1128,
        "Profit": 182,
        "Profit before tax": -947,
        "Present corporate income tax expenses": "N/A",
        "Deferred income taxes expenses": "N/A",
        "The interests of minority shareholders": "N/A",
        "Total Cost of profits": 0,
        "Profit after tax corporate income": -947,
        "Volume": 8000000,
        "Close of Quarter": 2.4,
        "EPS": 23.3,
        "Non-adjusted EPS": 64,
        "PE": 37.2,
        "Book Price": 9.3
      }
    },
    {
      "quarter": "Q4 2012",
      "income status": {
        "Net sales": 53578,
        "Cost of goods sold": 53322,
        "Gross Profit": 256,
        "Financial expenses": 3202,
        "Of which: Interest expense": 2334,
        "Cost of sales": 269,
        "Enterprise cost management": 4294,
        "Total Operating Expenses": 7765,
        "Total revenue financing activities": 149,
        "Net profit from business activities": -7360,
        "Profit": 109,
        "Profit before tax": -7251,
        "Present corporate income tax expenses": -2607,
        "Deferred income taxes expenses": "N/A",
        "The interests of minority shareholders": "N/A",
        "Total Cost of profits": -2607,
        "Profit after tax corporate income": -4644,
        "Volume": 8000000,
        "Close of Quarter": 2.4,
        "EPS": 491.3,
        "Non-adjusted EPS": 1351,
        "PE": 1.8,
        "Book Price": 9.4
      }
    },
    {
      "quarter": "Q3 2012",
      "income status": {
        "Net sales": 107761,
        "Cost of goods sold": 83533,
        "Gross Profit": 24228,
        "Financial expenses": 1286,
        "Of which: Interest expense": 1286,
        "Cost of sales": 445,
        "Enterprise cost management": 18694,
        "Total Operating Expenses": 20425,
        "Total revenue financing activities": 107,
        "Net profit from business activities": 3910,
        "Profit": 69,
        "Profit before tax": 3979,
        "Present corporate income tax expenses": 982,
        "Deferred income taxes expenses": "N/A",
        "The interests of minority shareholders": 6,
        "Total Cost of profits": 988,
        "Profit after tax corporate income": 2992,
        "Volume": 8000000,
        "Close of Quarter": 3.1,
        "EPS": 1920.8,
        "Non-adjusted EPS": 5282,
        "PE": 0.6,
        "Book Price": 9.8
      }
    },
    {
      "quarter": "Q2 2012",
      "income status": {
        "Net sales": 93634,
        "Cost of goods sold": 70174,
        "Gross Profit": 23460,
        "Financial expenses": 3253,
        "Of which: Interest expense": 3198,
        "Cost of sales": 541,
        "Enterprise cost management": 4257,
        "Total Operating Expenses": 8051,
        "Total revenue financing activities": 1181,
        "Net profit from business activities": 16590,
        "Profit": -15,
        "Profit before tax": 16574,
        "Present corporate income tax expenses": 1670,
        "Deferred income taxes expenses": "N/A",
        "The interests of minority shareholders": 11796,
        "Total Cost of profits": 13466,
        "Profit after tax corporate income": 3109,
        "Volume": 8000000,
        "Close of Quarter": 3.6,
        "EPS": 2110.9,
        "Non-adjusted EPS": 5805,
        "PE": 0.6,
        "Book Price": 9.7
      }
    },
    {
      "quarter": "Q1 2012",
      "income status": {
        "Net sales": 95855,
        "Cost of goods sold": 75753,
        "Gross Profit": 20102,
        "Financial expenses": 4223,
        "Of which: Interest expense": 4223,
        "Cost of sales": 183,
        "Enterprise cost management": 2761,
        "Total Operating Expenses": 7167,
        "Total revenue financing activities": 2781,
        "Net profit from business activities": 15716,
        "Profit": "N/A",
        "Profit before tax": 15716,
        "Present corporate income tax expenses": 6366,
        "Deferred income taxes expenses": "N/A",
        "The interests of minority shareholders": "N/A",
        "Total Cost of profits": 6366,
        "Profit after tax corporate income": 9350,
        "Volume": 8000000,
        "Close of Quarter": 5.6,
        "EPS": 2573.5,
        "Non-adjusted EPS": 7077,
        "PE": 0.8,
        "Book Price": 10.6
      }
    },
    {
      "quarter": "Q4 2011",
      "income status": {
        "Net sales": 255600,
        "Cost of goods sold": 145631,
        "Gross Profit": 109968,
        "Financial expenses": 61453,
        "Of which: Interest expense": 27623,
        "Cost of sales": 8945,
        "Enterprise cost management": 19359,
        "Total Operating Expenses": 89757,
        "Total revenue financing activities": 1626,
        "Net profit from business activities": 21837,
        "Profit": 3477,
        "Profit before tax": 28212,
        "Present corporate income tax expenses": 7050,
        "Deferred income taxes expenses": -5905,
        "The interests of minority shareholders": 267,
        "Total Cost of profits": 1412,
        "Profit after tax corporate income": 26801,
        "Volume": 8000000,
        "Close of Quarter": 4.3,
        "EPS": 2570.6,
        "Non-adjusted EPS": 7069,
        "PE": 0.6,
        "Book Price": 47.4
      }
    },
    {
      "quarter": "Q3 2011",
      "income status": {
        "Net sales": 100194,
        "Cost of goods sold": 85847,
        "Gross Profit": 14346,
        "Financial expenses": 4234,
        "Of which: Interest expense": 4234,
        "Cost of sales": 1222,
        "Enterprise cost management": 3949,
        "Total Operating Expenses": 9405,
        "Total revenue financing activities": 3899,
        "Net profit from business activities": 8840,
        "Profit": -9,
        "Profit before tax": 8831,
        "Present corporate income tax expenses": 1655,
        "Deferred income taxes expenses": "N/A",
        "The interests of minority shareholders": "N/A",
        "Total Cost of profits": 1655,
        "Profit after tax corporate income": 7176,
        "Volume": 8000000,
        "Close of Quarter": 5.3,
        "EPS": 1810.9,
        "Non-adjusted EPS": 4980,
        "PE": 1.1,
        "Book Price": 9.7
      }
    },
    {
      "quarter": "Q2 2011",
      "income status": {
        "Net sales": 109531,
        "Cost of goods sold": 82871,
        "Gross Profit": 26660,
        "Financial expenses": 10168,
        "Of which: Interest expense": 9587,
        "Cost of sales": 437,
        "Enterprise cost management": 4022,
        "Total Operating Expenses": 14627,
        "Total revenue financing activities": 5412,
        "Net profit from business activities": 17445,
        "Profit": 272,
        "Profit before tax": 17717,
        "Present corporate income tax expenses": 4429,
        "Deferred income taxes expenses": "N/A",
        "The interests of minority shareholders": "N/A",
        "Total Cost of profits": 4429,
        "Profit after tax corporate income": 13288,
        "Volume": 8000000,
        "Close of Quarter": 6.7,
        "EPS": 1847.7,
        "Non-adjusted EPS": 5081,
        "PE": 1.3,
        "Book Price": 9.4
      }
    },
    {
      "quarter": "Q1 2011",
      "income status": {
        "Net sales": 79174,
        "Cost of goods sold": 67665,
        "Gross Profit": 11508,
        "Financial expenses": "N/A",
        "Of which: Interest expense": "N/A",
        "Cost of sales": 707,
        "Enterprise cost management": 2585,
        "Total Operating Expenses": 3292,
        "Total revenue financing activities": 3800,
        "Net profit from business activities": 12016,
        "Profit": 370,
        "Profit before tax": 12386,
        "Present corporate income tax expenses": 3097,
        "Deferred income taxes expenses": "N/A",
        "The interests of minority shareholders": "N/A",
        "Total Cost of profits": 3097,
        "Profit after tax corporate income": 9290,
        "Volume": 8000000,
        "Close of Quarter": 9.3,
        "EPS": 1611.7,
        "Non-adjusted EPS": 4432,
        "PE": 2.1,
        "Book Price": 9.7
      }
    },
    {
      "quarter": "Q4 2010",
      "income status": {
        "Net sales": 234828,
        "Cost of goods sold": 160943,
        "Gross Profit": 73885,
        "Financial expenses": 12018,
        "Of which: Interest expense": 11821,
        "Cost of sales": 1273,
        "Enterprise cost management": 6482,
        "Total Operating Expenses": 19773,
        "Total revenue financing activities": 3890,
        "Net profit from business activities": 58002,
        "Profit": 774,
        "Profit before tax": 13578,
        "Present corporate income tax expenses": 3489,
        "Deferred income taxes expenses": "N/A",
        "The interests of minority shareholders": "N/A",
        "Total Cost of profits": 3489,
        "Profit after tax corporate income": 10089,
        "Volume": 8000000,
        "Close of Quarter": 9.4,
        "EPS": 1598.9,
        "Non-adjusted EPS": 4397,
        "PE": 2.1,
        "Book Price": 9.3
      }
    },
    {
      "quarter": "Q3 2010",
      "income status": {
        "Net sales": 110591,
        "Cost of goods sold": 98113,
        "Gross Profit": 12478,
        "Financial expenses": 3096,
        "Of which: Interest expense": 3096,
        "Cost of sales": "N/A",
        "Enterprise cost management": 2639,
        "Total Operating Expenses": 5735,
        "Total revenue financing activities": 3182,
        "Net profit from business activities": 9925,
        "Profit": 719,
        "Profit before tax": 10644,
        "Present corporate income tax expenses": 2661,
        "Deferred income taxes expenses": "N/A",
        "The interests of minority shareholders": "N/A",
        "Total Cost of profits": 2661,
        "Profit after tax corporate income": 7983,
        "Volume": 8000000,
        "Close of Quarter": 11.6,
        "EPS": 1480.0,
        "Non-adjusted EPS": 4070,
        "PE": 2.9,
        "Book Price": 9.5
      }
    },
    {
      "quarter": "Q2 2010",
      "income status": {
        "Net sales": 71621,
        "Cost of goods sold": 55243,
        "Gross Profit": 16378,
        "Financial expenses": 6161,
        "Of which: Interest expense": 6161,
        "Cost of sales": 1531,
        "Enterprise cost management": 2273,
        "Total Operating Expenses": 9965,
        "Total revenue financing activities": 4011,
        "Net profit from business activities": 10424,
        "Profit": 369,
        "Profit before tax": 10793,
        "Present corporate income tax expenses": 2698,
        "Deferred income taxes expenses": "N/A",
        "The interests of minority shareholders": "N/A",
        "Total Cost of profits": 2698,
        "Profit after tax corporate income": 8095,
        "Volume": 8000000,
        "Close of Quarter": 14.8,
        "EPS": 1504.0,
        "Non-adjusted EPS": 4136,
        "PE": 3.6,
        "Book Price": 8.8
      }
    },
    {
      "quarter": "Q1 2010",
      "income status": {
        "Net sales": 78003,
        "Cost of goods sold": 66861,
        "Gross Profit": 11142,
        "Financial expenses": "N/A",
        "Of which: Interest expense": "N/A",
        "Cost of sales": 696,
        "Enterprise cost management": 2547,
        "Total Operating Expenses": 3243,
        "Total revenue financing activities": 3743,
        "Net profit from business activities": 11643,
        "Profit": 365,
        "Profit before tax": 12007,
        "Present corporate income tax expenses": 3002,
        "Deferred income taxes expenses": "N/A",
        "The interests of minority shareholders": "N/A",
        "Total Cost of profits": 3002,
        "Profit after tax corporate income": 9006,
        "Volume": 8000000,
        "Close of Quarter": 13.1,
        "EPS": 1467.7,
        "Non-adjusted EPS": 4036,
        "PE": 3.3,
        "Book Price": 9.1
      }
    },
    {
      "quarter": "Q4 2009",
      "income status": {
        "Net sales": 98753,
        "Cost of goods sold": 81755,
        "Gross Profit": 16998,
        "Financial expenses": 3616,
        "Of which: Interest expense": "N/A",
        "Cost of sales": 858,
        "Enterprise cost management": 3500,
        "Total Operating Expenses": 7974,
        "Total revenue financing activities": "N/A",
        "Net profit from business activities": 9025,
        "Profit": 1136,
        "Profit before tax": 10160,
        "Present corporate income tax expenses": 2681,
        "Deferred income taxes expenses": "N/A",
        "The interests of minority shareholders": "N/A",
        "Total Cost of profits": 2681,
        "Profit after tax corporate income": 7479,
        "Volume": 8000000,
        "Close of Quarter": 12.2,
        "EPS": 1399.7,
        "Non-adjusted EPS": 3849,
        "PE": 3.2,
        "Book Price": 8.9
      }
    },
    {
      "quarter": "Q3 2009",
      "income status": {
        "Net sales": 76253,
        "Cost of goods sold": 67489,
        "Gross Profit": 8764,
        "Financial expenses": "N/A",
        "Of which: Interest expense": "N/A",
        "Cost of sales": 265,
        "Enterprise cost management": 1998,
        "Total Operating Expenses": 2263,
        "Total revenue financing activities": 4749,
        "Net profit from business activities": 11249,
        "Profit": 97,
        "Profit before tax": 11346,
        "Present corporate income tax expenses": 2837,
        "Deferred income taxes expenses": "N/A",
        "The interests of minority shareholders": "N/A",
        "Total Cost of profits": 2837,
        "Profit after tax corporate income": 8510,
        "Volume": 8000000,
        "Close of Quarter": 15.4,
        "EPS": 1725.8,
        "Non-adjusted EPS": 4746,
        "PE": 3.2,
        "Book Price": 8.6
      }
    },
    {
      "quarter": "Q2 2009",
      "income status": {
        "Net sales": 89697,
        "Cost of goods sold": 81917,
        "Gross Profit": 7781,
        "Financial expenses": "N/A",
        "Of which: Interest expense": "N/A",
        "Cost of sales": 353,
        "Enterprise cost management": 457,
        "Total Operating Expenses": 810,
        "Total revenue financing activities": 2561,
        "Net profit from business activities": 9531,
        "Profit": 168,
        "Profit before tax": 9700,
        "Present corporate income tax expenses": 2407,
        "Deferred income taxes expenses": "N/A",
        "The interests of minority shareholders": "N/A",
        "Total Cost of profits": 2407,
        "Profit after tax corporate income": 7293,
        "Volume": 8000000,
        "Close of Quarter": 4.6,
        "EPS": 1544.0,
        "Non-adjusted EPS": 4246,
        "PE": 1.1,
        "Book Price": 8.3
      }
    },
    {
      "quarter": "Q1 2009",
      "income status": {
        "Net sales": 76643,
        "Cost of goods sold": 66676,
        "Gross Profit": 9967,
        "Financial expenses": "N/A",
        "Of which: Interest expense": "N/A",
        "Cost of sales": 111,
        "Enterprise cost management": 2909,
        "Total Operating Expenses": 3020,
        "Total revenue financing activities": 3071,
        "Net profit from business activities": 10017,
        "Profit": "N/A",
        "Profit before tax": 10017,
        "Present corporate income tax expenses": 2504,
        "Deferred income taxes expenses": "N/A",
        "The interests of minority shareholders": "N/A",
        "Total Cost of profits": 2504,
        "Profit after tax corporate income": 7513,
        "Volume": 8000000,
        "Close of Quarter": 3.1,
        "EPS": 1413.8,
        "Non-adjusted EPS": 3888,
        "PE": 0.8,
        "Book Price": 8.6
      }
    },
    {
      "quarter": "Q4 2008",
      "income status": {
        "Net sales": 168614,
        "Cost of goods sold": 166023,
        "Gross Profit": 2591,
        "Financial expenses": "N/A",
        "Of which: Interest expense": "N/A",
        "Cost of sales": 488,
        "Enterprise cost management": 3255,
        "Total Operating Expenses": 3743,
        "Total revenue financing activities": 21418,
        "Net profit from business activities": 20267,
        "Profit": 87,
        "Profit before tax": 20354,
        "Present corporate income tax expenses": 5699,
        "Deferred income taxes expenses": "N/A",
        "The interests of minority shareholders": "N/A",
        "Total Cost of profits": 5699,
        "Profit after tax corporate income": 14655,
        "Volume": 8000000,
        "Close of Quarter": 3.7,
        "EPS": 1376.4,
        "Non-adjusted EPS": 3785,
        "PE": 1.0,
        "Book Price": 8.3
      }
    },
    {
      "quarter": "Q3 2008",
      "income status": {
        "Net sales": 32351,
        "Cost of goods sold": 29925,
        "Gross Profit": 2426,
        "Financial expenses": "N/A",
        "Of which: Interest expense": "N/A",
        "Cost of sales": 71,
        "Enterprise cost management": 1692,
        "Total Operating Expenses": 1763,
        "Total revenue financing activities": 5599,
        "Net profit from business activities": 6262,
        "Profit": "N/A",
        "Profit before tax": 6262,
        "Present corporate income tax expenses": 1753,
        "Deferred income taxes expenses": "N/A",
        "The interests of minority shareholders": "N/A",
        "Total Cost of profits": 1753,
        "Profit after tax corporate income": 4509,
        "Volume": 8000000,
        "Close of Quarter": 3.9,
        "EPS": 1249.5,
        "Non-adjusted EPS": 3436,
        "PE": 1.1,
        "Book Price": 7.6
      }
    },
    {
      "quarter": "Q2 2008",
      "income status": {
        "Net sales": 37259,
        "Cost of goods sold": 31163,
        "Gross Profit": 6096,
        "Financial expenses": "N/A",
        "Of which: Interest expense": "N/A",
        "Cost of sales": "N/A",
        "Enterprise cost management": 1562,
        "Total Operating Expenses": 1562,
        "Total revenue financing activities": 1595,
        "Net profit from business activities": 6129,
        "Profit": 20,
        "Profit before tax": 6149,
        "Present corporate income tax expenses": 1722,
        "Deferred income taxes expenses": "N/A",
        "The interests of minority shareholders": "N/A",
        "Total Cost of profits": 1722,
        "Profit after tax corporate income": 4427,
        "Volume": 8000000,
        "Close of Quarter": 2.9,
        "EPS": 1044.7,
        "Non-adjusted EPS": 2873,
        "PE": 1,
        "Book Price": 7.5
      }
    },
    {
      "quarter": "Q1 2008",
      "income status": {
        "Net sales": 62025,
        "Cost of goods sold": 51753,
        "Gross Profit": 10272,
        "Financial expenses": "N/A",
        "Of which: Interest expense": "N/A",
        "Cost of sales": 142,
        "Enterprise cost management": 1653,
        "Total Operating Expenses": 1795,
        "Total revenue financing activities": 559,
        "Net profit from business activities": 9036,
        "Profit": 251,
        "Profit before tax": 9286,
        "Present corporate income tax expenses": 2600,
        "Deferred income taxes expenses": "N/A",
        "The interests of minority shareholders": "N/A",
        "Total Cost of profits": 2600,
        "Profit after tax corporate income": 6686,
        "Volume": 8000000,
        "Close of Quarter": 5.9,
        "EPS": 843.3,
        "Non-adjusted EPS": 2319,
        "PE": 2.5,
        "Book Price": 7.8
      }
    },
    {
      "quarter": "Q4 2007",
      "income status": {
        "Net sales": 190771,
        "Cost of goods sold": 179498,
        "Gross Profit": 11273,
        "Financial expenses": 26,
        "Of which: Interest expense": "N/A",
        "Cost of sales": 573,
        "Enterprise cost management": 3408,
        "Total Operating Expenses": 4007,
        "Total revenue financing activities": 6487,
        "Net profit from business activities": 13752,
        "Profit": 59,
        "Profit before tax": 13811,
        "Present corporate income tax expenses": 1942,
        "Deferred income taxes expenses": "N/A",
        "The interests of minority shareholders": "N/A",
        "Total Cost of profits": 1942,
        "Profit after tax corporate income": 11869,
        "Volume": 8000000,
        "Close of Quarter": 14.7,
        "EPS": 539.6,
        "Non-adjusted EPS": 1484,
        "PE": 9.9,
        "Book Price": 7.5
      }
    }
  ]
}