{
  "ticker": "NTB",
  "data": [
    {
      "quarter": "Q1 2017",
      "income status": {
        "Net sales": -4628,
        "Cost of goods sold": -4628,
        "Gross Profit": "N/A",
        "Financial expenses": 110212,
        "Of which: Interest expense": 74283,
        "Cost of sales": "N/A",
        "Enterprise cost management": 2158,
        "Total Operating Expenses": 112370,
        "Total revenue financing activities": 29511,
        "Net profit from business activities": -82859,
        "Profit": -28608,
        "Profit before tax": -111467,
        "Present corporate income tax expenses": "N/A",
        "Deferred income taxes expenses": "N/A",
        "The interests of minority shareholders": "N/A",
        "Total Cost of profits": 0,
        "Profit after tax corporate income": -111467,
        "Volume": 39779577,
        "Close of Quarter": 0.9,
        "EPS": -8209,
        "Non-adjusted EPS": -8209,
        "PE": -0.1,
        "Book Price": -19.7
      }
    },
    {
      "quarter": "Q4 2016",
      "income status": {
        "Net sales": -12581,
        "Cost of goods sold": -19073,
        "Gross Profit": 6492,
        "Financial expenses": 75394,
        "Of which: Interest expense": 75394,
        "Cost of sales": "N/A",
        "Enterprise cost management": 1789,
        "Total Operating Expenses": 77183,
        "Total revenue financing activities": "N/A",
        "Net profit from business activities": -70691,
        "Profit": -123,
        "Profit before tax": -70814,
        "Present corporate income tax expenses": "N/A",
        "Deferred income taxes expenses": "N/A",
        "The interests of minority shareholders": "N/A",
        "Total Cost of profits": 0,
        "Profit after tax corporate income": -70814,
        "Volume": 39779577,
        "Close of Quarter": 0.3,
        "EPS": -6237,
        "Non-adjusted EPS": -6237,
        "PE": -0.1,
        "Book Price": -16.9
      }
    },
    {
      "quarter": "Q1 2016",
      "income status": {
        "Net sales": -879,
        "Cost of goods sold": -879,
        "Gross Profit": "N/A",
        "Financial expenses": 68176,
        "Of which: Interest expense": 68176,
        "Cost of sales": "N/A",
        "Enterprise cost management": 2692,
        "Total Operating Expenses": 70868,
        "Total revenue financing activities": "N/A",
        "Net profit from business activities": -70868,
        "Profit": 101,
        "Profit before tax": -70767,
        "Present corporate income tax expenses": "N/A",
        "Deferred income taxes expenses": "N/A",
        "The interests of minority shareholders": "N/A",
        "Total Cost of profits": 0,
        "Profit after tax corporate income": -70767,
        "Volume": 39779577,
        "Close of Quarter": 1.4,
        "EPS": -5080,
        "Non-adjusted EPS": -5080,
        "PE": -0.3,
        "Book Price": "N/A"
      }
    },
    {
      "quarter": "Q3 2014",
      "income status": {
        "Net sales": 13030,
        "Cost of goods sold": 80644,
        "Gross Profit": -67614,
        "Financial expenses": 3692,
        "Of which: Interest expense": 3692,
        "Cost of sales": "N/A",
        "Enterprise cost management": 1859,
        "Total Operating Expenses": 5551,
        "Total revenue financing activities": "N/A",
        "Net profit from business activities": -73166,
        "Profit": -339,
        "Profit before tax": -73504,
        "Present corporate income tax expenses": "N/A",
        "Deferred income taxes expenses": "N/A",
        "The interests of minority shareholders": "N/A",
        "Total Cost of profits": 0,
        "Profit after tax corporate income": -73504,
        "Volume": 39779577,
        "Close of Quarter": 4,
        "EPS": -3334,
        "Non-adjusted EPS": -3334,
        "PE": -1.2,
        "Book Price": 10.8
      }
    },
    {
      "quarter": "Q4 2012",
      "income status": {
        "Net sales": 7256,
        "Cost of goods sold": 3713,
        "Gross Profit": 3543,
        "Financial expenses": 22666,
        "Of which: Interest expense": 22666,
        "Cost of sales": "N/A",
        "Enterprise cost management": 13920,
        "Total Operating Expenses": 36586,
        "Total revenue financing activities": 11,
        "Net profit from business activities": -33032,
        "Profit": "N/A",
        "Profit before tax": -33032,
        "Present corporate income tax expenses": "N/A",
        "Deferred income taxes expenses": "N/A",
        "The interests of minority shareholders": "N/A",
        "Total Cost of profits": 0,
        "Profit after tax corporate income": -33032,
        "Volume": 39779577,
        "Close of Quarter": 3,
        "EPS": -1472,
        "Non-adjusted EPS": -1472,
        "PE": -2.0,
        "Book Price": 13
      }
    },
    {
      "quarter": "Q3 2012",
      "income status": {
        "Net sales": 2087,
        "Cost of goods sold": 1228,
        "Gross Profit": 859,
        "Financial expenses": 2714,
        "Of which: Interest expense": 2714,
        "Cost of sales": "N/A",
        "Enterprise cost management": 2781,
        "Total Operating Expenses": 5495,
        "Total revenue financing activities": 22,
        "Net profit from business activities": -4614,
        "Profit": -20146,
        "Profit before tax": -24760,
        "Present corporate income tax expenses": "N/A",
        "Deferred income taxes expenses": "N/A",
        "The interests of minority shareholders": "N/A",
        "Total Cost of profits": 0,
        "Profit after tax corporate income": -24760,
        "Volume": 39779577,
        "Close of Quarter": 3.4,
        "EPS": -202,
        "Non-adjusted EPS": -202,
        "PE": -16.8,
        "Book Price": 13.8
      }
    },
    {
      "quarter": "Q2 2012",
      "income status": {
        "Net sales": 75285,
        "Cost of goods sold": 68016,
        "Gross Profit": 7270,
        "Financial expenses": 5430,
        "Of which: Interest expense": 5406,
        "Cost of sales": "N/A",
        "Enterprise cost management": 3419,
        "Total Operating Expenses": 8849,
        "Total revenue financing activities": 216,
        "Net profit from business activities": -1363,
        "Profit": -110,
        "Profit before tax": -1473,
        "Present corporate income tax expenses": -170,
        "Deferred income taxes expenses": "N/A",
        "The interests of minority shareholders": 26,
        "Total Cost of profits": -144,
        "Profit after tax corporate income": -1330,
        "Volume": 36000000,
        "Close of Quarter": 4.9,
        "EPS": 236.2,
        "Non-adjusted EPS": 261,
        "PE": 18.8,
        "Book Price": 13.1
      }
    },
    {
      "quarter": "Q1 2012",
      "income status": {
        "Net sales": 49658,
        "Cost of goods sold": 44729,
        "Gross Profit": 4929,
        "Financial expenses": 1090,
        "Of which: Interest expense": 1090,
        "Cost of sales": "N/A",
        "Enterprise cost management": 3438,
        "Total Operating Expenses": 4528,
        "Total revenue financing activities": 46,
        "Net profit from business activities": 447,
        "Profit": 291,
        "Profit before tax": 737,
        "Present corporate income tax expenses": 170,
        "Deferred income taxes expenses": "N/A",
        "The interests of minority shareholders": 4,
        "Total Cost of profits": 174,
        "Profit after tax corporate income": 564,
        "Volume": 36000000,
        "Close of Quarter": 4.3,
        "EPS": 192.8,
        "Non-adjusted EPS": 213,
        "PE": 20.0,
        "Book Price": 13.0
      }
    },
    {
      "quarter": "Q4 2011",
      "income status": {
        "Net sales": 274550,
        "Cost of goods sold": 274616,
        "Gross Profit": -65,
        "Financial expenses": 10447,
        "Of which: Interest expense": 4903,
        "Cost of sales": "N/A",
        "Enterprise cost management": 3756,
        "Total Operating Expenses": 14203,
        "Total revenue financing activities": 6002,
        "Net profit from business activities": -8266,
        "Profit": 27604,
        "Profit before tax": 19338,
        "Present corporate income tax expenses": 1880,
        "Deferred income taxes expenses": "N/A",
        "The interests of minority shareholders": -31,
        "Total Cost of profits": 1849,
        "Profit after tax corporate income": 17489,
        "Volume": 36000000,
        "Close of Quarter": 3.1,
        "EPS": 15.4,
        "Non-adjusted EPS": 17,
        "PE": 181.2,
        "Book Price": 13.4
      }
    },
    {
      "quarter": "Q3 2011",
      "income status": {
        "Net sales": 11614,
        "Cost of goods sold": 11123,
        "Gross Profit": 490,
        "Financial expenses": 4447,
        "Of which: Interest expense": 4493,
        "Cost of sales": "N/A",
        "Enterprise cost management": 2925,
        "Total Operating Expenses": 7372,
        "Total revenue financing activities": 7,
        "Net profit from business activities": -6875,
        "Profit": -483,
        "Profit before tax": -7359,
        "Present corporate income tax expenses": "N/A",
        "Deferred income taxes expenses": "N/A",
        "The interests of minority shareholders": -31,
        "Total Cost of profits": -31,
        "Profit after tax corporate income": -7328,
        "Volume": 36000000,
        "Close of Quarter": 7.0,
        "EPS": -418.1,
        "Non-adjusted EPS": -462,
        "PE": -15.1,
        "Book Price": 12.6
      }
    },
    {
      "quarter": "Q2 2011",
      "income status": {
        "Net sales": 31624,
        "Cost of goods sold": 30996,
        "Gross Profit": 628,
        "Financial expenses": 95018,
        "Of which: Interest expense": 3732,
        "Cost of sales": 118,
        "Enterprise cost management": 3838,
        "Total Operating Expenses": 98974,
        "Total revenue financing activities": 89808,
        "Net profit from business activities": -8539,
        "Profit": 5473,
        "Profit before tax": -3066,
        "Present corporate income tax expenses": "N/A",
        "Deferred income taxes expenses": "N/A",
        "The interests of minority shareholders": "N/A",
        "Total Cost of profits": 0,
        "Profit after tax corporate income": -3066,
        "Volume": 36000000,
        "Close of Quarter": 8.0,
        "EPS": -210.0,
        "Non-adjusted EPS": -232,
        "PE": -34.3,
        "Book Price": 13.1
      }
    },
    {
      "quarter": "Q1 2011",
      "income status": {
        "Net sales": 14968,
        "Cost of goods sold": 12753,
        "Gross Profit": 2215,
        "Financial expenses": 3576,
        "Of which: Interest expense": 3576,
        "Cost of sales": 789,
        "Enterprise cost management": 5056,
        "Total Operating Expenses": 9421,
        "Total revenue financing activities": 1028,
        "Net profit from business activities": -6177,
        "Profit": -373,
        "Profit before tax": -6550,
        "Present corporate income tax expenses": "N/A",
        "Deferred income taxes expenses": "N/A",
        "The interests of minority shareholders": -67,
        "Total Cost of profits": -67,
        "Profit after tax corporate income": -6483,
        "Volume": 36000000,
        "Close of Quarter": 10.9,
        "EPS": 725.8,
        "Non-adjusted EPS": 802,
        "PE": 13.5,
        "Book Price": 14.2
      }
    },
    {
      "quarter": "Q4 2010",
      "income status": {
        "Net sales": 21555,
        "Cost of goods sold": 8190,
        "Gross Profit": 13366,
        "Financial expenses": 24708,
        "Of which: Interest expense": 2478,
        "Cost of sales": 1436,
        "Enterprise cost management": 4787,
        "Total Operating Expenses": 30931,
        "Total revenue financing activities": 22946,
        "Net profit from business activities": 5381,
        "Profit": -4134,
        "Profit before tax": 1247,
        "Present corporate income tax expenses": 1141,
        "Deferred income taxes expenses": "N/A",
        "The interests of minority shareholders": -152,
        "Total Cost of profits": 989,
        "Profit after tax corporate income": 257,
        "Volume": 36000000,
        "Close of Quarter": 15.6,
        "EPS": 1341.2,
        "Non-adjusted EPS": 1482,
        "PE": 10.5,
        "Book Price": 14.5
      }
    },
    {
      "quarter": "Q3 2010",
      "income status": {
        "Net sales": 22078,
        "Cost of goods sold": 14234,
        "Gross Profit": 7843,
        "Financial expenses": 1960,
        "Of which: Interest expense": 1960,
        "Cost of sales": 1159,
        "Enterprise cost management": 3599,
        "Total Operating Expenses": 6718,
        "Total revenue financing activities": 67,
        "Net profit from business activities": 1192,
        "Profit": 95,
        "Profit before tax": 1287,
        "Present corporate income tax expenses": 338,
        "Deferred income taxes expenses": "N/A",
        "The interests of minority shareholders": 7,
        "Total Cost of profits": 345,
        "Profit after tax corporate income": 942,
        "Volume": 36000000,
        "Close of Quarter": 18.6,
        "EPS": 1334.9,
        "Non-adjusted EPS": 1475,
        "PE": 12.6,
        "Book Price": 14.4
      }
    },
    {
      "quarter": "Q2 2010",
      "income status": {
        "Net sales": 147861,
        "Cost of goods sold": 137533,
        "Gross Profit": 10328,
        "Financial expenses": 2578,
        "Of which: Interest expense": 2578,
        "Cost of sales": 1415,
        "Enterprise cost management": 4377,
        "Total Operating Expenses": 8370,
        "Total revenue financing activities": 1197,
        "Net profit from business activities": 3155,
        "Profit": 42450,
        "Profit before tax": 45605,
        "Present corporate income tax expenses": 11455,
        "Deferred income taxes expenses": "N/A",
        "The interests of minority shareholders": "N/A",
        "Total Cost of profits": 11455,
        "Profit after tax corporate income": 34149,
        "Volume": 36000000,
        "Close of Quarter": 25.8,
        "EPS": 1311.3,
        "Non-adjusted EPS": 1449,
        "PE": 17.8,
        "Book Price": 14.3
      }
    },
    {
      "quarter": "Q1 2010",
      "income status": {
        "Net sales": 117749,
        "Cost of goods sold": 88631,
        "Gross Profit": 29118,
        "Financial expenses": 1376,
        "Of which: Interest expense": 1376,
        "Cost of sales": "N/A",
        "Enterprise cost management": 3860,
        "Total Operating Expenses": 5236,
        "Total revenue financing activities": 138,
        "Net profit from business activities": 24019,
        "Profit": 76,
        "Profit before tax": 24096,
        "Present corporate income tax expenses": 2423,
        "Deferred income taxes expenses": 3668,
        "The interests of minority shareholders": "N/A",
        "Total Cost of profits": 6091,
        "Profit after tax corporate income": 18005,
        "Volume": 36000000,
        "Close of Quarter": "N/A",
        "EPS": 452.5,
        "Non-adjusted EPS": 500,
        "PE": "N/A",
        "Book Price": 13.7
      }
    }
  ]
}