{
  "ticker": "SAF",
  "data": [
    {
      "quarter": "Q1 2017",
      "income status": {
        "Net sales": 236788,
        "Cost of goods sold": 209584,
        "Gross Profit": 27204,
        "Financial expenses": 71,
        "Of which: Interest expense": "N/A",
        "Cost of sales": 12992,
        "Enterprise cost management": 4275,
        "Total Operating Expenses": 17338,
        "Total revenue financing activities": 349,
        "Net profit from business activities": 10215,
        "Profit": 284,
        "Profit before tax": 10499,
        "Present corporate income tax expenses": 2119,
        "Deferred income taxes expenses": "N/A",
        "The interests of minority shareholders": "N/A",
        "Total Cost of profits": 2119,
        "Profit after tax corporate income": 8379,
        "Volume": 7918154,
        "Close of Quarter": 55.2,
        "EPS": 3791,
        "Non-adjusted EPS": 3791,
        "PE": 14.6,
        "Book Price": 15
      }
    },
    {
      "quarter": "Q4 2016",
      "income status": {
        "Net sales": 211021,
        "Cost of goods sold": 186906,
        "Gross Profit": 24114,
        "Financial expenses": 31,
        "Of which: Interest expense": "N/A",
        "Cost of sales": 11491,
        "Enterprise cost management": 4441,
        "Total Operating Expenses": 15963,
        "Total revenue financing activities": 446,
        "Net profit from business activities": 8597,
        "Profit": 614,
        "Profit before tax": 9211,
        "Present corporate income tax expenses": 1947,
        "Deferred income taxes expenses": "N/A",
        "The interests of minority shareholders": "N/A",
        "Total Cost of profits": 1947,
        "Profit after tax corporate income": 7265,
        "Volume": 7918154,
        "Close of Quarter": 58.3,
        "EPS": 3772,
        "Non-adjusted EPS": 3772,
        "PE": 15.5,
        "Book Price": 13.9
      }
    },
    {
      "quarter": "Q3 2016",
      "income status": {
        "Net sales": 216389,
        "Cost of goods sold": 193016,
        "Gross Profit": 23373,
        "Financial expenses": 4,
        "Of which: Interest expense": "N/A",
        "Cost of sales": 11406,
        "Enterprise cost management": 4128,
        "Total Operating Expenses": 15538,
        "Total revenue financing activities": 279,
        "Net profit from business activities": 8114,
        "Profit": 981,
        "Profit before tax": 9096,
        "Present corporate income tax expenses": 1835,
        "Deferred income taxes expenses": "N/A",
        "The interests of minority shareholders": "N/A",
        "Total Cost of profits": 1835,
        "Profit after tax corporate income": 7261,
        "Volume": 7918154,
        "Close of Quarter": 47.3,
        "EPS": 3644,
        "Non-adjusted EPS": 3644,
        "PE": 13.0,
        "Book Price": 13
      }
    },
    {
      "quarter": "Q2 2016",
      "income status": {
        "Net sales": 215002,
        "Cost of goods sold": 193242,
        "Gross Profit": 21760,
        "Financial expenses": 25,
        "Of which: Interest expense": "N/A",
        "Cost of sales": 9178,
        "Enterprise cost management": 5204,
        "Total Operating Expenses": 14407,
        "Total revenue financing activities": 632,
        "Net profit from business activities": 7985,
        "Profit": 977,
        "Profit before tax": 8962,
        "Present corporate income tax expenses": 1846,
        "Deferred income taxes expenses": "N/A",
        "The interests of minority shareholders": "N/A",
        "Total Cost of profits": 1846,
        "Profit after tax corporate income": 7116,
        "Volume": 5909262,
        "Close of Quarter": 44.4,
        "EPS": 3589.7,
        "Non-adjusted EPS": 4810,
        "PE": 9.2,
        "Book Price": 12.1
      }
    },
    {
      "quarter": "Q1 2016",
      "income status": {
        "Net sales": 235302,
        "Cost of goods sold": 211010,
        "Gross Profit": 24293,
        "Financial expenses": 52,
        "Of which: Interest expense": "N/A",
        "Cost of sales": 11014,
        "Enterprise cost management": 4347,
        "Total Operating Expenses": 15413,
        "Total revenue financing activities": 588,
        "Net profit from business activities": 9468,
        "Profit": 848,
        "Profit before tax": 10316,
        "Present corporate income tax expenses": 2094,
        "Deferred income taxes expenses": "N/A",
        "The interests of minority shareholders": "N/A",
        "Total Cost of profits": 2094,
        "Profit after tax corporate income": 8222,
        "Volume": 5909262,
        "Close of Quarter": 42,
        "EPS": 3497.9,
        "Non-adjusted EPS": 4687,
        "PE": 9.0,
        "Book Price": 13.7
      }
    },
    {
      "quarter": "Q4 2015",
      "income status": {
        "Net sales": 177048,
        "Cost of goods sold": 158217,
        "Gross Profit": 18832,
        "Financial expenses": 22,
        "Of which: Interest expense": "N/A",
        "Cost of sales": 8417,
        "Enterprise cost management": 3647,
        "Total Operating Expenses": 12086,
        "Total revenue financing activities": 532,
        "Net profit from business activities": 7278,
        "Profit": 870,
        "Profit before tax": 8148,
        "Present corporate income tax expenses": 1895,
        "Deferred income taxes expenses": "N/A",
        "The interests of minority shareholders": "N/A",
        "Total Cost of profits": 1895,
        "Profit after tax corporate income": 6253,
        "Volume": 5909262,
        "Close of Quarter": 42,
        "EPS": 3348.6,
        "Non-adjusted EPS": 4487,
        "PE": 9.4,
        "Book Price": 12.7
      }
    },
    {
      "quarter": "Q3 2015",
      "income status": {
        "Net sales": 191646,
        "Cost of goods sold": 171285,
        "Gross Profit": 20360,
        "Financial expenses": 14,
        "Of which: Interest expense": "N/A",
        "Cost of sales": 10439,
        "Enterprise cost management": 2419,
        "Total Operating Expenses": 12872,
        "Total revenue financing activities": 528,
        "Net profit from business activities": 8017,
        "Profit": 798,
        "Profit before tax": 8815,
        "Present corporate income tax expenses": 1981,
        "Deferred income taxes expenses": "N/A",
        "The interests of minority shareholders": "N/A",
        "Total Cost of profits": 1981,
        "Profit after tax corporate income": 6834,
        "Volume": 5909262,
        "Close of Quarter": 35.2,
        "EPS": 3403.1,
        "Non-adjusted EPS": 4560,
        "PE": 7.7,
        "Book Price": 11.9
      }
    },
    {
      "quarter": "Q2 2015",
      "income status": {
        "Net sales": 184226,
        "Cost of goods sold": 165569,
        "Gross Profit": 18657,
        "Financial expenses": 12,
        "Of which: Interest expense": "N/A",
        "Cost of sales": 6497,
        "Enterprise cost management": 5273,
        "Total Operating Expenses": 11782,
        "Total revenue financing activities": 486,
        "Net profit from business activities": 7361,
        "Profit": 876,
        "Profit before tax": 8237,
        "Present corporate income tax expenses": 1850,
        "Deferred income taxes expenses": "N/A",
        "The interests of minority shareholders": "N/A",
        "Total Cost of profits": 1850,
        "Profit after tax corporate income": 6387,
        "Volume": 5909262,
        "Close of Quarter": 30.5,
        "EPS": 3341.2,
        "Non-adjusted EPS": 4477,
        "PE": 6.8,
        "Book Price": 11.1
      }
    },
    {
      "quarter": "Q1 2015",
      "income status": {
        "Net sales": 184870,
        "Cost of goods sold": 161562,
        "Gross Profit": 23307,
        "Financial expenses": 19,
        "Of which: Interest expense": "N/A",
        "Cost of sales": 10129,
        "Enterprise cost management": 5279,
        "Total Operating Expenses": 15427,
        "Total revenue financing activities": 539,
        "Net profit from business activities": 8420,
        "Profit": 630,
        "Profit before tax": 9050,
        "Present corporate income tax expenses": 2011,
        "Deferred income taxes expenses": "N/A",
        "The interests of minority shareholders": "N/A",
        "Total Cost of profits": 2011,
        "Profit after tax corporate income": 7039,
        "Volume": 5909262,
        "Close of Quarter": 25.1,
        "EPS": 3213.5,
        "Non-adjusted EPS": 4306,
        "PE": 5.8,
        "Book Price": 12.9
      }
    },
    {
      "quarter": "Q4 2014",
      "income status": {
        "Net sales": 172538,
        "Cost of goods sold": 150988,
        "Gross Profit": 21550,
        "Financial expenses": 32,
        "Of which: Interest expense": "N/A",
        "Cost of sales": 8914,
        "Enterprise cost management": 5272,
        "Total Operating Expenses": 14218,
        "Total revenue financing activities": 615,
        "Net profit from business activities": 7947,
        "Profit": 657,
        "Profit before tax": 8604,
        "Present corporate income tax expenses": 1916,
        "Deferred income taxes expenses": "N/A",
        "The interests of minority shareholders": "N/A",
        "Total Cost of profits": 1916,
        "Profit after tax corporate income": 6688,
        "Volume": 5909262,
        "Close of Quarter": 25.1,
        "EPS": 3030.7,
        "Non-adjusted EPS": 4061,
        "PE": 6.2,
        "Book Price": 12.0
      }
    },
    {
      "quarter": "Q3 2014",
      "income status": {
        "Net sales": 178058,
        "Cost of goods sold": 153079,
        "Gross Profit": 24979,
        "Financial expenses": 46,
        "Of which: Interest expense": "N/A",
        "Cost of sales": 12598,
        "Enterprise cost management": 5325,
        "Total Operating Expenses": 17969,
        "Total revenue financing activities": 502,
        "Net profit from business activities": 7511,
        "Profit": 654,
        "Profit before tax": 8165,
        "Present corporate income tax expenses": 1823,
        "Deferred income taxes expenses": "N/A",
        "The interests of minority shareholders": "N/A",
        "Total Cost of profits": 1823,
        "Profit after tax corporate income": 6342,
        "Volume": 5909262,
        "Close of Quarter": 23.5,
        "EPS": 2827.0,
        "Non-adjusted EPS": 3788,
        "PE": 6.2,
        "Book Price": 11.2
      }
    },
    {
      "quarter": "Q2 2014",
      "income status": {
        "Net sales": 153307,
        "Cost of goods sold": 133921,
        "Gross Profit": 19387,
        "Financial expenses": 30,
        "Of which: Interest expense": "N/A",
        "Cost of sales": 8194,
        "Enterprise cost management": 5031,
        "Total Operating Expenses": 13255,
        "Total revenue financing activities": 577,
        "Net profit from business activities": 6709,
        "Profit": 220,
        "Profit before tax": 6929,
        "Present corporate income tax expenses": 1555,
        "Deferred income taxes expenses": "N/A",
        "The interests of minority shareholders": "N/A",
        "Total Cost of profits": 1555,
        "Profit after tax corporate income": 5374,
        "Volume": 4545777,
        "Close of Quarter": 18.1,
        "EPS": 2683.3,
        "Non-adjusted EPS": 4674,
        "PE": 3.9,
        "Book Price": 10.4
      }
    },
    {
      "quarter": "Q1 2014",
      "income status": {
        "Net sales": 163130,
        "Cost of goods sold": 143261,
        "Gross Profit": 19869,
        "Financial expenses": 34,
        "Of which: Interest expense": "N/A",
        "Cost of sales": 8933,
        "Enterprise cost management": 4760,
        "Total Operating Expenses": 13727,
        "Total revenue financing activities": 533,
        "Net profit from business activities": 6675,
        "Profit": 559,
        "Profit before tax": 7234,
        "Present corporate income tax expenses": 1642,
        "Deferred income taxes expenses": "N/A",
        "The interests of minority shareholders": "N/A",
        "Total Cost of profits": 1642,
        "Profit after tax corporate income": 5592,
        "Volume": 4545777,
        "Close of Quarter": 20.0,
        "EPS": 2617.3,
        "Non-adjusted EPS": 4559,
        "PE": 4.4,
        "Book Price": 11.5
      }
    },
    {
      "quarter": "Q4 2013",
      "income status": {
        "Net sales": 162052,
        "Cost of goods sold": 140445,
        "Gross Profit": 21607,
        "Financial expenses": 23,
        "Of which: Interest expense": "N/A",
        "Cost of sales": 10004,
        "Enterprise cost management": 4687,
        "Total Operating Expenses": 14714,
        "Total revenue financing activities": 362,
        "Net profit from business activities": 7255,
        "Profit": -379,
        "Profit before tax": 6877,
        "Present corporate income tax expenses": 1803,
        "Deferred income taxes expenses": "N/A",
        "The interests of minority shareholders": "N/A",
        "Total Cost of profits": 1803,
        "Profit after tax corporate income": 5074,
        "Volume": 4545777,
        "Close of Quarter": 14.6,
        "EPS": 2581.7,
        "Non-adjusted EPS": 4497,
        "PE": 3.2,
        "Book Price": 10.8
      }
    },
    {
      "quarter": "Q3 2013",
      "income status": {
        "Net sales": 162108,
        "Cost of goods sold": 143579,
        "Gross Profit": 18529,
        "Financial expenses": 46,
        "Of which: Interest expense": "N/A",
        "Cost of sales": 8397,
        "Enterprise cost management": 4331,
        "Total Operating Expenses": 12774,
        "Total revenue financing activities": 374,
        "Net profit from business activities": 6130,
        "Profit": 862,
        "Profit before tax": 6991,
        "Present corporate income tax expenses": 1785,
        "Deferred income taxes expenses": "N/A",
        "The interests of minority shareholders": "N/A",
        "Total Cost of profits": 1785,
        "Profit after tax corporate income": 5206,
        "Volume": 4545777,
        "Close of Quarter": 18.2,
        "EPS": 2561.0,
        "Non-adjusted EPS": 4461,
        "PE": 4.1,
        "Book Price": 10.2
      }
    },
    {
      "quarter": "Q2 2013",
      "income status": {
        "Net sales": 137084,
        "Cost of goods sold": 118659,
        "Gross Profit": 18425,
        "Financial expenses": 41,
        "Of which: Interest expense": "N/A",
        "Cost of sales": 9033,
        "Enterprise cost management": 4125,
        "Total Operating Expenses": 13199,
        "Total revenue financing activities": 450,
        "Net profit from business activities": 5676,
        "Profit": 846,
        "Profit before tax": 6522,
        "Present corporate income tax expenses": 1672,
        "Deferred income taxes expenses": "N/A",
        "The interests of minority shareholders": "N/A",
        "Total Cost of profits": 1672,
        "Profit after tax corporate income": 4850,
        "Volume": 4545777,
        "Close of Quarter": 13.4,
        "EPS": 2578.3,
        "Non-adjusted EPS": 4491,
        "PE": 3.0,
        "Book Price": 9.5
      }
    },
    {
      "quarter": "Q1 2013",
      "income status": {
        "Net sales": 164758,
        "Cost of goods sold": 147217,
        "Gross Profit": 17541,
        "Financial expenses": 5,
        "Of which: Interest expense": "N/A",
        "Cost of sales": 7963,
        "Enterprise cost management": 3592,
        "Total Operating Expenses": 11560,
        "Total revenue financing activities": 421,
        "Net profit from business activities": 6401,
        "Profit": 714,
        "Profit before tax": 7116,
        "Present corporate income tax expenses": 1804,
        "Deferred income taxes expenses": "N/A",
        "The interests of minority shareholders": "N/A",
        "Total Cost of profits": 1804,
        "Profit after tax corporate income": 5311,
        "Volume": 4545777,
        "Close of Quarter": 11.9,
        "EPS": 2577.1,
        "Non-adjusted EPS": 4489,
        "PE": 2.7,
        "Book Price": 11.1
      }
    },
    {
      "quarter": "Q4 2012",
      "income status": {
        "Net sales": 137716,
        "Cost of goods sold": 122016,
        "Gross Profit": 15700,
        "Financial expenses": 9,
        "Of which: Interest expense": "N/A",
        "Cost of sales": 5393,
        "Enterprise cost management": 4850,
        "Total Operating Expenses": 10252,
        "Total revenue financing activities": 409,
        "Net profit from business activities": 5856,
        "Profit": 829,
        "Profit before tax": 6685,
        "Present corporate income tax expenses": 1772,
        "Deferred income taxes expenses": "N/A",
        "The interests of minority shareholders": "N/A",
        "Total Cost of profits": 1772,
        "Profit after tax corporate income": 4913,
        "Volume": 4545777,
        "Close of Quarter": 9.4,
        "EPS": 2521.4,
        "Non-adjusted EPS": 4392,
        "PE": 2.1,
        "Book Price": 10.5
      }
    },
    {
      "quarter": "Q3 2012",
      "income status": {
        "Net sales": 123596,
        "Cost of goods sold": 104074,
        "Gross Profit": 19522,
        "Financial expenses": 14,
        "Of which: Interest expense": "N/A",
        "Cost of sales": 9245,
        "Enterprise cost management": 3783,
        "Total Operating Expenses": 13042,
        "Total revenue financing activities": 398,
        "Net profit from business activities": 6879,
        "Profit": 282,
        "Profit before tax": 7160,
        "Present corporate income tax expenses": 1818,
        "Deferred income taxes expenses": "N/A",
        "The interests of minority shareholders": "N/A",
        "Total Cost of profits": 1818,
        "Profit after tax corporate income": 5343,
        "Volume": 4545777,
        "Close of Quarter": 10.3,
        "EPS": 2566.2,
        "Non-adjusted EPS": 4470,
        "PE": 2.3,
        "Book Price": 10.1
      }
    },
    {
      "quarter": "Q2 2012",
      "income status": {
        "Net sales": 137961,
        "Cost of goods sold": 121276,
        "Gross Profit": 16685,
        "Financial expenses": 1,
        "Of which: Interest expense": "N/A",
        "Cost of sales": 6847,
        "Enterprise cost management": 4143,
        "Total Operating Expenses": 10991,
        "Total revenue financing activities": 826,
        "Net profit from business activities": 6519,
        "Profit": 183,
        "Profit before tax": 6702,
        "Present corporate income tax expenses": 1863,
        "Deferred income taxes expenses": "N/A",
        "The interests of minority shareholders": "N/A",
        "Total Cost of profits": 1863,
        "Profit after tax corporate income": 4839,
        "Volume": 4545777,
        "Close of Quarter": 10.3,
        "EPS": 2427.9,
        "Non-adjusted EPS": 4229,
        "PE": 2.4,
        "Book Price": 9.4
      }
    },
    {
      "quarter": "Q1 2012",
      "income status": {
        "Net sales": 140769,
        "Cost of goods sold": 124093,
        "Gross Profit": 16676,
        "Financial expenses": 67,
        "Of which: Interest expense": "N/A",
        "Cost of sales": 7960,
        "Enterprise cost management": 3724,
        "Total Operating Expenses": 11751,
        "Total revenue financing activities": 1121,
        "Net profit from business activities": 6046,
        "Profit": 489,
        "Profit before tax": 6535,
        "Present corporate income tax expenses": 1665,
        "Deferred income taxes expenses": "N/A",
        "The interests of minority shareholders": "N/A",
        "Total Cost of profits": 1665,
        "Profit after tax corporate income": 4870,
        "Volume": 4545777,
        "Close of Quarter": 10.8,
        "EPS": 2443.4,
        "Non-adjusted EPS": 4256,
        "PE": 2.5,
        "Book Price": 10.4
      }
    },
    {
      "quarter": "Q4 2011",
      "income status": {
        "Net sales": 131152,
        "Cost of goods sold": 113656,
        "Gross Profit": 17496,
        "Financial expenses": 58,
        "Of which: Interest expense": "N/A",
        "Cost of sales": 6709,
        "Enterprise cost management": 5784,
        "Total Operating Expenses": 12551,
        "Total revenue financing activities": 791,
        "Net profit from business activities": 5736,
        "Profit": 488,
        "Profit before tax": 6224,
        "Present corporate income tax expenses": 957,
        "Deferred income taxes expenses": "N/A",
        "The interests of minority shareholders": "N/A",
        "Total Cost of profits": 957,
        "Profit after tax corporate income": 5268,
        "Volume": 4545777,
        "Close of Quarter": 5.3,
        "EPS": 2445.7,
        "Non-adjusted EPS": 4260,
        "PE": 1.2,
        "Book Price": 9.8
      }
    },
    {
      "quarter": "Q3 2011",
      "income status": {
        "Net sales": 110283,
        "Cost of goods sold": 94350,
        "Gross Profit": 15933,
        "Financial expenses": 22,
        "Of which: Interest expense": "N/A",
        "Cost of sales": 8722,
        "Enterprise cost management": 3248,
        "Total Operating Expenses": 11992,
        "Total revenue financing activities": 786,
        "Net profit from business activities": 4726,
        "Profit": 273,
        "Profit before tax": 5000,
        "Present corporate income tax expenses": 753,
        "Deferred income taxes expenses": "N/A",
        "The interests of minority shareholders": "N/A",
        "Total Cost of profits": 753,
        "Profit after tax corporate income": 4246,
        "Volume": 4545777,
        "Close of Quarter": 6.7,
        "EPS": 2433.0,
        "Non-adjusted EPS": 4238,
        "PE": 1.6,
        "Book Price": 9.2
      }
    },
    {
      "quarter": "Q2 2011",
      "income status": {
        "Net sales": 131127,
        "Cost of goods sold": 119059,
        "Gross Profit": 12068,
        "Financial expenses": 43,
        "Of which: Interest expense": "N/A",
        "Cost of sales": 4124,
        "Enterprise cost management": 3130,
        "Total Operating Expenses": 7297,
        "Total revenue financing activities": 865,
        "Net profit from business activities": 5636,
        "Profit": 189,
        "Profit before tax": 5825,
        "Present corporate income tax expenses": 860,
        "Deferred income taxes expenses": "N/A",
        "The interests of minority shareholders": "N/A",
        "Total Cost of profits": 860,
        "Profit after tax corporate income": 4965,
        "Volume": 3030672,
        "Close of Quarter": 7.6,
        "EPS": 2336.3,
        "Non-adjusted EPS": 6104,
        "PE": 1.2,
        "Book Price": 8.7
      }
    },
    {
      "quarter": "Q1 2011",
      "income status": {
        "Net sales": 134115,
        "Cost of goods sold": 123124,
        "Gross Profit": 10991,
        "Financial expenses": 69,
        "Of which: Interest expense": "N/A",
        "Cost of sales": 3441,
        "Enterprise cost management": 2719,
        "Total Operating Expenses": 6229,
        "Total revenue financing activities": 774,
        "Net profit from business activities": 5535,
        "Profit": 178,
        "Profit before tax": 5713,
        "Present corporate income tax expenses": 825,
        "Deferred income taxes expenses": "N/A",
        "The interests of minority shareholders": "N/A",
        "Total Cost of profits": 825,
        "Profit after tax corporate income": 4888,
        "Volume": 3030672,
        "Close of Quarter": 7.5,
        "EPS": 2097.9,
        "Non-adjusted EPS": 5481,
        "PE": 1.4,
        "Book Price": 8.2
      }
    },
    {
      "quarter": "Q4 2010",
      "income status": {
        "Net sales": 128063,
        "Cost of goods sold": 114913,
        "Gross Profit": 13151,
        "Financial expenses": 163,
        "Of which: Interest expense": "N/A",
        "Cost of sales": 3944,
        "Enterprise cost management": 3894,
        "Total Operating Expenses": 8001,
        "Total revenue financing activities": 689,
        "Net profit from business activities": 5839,
        "Profit": 161,
        "Profit before tax": 6000,
        "Present corporate income tax expenses": 833,
        "Deferred income taxes expenses": "N/A",
        "The interests of minority shareholders": "N/A",
        "Total Cost of profits": 833,
        "Profit after tax corporate income": 5167,
        "Volume": 3030672,
        "Close of Quarter": 9.6,
        "EPS": 1944.0,
        "Non-adjusted EPS": 5079,
        "PE": 1.9,
        "Book Price": 7.6
      }
    },
    {
      "quarter": "Q3 2010",
      "income status": {
        "Net sales": 94422,
        "Cost of goods sold": 83846,
        "Gross Profit": 10576,
        "Financial expenses": 85,
        "Of which: Interest expense": "N/A",
        "Cost of sales": 4582,
        "Enterprise cost management": 2809,
        "Total Operating Expenses": 7476,
        "Total revenue financing activities": 672,
        "Net profit from business activities": 3772,
        "Profit": 332,
        "Profit before tax": 4104,
        "Present corporate income tax expenses": 624,
        "Deferred income taxes expenses": "N/A",
        "The interests of minority shareholders": "N/A",
        "Total Cost of profits": 624,
        "Profit after tax corporate income": 3480,
        "Volume": 3030672,
        "Close of Quarter": 6.4,
        "EPS": 1773.7,
        "Non-adjusted EPS": 4634,
        "PE": 1.4,
        "Book Price": 7.0
      }
    },
    {
      "quarter": "Q2 2010",
      "income status": {
        "Net sales": 107086,
        "Cost of goods sold": 96770,
        "Gross Profit": 10316,
        "Financial expenses": 137,
        "Of which: Interest expense": "N/A",
        "Cost of sales": 4847,
        "Enterprise cost management": 2748,
        "Total Operating Expenses": 7732,
        "Total revenue financing activities": 519,
        "Net profit from business activities": 3103,
        "Profit": 618,
        "Profit before tax": 3720,
        "Present corporate income tax expenses": 644,
        "Deferred income taxes expenses": "N/A",
        "The interests of minority shareholders": "N/A",
        "Total Cost of profits": 644,
        "Profit after tax corporate income": 3076,
        "Volume": 2706000,
        "Close of Quarter": 8.8,
        "EPS": 1772.0,
        "Non-adjusted EPS": 5185,
        "PE": 1.7,
        "Book Price": 6.2
      }
    },
    {
      "quarter": "Q1 2010",
      "income status": {
        "Net sales": 98153,
        "Cost of goods sold": 88075,
        "Gross Profit": 10078,
        "Financial expenses": 106,
        "Of which: Interest expense": "N/A",
        "Cost of sales": 4185,
        "Enterprise cost management": 2702,
        "Total Operating Expenses": 6993,
        "Total revenue financing activities": 827,
        "Net profit from business activities": 3912,
        "Profit": 327,
        "Profit before tax": 4239,
        "Present corporate income tax expenses": 568,
        "Deferred income taxes expenses": "N/A",
        "The interests of minority shareholders": "N/A",
        "Total Cost of profits": 568,
        "Profit after tax corporate income": 3670,
        "Volume": 2706000,
        "Close of Quarter": 7.8,
        "EPS": 1820.5,
        "Non-adjusted EPS": 5327,
        "PE": 1.5,
        "Book Price": 6.4
      }
    },
    {
      "quarter": "Q4 2009",
      "income status": {
        "Net sales": 145884,
        "Cost of goods sold": 139710,
        "Gross Profit": 6173,
        "Financial expenses": 227,
        "Of which: Interest expense": "N/A",
        "Cost of sales": -977,
        "Enterprise cost management": 3230,
        "Total Operating Expenses": 2480,
        "Total revenue financing activities": 716,
        "Net profit from business activities": 4408,
        "Profit": 300,
        "Profit before tax": 4708,
        "Present corporate income tax expenses": 889,
        "Deferred income taxes expenses": "N/A",
        "The interests of minority shareholders": "N/A",
        "Total Cost of profits": 889,
        "Profit after tax corporate income": 3819,
        "Volume": 2706000,
        "Close of Quarter": 7.6,
        "EPS": 1780.5,
        "Non-adjusted EPS": 5210,
        "PE": 1.5,
        "Book Price": 6.1
      }
    },
    {
      "quarter": "Q3 2009",
      "income status": {
        "Net sales": 89069,
        "Cost of goods sold": 78316,
        "Gross Profit": 10753,
        "Financial expenses": 162,
        "Of which: Interest expense": "N/A",
        "Cost of sales": 5007,
        "Enterprise cost management": 2770,
        "Total Operating Expenses": 7939,
        "Total revenue financing activities": 1143,
        "Net profit from business activities": 3958,
        "Profit": 11,
        "Profit before tax": 3969,
        "Present corporate income tax expenses": 503,
        "Deferred income taxes expenses": "N/A",
        "The interests of minority shareholders": "N/A",
        "Total Cost of profits": 503,
        "Profit after tax corporate income": 3465,
        "Volume": 2706000,
        "Close of Quarter": 6.0,
        "EPS": 1523.9,
        "Non-adjusted EPS": 4459,
        "PE": 1.3,
        "Book Price": 6.3
      }
    },
    {
      "quarter": "Q2 2009",
      "income status": {
        "Net sales": 62421,
        "Cost of goods sold": 48024,
        "Gross Profit": 14397,
        "Financial expenses": 443,
        "Of which: Interest expense": "N/A",
        "Cost of sales": 8720,
        "Enterprise cost management": 2304,
        "Total Operating Expenses": 11467,
        "Total revenue financing activities": 983,
        "Net profit from business activities": 3914,
        "Profit": 50,
        "Profit before tax": 3963,
        "Present corporate income tax expenses": 503,
        "Deferred income taxes expenses": "N/A",
        "The interests of minority shareholders": "N/A",
        "Total Cost of profits": 503,
        "Profit after tax corporate income": 3460,
        "Volume": 2706000,
        "Close of Quarter": 4.9,
        "EPS": 1519.1,
        "Non-adjusted EPS": 4445,
        "PE": 1.1,
        "Book Price": 5.9
      }
    },
    {
      "quarter": "Q1 2009",
      "income status": {
        "Net sales": 60059,
        "Cost of goods sold": 47337,
        "Gross Profit": 12721,
        "Financial expenses": 105,
        "Of which: Interest expense": "N/A",
        "Cost of sales": 7640,
        "Enterprise cost management": 1693,
        "Total Operating Expenses": 9438,
        "Total revenue financing activities": 536,
        "Net profit from business activities": 3820,
        "Profit": 23,
        "Profit before tax": 3843,
        "Present corporate income tax expenses": 488,
        "Deferred income taxes expenses": "N/A",
        "The interests of minority shareholders": "N/A",
        "Total Cost of profits": 488,
        "Profit after tax corporate income": 3355,
        "Volume": 2706000,
        "Close of Quarter": 3.3,
        "EPS": 1480.1,
        "Non-adjusted EPS": 4331,
        "PE": 0.8,
        "Book Price": 5.6
      }
    },
    {
      "quarter": "Q4 2008",
      "income status": {
        "Net sales": 90011,
        "Cost of goods sold": 84010,
        "Gross Profit": 6001,
        "Financial expenses": 132,
        "Of which: Interest expense": 1,
        "Cost of sales": 2089,
        "Enterprise cost management": 1077,
        "Total Operating Expenses": 3298,
        "Total revenue financing activities": 505,
        "Net profit from business activities": 3208,
        "Profit": -1113,
        "Profit before tax": 2095,
        "Present corporate income tax expenses": 310,
        "Deferred income taxes expenses": "N/A",
        "The interests of minority shareholders": "N/A",
        "Total Cost of profits": 310,
        "Profit after tax corporate income": 1785,
        "Volume": 2706000,
        "Close of Quarter": 3.7,
        "EPS": 1470.2,
        "Non-adjusted EPS": 4302,
        "PE": 0.9,
        "Book Price": 5.3
      }
    },
    {
      "quarter": "Q3 2008",
      "income status": {
        "Net sales": 105317,
        "Cost of goods sold": 97008,
        "Gross Profit": 8309,
        "Financial expenses": 336,
        "Of which: Interest expense": "N/A",
        "Cost of sales": 3372,
        "Enterprise cost management": 1084,
        "Total Operating Expenses": 4792,
        "Total revenue financing activities": 454,
        "Net profit from business activities": 3971,
        "Profit": 16,
        "Profit before tax": 3987,
        "Present corporate income tax expenses": 558,
        "Deferred income taxes expenses": "N/A",
        "The interests of minority shareholders": "N/A",
        "Total Cost of profits": 558,
        "Profit after tax corporate income": 3429,
        "Volume": 2706000,
        "Close of Quarter": 4.1,
        "EPS": 1591.2,
        "Non-adjusted EPS": 4656,
        "PE": 0.9,
        "Book Price": 5.8
      }
    },
    {
      "quarter": "Q2 2008",
      "income status": {
        "Net sales": 105696,
        "Cost of goods sold": 97764,
        "Gross Profit": 7932,
        "Financial expenses": 406,
        "Of which: Interest expense": "N/A",
        "Cost of sales": 3161,
        "Enterprise cost management": 1319,
        "Total Operating Expenses": 4886,
        "Total revenue financing activities": 421,
        "Net profit from business activities": 3468,
        "Profit": 197,
        "Profit before tax": 3665,
        "Present corporate income tax expenses": 513,
        "Deferred income taxes expenses": "N/A",
        "The interests of minority shareholders": "N/A",
        "Total Cost of profits": 513,
        "Profit after tax corporate income": 3152,
        "Volume": 2706000,
        "Close of Quarter": 4.1,
        "EPS": 1489.7,
        "Non-adjusted EPS": 4359,
        "PE": 0.9,
        "Book Price": 5.6
      }
    },
    {
      "quarter": "Q1 2008",
      "income status": {
        "Net sales": 110117,
        "Cost of goods sold": 103893,
        "Gross Profit": 6224,
        "Financial expenses": 263,
        "Of which: Interest expense": "N/A",
        "Cost of sales": 1977,
        "Enterprise cost management": 1101,
        "Total Operating Expenses": 3341,
        "Total revenue financing activities": 291,
        "Net profit from business activities": 3173,
        "Profit": 102,
        "Profit before tax": 3275,
        "Present corporate income tax expenses": "N/A",
        "Deferred income taxes expenses": "N/A",
        "The interests of minority shareholders": "N/A",
        "Total Cost of profits": 0,
        "Profit after tax corporate income": 3275,
        "Volume": 2706000,
        "Close of Quarter": 5.8,
        "EPS": 1428.2,
        "Non-adjusted EPS": 4179,
        "PE": 1.4,
        "Book Price": 5.9
      }
    },
    {
      "quarter": "Q4 2007",
      "income status": {
        "Net sales": 74125,
        "Cost of goods sold": 68580,
        "Gross Profit": 5544,
        "Financial expenses": 200,
        "Of which: Interest expense": 48,
        "Cost of sales": 1778,
        "Enterprise cost management": 1124,
        "Total Operating Expenses": 3102,
        "Total revenue financing activities": 261,
        "Net profit from business activities": 2703,
        "Profit": 39,
        "Profit before tax": 2742,
        "Present corporate income tax expenses": "N/A",
        "Deferred income taxes expenses": "N/A",
        "The interests of minority shareholders": "N/A",
        "Total Cost of profits": 0,
        "Profit after tax corporate income": 2742,
        "Volume": 2706000,
        "Close of Quarter": 9.9,
        "EPS": 1370.4,
        "Non-adjusted EPS": 4010,
        "PE": 2.5,
        "Book Price": 5.5
      }
    },
    {
      "quarter": "Q3 2007",
      "income status": {
        "Net sales": 87259,
        "Cost of goods sold": 82414,
        "Gross Profit": 4845,
        "Financial expenses": 133,
        "Of which: Interest expense": 12,
        "Cost of sales": 1601,
        "Enterprise cost management": 794,
        "Total Operating Expenses": 2528,
        "Total revenue financing activities": 225,
        "Net profit from business activities": 2542,
        "Profit": 85,
        "Profit before tax": 2627,
        "Present corporate income tax expenses": "N/A",
        "Deferred income taxes expenses": "N/A",
        "The interests of minority shareholders": "N/A",
        "Total Cost of profits": 0,
        "Profit after tax corporate income": 2627,
        "Volume": 2706000,
        "Close of Quarter": 8.3,
        "EPS": 1307.5,
        "Non-adjusted EPS": 3826,
        "PE": 2.2,
        "Book Price": 5.2
      }
    },
    {
      "quarter": "Q2 2007",
      "income status": {
        "Net sales": 84390,
        "Cost of goods sold": 79909,
        "Gross Profit": 4480,
        "Financial expenses": 150,
        "Of which: Interest expense": "N/A",
        "Cost of sales": 1051,
        "Enterprise cost management": 803,
        "Total Operating Expenses": 2004,
        "Total revenue financing activities": 184,
        "Net profit from business activities": 2660,
        "Profit": 4,
        "Profit before tax": 2664,
        "Present corporate income tax expenses": "N/A",
        "Deferred income taxes expenses": "N/A",
        "The interests of minority shareholders": "N/A",
        "Total Cost of profits": 0,
        "Profit after tax corporate income": 2664,
        "Volume": 2706000,
        "Close of Quarter": 7.6,
        "EPS": 1273.0,
        "Non-adjusted EPS": 3725,
        "PE": 2.1,
        "Book Price": 4.9
      }
    },
    {
      "quarter": "Q1 2007",
      "income status": {
        "Net sales": 87431,
        "Cost of goods sold": 82385,
        "Gross Profit": 5047,
        "Financial expenses": 115,
        "Of which: Interest expense": "N/A",
        "Cost of sales": 1377,
        "Enterprise cost management": 959,
        "Total Operating Expenses": 2451,
        "Total revenue financing activities": 213,
        "Net profit from business activities": 2808,
        "Profit": 10,
        "Profit before tax": 2818,
        "Present corporate income tax expenses": "N/A",
        "Deferred income taxes expenses": "N/A",
        "The interests of minority shareholders": "N/A",
        "Total Cost of profits": 0,
        "Profit after tax corporate income": 2818,
        "Volume": 2706000,
        "Close of Quarter": 8.7,
        "EPS": 1243.6,
        "Non-adjusted EPS": 3639,
        "PE": 2.4,
        "Book Price": 4.6
      }
    },
    {
      "quarter": "Q4 2006",
      "income status": {
        "Net sales": 69733,
        "Cost of goods sold": 65444,
        "Gross Profit": 4288,
        "Financial expenses": 178,
        "Of which: Interest expense": "N/A",
        "Cost of sales": 1100,
        "Enterprise cost management": 1071,
        "Total Operating Expenses": 2349,
        "Total revenue financing activities": 296,
        "Net profit from business activities": 2236,
        "Profit": 7,
        "Profit before tax": 2243,
        "Present corporate income tax expenses": "N/A",
        "Deferred income taxes expenses": "N/A",
        "The interests of minority shareholders": "N/A",
        "Total Cost of profits": 0,
        "Profit after tax corporate income": 2243,
        "Volume": 2706000,
        "Close of Quarter": 7.3,
        "EPS": 1141.4,
        "Non-adjusted EPS": 3340,
        "PE": 2.2,
        "Book Price": 4.9
      }
    },
    {
      "quarter": "Q3 2006",
      "income status": {
        "Net sales": 76056,
        "Cost of goods sold": 71534,
        "Gross Profit": 4522,
        "Financial expenses": 211,
        "Of which: Interest expense": 14,
        "Cost of sales": 1536,
        "Enterprise cost management": 773,
        "Total Operating Expenses": 2520,
        "Total revenue financing activities": 338,
        "Net profit from business activities": 2340,
        "Profit": 17,
        "Profit before tax": 2356,
        "Present corporate income tax expenses": "N/A",
        "Deferred income taxes expenses": "N/A",
        "The interests of minority shareholders": "N/A",
        "Total Cost of profits": 0,
        "Profit after tax corporate income": 2356,
        "Volume": 2706000,
        "Close of Quarter": "N/A",
        "EPS": 858.1,
        "Non-adjusted EPS": 2511,
        "PE": "N/A",
        "Book Price": 4.6
      }
    },
    {
      "quarter": "Q2 2006",
      "income status": {
        "Net sales": 67448,
        "Cost of goods sold": 62926,
        "Gross Profit": 4522,
        "Financial expenses": 133,
        "Of which: Interest expense": -34,
        "Cost of sales": 1570,
        "Enterprise cost management": 719,
        "Total Operating Expenses": 2422,
        "Total revenue financing activities": 327,
        "Net profit from business activities": 2426,
        "Profit": 4,
        "Profit before tax": 2430,
        "Present corporate income tax expenses": "N/A",
        "Deferred income taxes expenses": "N/A",
        "The interests of minority shareholders": "N/A",
        "Total Cost of profits": 0,
        "Profit after tax corporate income": 2430,
        "Volume": 2706000,
        "Close of Quarter": "N/A",
        "EPS": 560.8,
        "Non-adjusted EPS": 1641,
        "PE": "N/A",
        "Book Price": 4.3
      }
    },
    {
      "quarter": "Q1 2006",
      "income status": {
        "Net sales": 58828,
        "Cost of goods sold": 55276,
        "Gross Profit": 3553,
        "Financial expenses": 218,
        "Of which: Interest expense": 144,
        "Cost of sales": 1042,
        "Enterprise cost management": 663,
        "Total Operating Expenses": 1923,
        "Total revenue financing activities": 314,
        "Net profit from business activities": 1944,
        "Profit": 66,
        "Profit before tax": 2010,
        "Present corporate income tax expenses": "N/A",
        "Deferred income taxes expenses": "N/A",
        "The interests of minority shareholders": "N/A",
        "Total Cost of profits": 0,
        "Profit after tax corporate income": 2010,
        "Volume": 2706000,
        "Close of Quarter": "N/A",
        "EPS": 253.9,
        "Non-adjusted EPS": 743,
        "PE": "N/A",
        "Book Price": "N/A"
      }
    }
  ]
}