{
  "ticker": "VPL",
  "data": [
    {
      "quarter": "Q3 2011",
      "income status": {
        "Net sales": 320433,
        "Cost of goods sold": 192549,
        "Gross Profit": 127884,
        "Financial expenses": 188833,
        "Of which: Interest expense": 183772,
        "Cost of sales": 15025,
        "Enterprise cost management": 52189,
        "Total Operating Expenses": 256047,
        "Total revenue financing activities": 148763,
        "Net profit from business activities": 20600,
        "Profit": -1282,
        "Profit before tax": 63327,
        "Present corporate income tax expenses": 160,
        "Deferred income taxes expenses": -1,
        "The interests of minority shareholders": -99,
        "Total Cost of profits": 60,
        "Profit after tax corporate income": 63267,
        "Volume": 205498489,
        "Close of Quarter": 81,
        "EPS": 1498,
        "Non-adjusted EPS": 1498,
        "PE": 54.1,
        "Book Price": 19.7
      }
    },
    {
      "quarter": "Q2 2011",
      "income status": {
        "Net sales": 265326,
        "Cost of goods sold": 146472,
        "Gross Profit": 118854,
        "Financial expenses": 156972,
        "Of which: Interest expense": 149779,
        "Cost of sales": 10603,
        "Enterprise cost management": 41671,
        "Total Operating Expenses": 209246,
        "Total revenue financing activities": 234075,
        "Net profit from business activities": 143682,
        "Profit": -9530,
        "Profit before tax": 172533,
        "Present corporate income tax expenses": 28622,
        "Deferred income taxes expenses": -730,
        "The interests of minority shareholders": 153,
        "Total Cost of profits": 28045,
        "Profit after tax corporate income": 144489,
        "Volume": 205498489,
        "Close of Quarter": 59,
        "EPS": 1416,
        "Non-adjusted EPS": 1416,
        "PE": 41.7,
        "Book Price": 19.4
      }
    },
    {
      "quarter": "Q1 2011",
      "income status": {
        "Net sales": 212532,
        "Cost of goods sold": 101600,
        "Gross Profit": 110932,
        "Financial expenses": 148250,
        "Of which: Interest expense": 133487,
        "Cost of sales": 9282,
        "Enterprise cost management": 13376,
        "Total Operating Expenses": 170908,
        "Total revenue financing activities": 125319,
        "Net profit from business activities": 65343,
        "Profit": -430,
        "Profit before tax": 72934,
        "Present corporate income tax expenses": 5921,
        "Deferred income taxes expenses": 119,
        "The interests of minority shareholders": 2812,
        "Total Cost of profits": 8852,
        "Profit after tax corporate income": 64082,
        "Volume": 179905721,
        "Close of Quarter": 66.5,
        "EPS": 895.6,
        "Non-adjusted EPS": 1023,
        "PE": 65,
        "Book Price": 17.8
      }
    },
    {
      "quarter": "Q4 2010",
      "income status": {
        "Net sales": 103069,
        "Cost of goods sold": 133443,
        "Gross Profit": -30375,
        "Financial expenses": 129271,
        "Of which: Interest expense": 123614,
        "Cost of sales": 10290,
        "Enterprise cost management": 14685,
        "Total Operating Expenses": 154246,
        "Total revenue financing activities": 133011,
        "Net profit from business activities": -51610,
        "Profit": 144712,
        "Profit before tax": 73243,
        "Present corporate income tax expenses": 7415,
        "Deferred income taxes expenses": 507,
        "The interests of minority shareholders": 29278,
        "Total Cost of profits": 37200,
        "Profit after tax corporate income": 36042,
        "Volume": 179905721,
        "Close of Quarter": 42.2,
        "EPS": 602.3,
        "Non-adjusted EPS": 688,
        "PE": 61.3,
        "Book Price": 9.5
      }
    },
    {
      "quarter": "Q3 2010",
      "income status": {
        "Net sales": 222717,
        "Cost of goods sold": 100108,
        "Gross Profit": 122608,
        "Financial expenses": 143905,
        "Of which: Interest expense": 134812,
        "Cost of sales": 31038,
        "Enterprise cost management": 21505,
        "Total Operating Expenses": 196448,
        "Total revenue financing activities": 116742,
        "Net profit from business activities": 42903,
        "Profit": 264,
        "Profit before tax": 49106,
        "Present corporate income tax expenses": 2603,
        "Deferred income taxes expenses": 78,
        "The interests of minority shareholders": 15,
        "Total Cost of profits": 2696,
        "Profit after tax corporate income": 46410,
        "Volume": 179905721,
        "Close of Quarter": 31,
        "EPS": 396.6,
        "Non-adjusted EPS": 453,
        "PE": 68.4,
        "Book Price": 9.4
      }
    },
    {
      "quarter": "Q2 2010",
      "income status": {
        "Net sales": 194579,
        "Cost of goods sold": 92403,
        "Gross Profit": 102176,
        "Financial expenses": 142043,
        "Of which: Interest expense": 136048,
        "Cost of sales": 7313,
        "Enterprise cost management": 11009,
        "Total Operating Expenses": 160365,
        "Total revenue financing activities": 107403,
        "Net profit from business activities": 49214,
        "Profit": -3132,
        "Profit before tax": 41226,
        "Present corporate income tax expenses": 1733,
        "Deferred income taxes expenses": -321,
        "The interests of minority shareholders": 2269,
        "Total Cost of profits": 3681,
        "Profit after tax corporate income": 37545,
        "Volume": 112999759,
        "Close of Quarter": 35.9,
        "EPS": 421.2,
        "Non-adjusted EPS": 766,
        "PE": 46.9,
        "Book Price": 6.0
      }
    },
    {
      "quarter": "Q1 2010",
      "income status": {
        "Net sales": 144344,
        "Cost of goods sold": 77469,
        "Gross Profit": 66875,
        "Financial expenses": 141732,
        "Of which: Interest expense": 132036,
        "Cost of sales": 6544,
        "Enterprise cost management": 10148,
        "Total Operating Expenses": 158424,
        "Total revenue financing activities": 105015,
        "Net profit from business activities": 13466,
        "Profit": -349,
        "Profit before tax": 4237,
        "Present corporate income tax expenses": 1690,
        "Deferred income taxes expenses": 85,
        "The interests of minority shareholders": -1362,
        "Total Cost of profits": 413,
        "Profit after tax corporate income": 3824,
        "Volume": 100000000,
        "Close of Quarter": 26.8,
        "EPS": 297.8,
        "Non-adjusted EPS": 612,
        "PE": 43.8,
        "Book Price": 5.8
      }
    },
    {
      "quarter": "Q4 2009",
      "income status": {
        "Net sales": 71395,
        "Cost of goods sold": 70057,
        "Gross Profit": 1338,
        "Financial expenses": 189708,
        "Of which: Interest expense": 180946,
        "Cost of sales": 8680,
        "Enterprise cost management": 10245,
        "Total Operating Expenses": 208633,
        "Total revenue financing activities": 114837,
        "Net profit from business activities": -92458,
        "Profit": 6723,
        "Profit before tax": -34856,
        "Present corporate income tax expenses": -6849,
        "Deferred income taxes expenses": 669,
        "The interests of minority shareholders": -22315,
        "Total Cost of profits": -28495,
        "Profit after tax corporate income": -6362,
        "Volume": 100000000,
        "Close of Quarter": 31.0,
        "EPS": 332.9,
        "Non-adjusted EPS": 684,
        "PE": 45.3,
        "Book Price": 5.6
      }
    },
    {
      "quarter": "Q3 2009",
      "income status": {
        "Net sales": 165126,
        "Cost of goods sold": 80003,
        "Gross Profit": 85122,
        "Financial expenses": 54782,
        "Of which: Interest expense": 51694,
        "Cost of sales": 4933,
        "Enterprise cost management": 13220,
        "Total Operating Expenses": 72935,
        "Total revenue financing activities": 39111,
        "Net profit from business activities": 51299,
        "Profit": 15346,
        "Profit before tax": 68008,
        "Present corporate income tax expenses": 8917,
        "Deferred income taxes expenses": -207,
        "The interests of minority shareholders": 7692,
        "Total Cost of profits": 16402,
        "Profit after tax corporate income": 51606,
        "Volume": 100000000,
        "Close of Quarter": 44.6,
        "EPS": 416.6,
        "Non-adjusted EPS": 856,
        "PE": 52.0,
        "Book Price": 5.8
      }
    },
    {
      "quarter": "Q2 2009",
      "income status": {
        "Net sales": 128260,
        "Cost of goods sold": 75972,
        "Gross Profit": 52288,
        "Financial expenses": 54654,
        "Of which: Interest expense": 51635,
        "Cost of sales": 8638,
        "Enterprise cost management": 14884,
        "Total Operating Expenses": 78176,
        "Total revenue financing activities": 36046,
        "Net profit from business activities": 10158,
        "Profit": -424,
        "Profit before tax": 12382,
        "Present corporate income tax expenses": 285,
        "Deferred income taxes expenses": 26,
        "The interests of minority shareholders": -29,
        "Total Cost of profits": 282,
        "Profit after tax corporate income": 12099,
        "Volume": 100000000,
        "Close of Quarter": 43.3,
        "EPS": 214.1,
        "Non-adjusted EPS": 440,
        "PE": 98.3,
        "Book Price": 5.6
      }
    },
    {
      "quarter": "Q1 2009",
      "income status": {
        "Net sales": 120698,
        "Cost of goods sold": 67281,
        "Gross Profit": 53417,
        "Financial expenses": 57919,
        "Of which: Interest expense": 54662,
        "Cost of sales": 5137,
        "Enterprise cost management": 7538,
        "Total Operating Expenses": 70594,
        "Total revenue financing activities": 23277,
        "Net profit from business activities": 6101,
        "Profit": 1841,
        "Profit before tax": 8019,
        "Present corporate income tax expenses": 239,
        "Deferred income taxes expenses": -3288,
        "The interests of minority shareholders": -31,
        "Total Cost of profits": -3080,
        "Profit after tax corporate income": 11100,
        "Volume": 100000000,
        "Close of Quarter": 31.6,
        "EPS": 204.4,
        "Non-adjusted EPS": 420,
        "PE": 75.3,
        "Book Price": 5.3
      }
    },
    {
      "quarter": "Q4 2008",
      "income status": {
        "Net sales": 79639,
        "Cost of goods sold": 77504,
        "Gross Profit": 2135,
        "Financial expenses": 130447,
        "Of which: Interest expense": 115058,
        "Cost of sales": 7853,
        "Enterprise cost management": 9313,
        "Total Operating Expenses": 147613,
        "Total revenue financing activities": 144750,
        "Net profit from business activities": -728,
        "Profit": -1852,
        "Profit before tax": -2580,
        "Present corporate income tax expenses": -789,
        "Deferred income taxes expenses": -6524,
        "The interests of minority shareholders": -6056,
        "Total Cost of profits": -13369,
        "Profit after tax corporate income": 10789,
        "Volume": 100000000,
        "Close of Quarter": 42.6,
        "EPS": 197.6,
        "Non-adjusted EPS": 406,
        "PE": 105.0,
        "Book Price": 5.2
      }
    },
    {
      "quarter": "Q3 2008",
      "income status": {
        "Net sales": 148633,
        "Cost of goods sold": 86232,
        "Gross Profit": 62401,
        "Financial expenses": 27885,
        "Of which: Interest expense": 22869,
        "Cost of sales": 19123,
        "Enterprise cost management": 8325,
        "Total Operating Expenses": 55333,
        "Total revenue financing activities": 1647,
        "Net profit from business activities": 8715,
        "Profit": 2307,
        "Profit before tax": 11022,
        "Present corporate income tax expenses": 905,
        "Deferred income taxes expenses": "N/A",
        "The interests of minority shareholders": 56,
        "Total Cost of profits": 961,
        "Profit after tax corporate income": 10061,
        "Volume": 100000000,
        "Close of Quarter": 71.0,
        "EPS": 219.5,
        "Non-adjusted EPS": 451,
        "PE": 157.5,
        "Book Price": 5.2
      }
    },
    {
      "quarter": "Q2 2008",
      "income status": {
        "Net sales": 124782,
        "Cost of goods sold": 79059,
        "Gross Profit": 45723,
        "Financial expenses": 23121,
        "Of which: Interest expense": 22885,
        "Cost of sales": 9283,
        "Enterprise cost management": 7774,
        "Total Operating Expenses": 40178,
        "Total revenue financing activities": 2435,
        "Net profit from business activities": 7981,
        "Profit": 2110,
        "Profit before tax": 10091,
        "Present corporate income tax expenses": 12,
        "Deferred income taxes expenses": "N/A",
        "The interests of minority shareholders": 36,
        "Total Cost of profits": 48,
        "Profit after tax corporate income": 10043,
        "Volume": 100000000,
        "Close of Quarter": 69.7,
        "EPS": 170.8,
        "Non-adjusted EPS": 351,
        "PE": 198.7,
        "Book Price": 5.1
      }
    },
    {
      "quarter": "Q1 2008",
      "income status": {
        "Net sales": 117210,
        "Cost of goods sold": 79101,
        "Gross Profit": 38109,
        "Financial expenses": 16613,
        "Of which: Interest expense": 16509,
        "Cost of sales": 6301,
        "Enterprise cost management": 10822,
        "Total Operating Expenses": 33736,
        "Total revenue financing activities": 4816,
        "Net profit from business activities": 9188,
        "Profit": 549,
        "Profit before tax": 9737,
        "Present corporate income tax expenses": "N/A",
        "Deferred income taxes expenses": "N/A",
        "The interests of minority shareholders": -8,
        "Total Cost of profits": -8,
        "Profit after tax corporate income": 9745,
        "Volume": 100000000,
        "Close of Quarter": 76.8,
        "EPS": 121.7,
        "Non-adjusted EPS": 250,
        "PE": 307.3,
        "Book Price": 5.1
      }
    },
    {
      "quarter": "Q2 2007",
      "income status": {
        "Net sales": 137499,
        "Cost of goods sold": 83912,
        "Gross Profit": 53587,
        "Financial expenses": 7688,
        "Of which: Interest expense": 7636,
        "Cost of sales": 7917,
        "Enterprise cost management": 13253,
        "Total Operating Expenses": 28858,
        "Total revenue financing activities": 282,
        "Net profit from business activities": 25012,
        "Profit": -4087,
        "Profit before tax": 20924,
        "Present corporate income tax expenses": 5636,
        "Deferred income taxes expenses": "N/A",
        "The interests of minority shareholders": "N/A",
        "Total Cost of profits": 5636,
        "Profit after tax corporate income": 15289,
        "Volume": 100000000,
        "Close of Quarter": "N/A",
        "EPS": 74.5,
        "Non-adjusted EPS": 153,
        "PE": "N/A",
        "Book Price": "N/A"
      }
    }
  ]
}