{
  "ticker": "SKS",
  "data": [
    {
      "quarter": "Q3 2014",
      "income status": {
        "Net sales": 25163,
        "Cost of goods sold": 21433,
        "Gross Profit": 3730,
        "Financial expenses": 899,
        "Of which: Interest expense": 899,
        "Cost of sales": 965,
        "Enterprise cost management": 1783,
        "Total Operating Expenses": 3647,
        "Total revenue financing activities": 3,
        "Net profit from business activities": 86,
        "Profit": -86,
        "Profit before tax": "N/A",
        "Present corporate income tax expenses": "N/A",
        "Deferred income taxes expenses": "N/A",
        "The interests of minority shareholders": "N/A",
        "Total Cost of profits": 0,
        "Profit after tax corporate income": 0,
        "Volume": 4500000,
        "Close of Quarter": 3.9,
        "EPS": 465,
        "Non-adjusted EPS": 465,
        "PE": 8.3,
        "Book Price": 14.2
      }
    },
    {
      "quarter": "Q2 2014",
      "income status": {
        "Net sales": 45788,
        "Cost of goods sold": 37102,
        "Gross Profit": 8686,
        "Financial expenses": 1868,
        "Of which: Interest expense": 1868,
        "Cost of sales": 1574,
        "Enterprise cost management": 5610,
        "Total Operating Expenses": 9052,
        "Total revenue financing activities": 5,
        "Net profit from business activities": -362,
        "Profit": -8,
        "Profit before tax": -370,
        "Present corporate income tax expenses": -81,
        "Deferred income taxes expenses": "N/A",
        "The interests of minority shareholders": "N/A",
        "Total Cost of profits": -81,
        "Profit after tax corporate income": -288,
        "Volume": 4500000,
        "Close of Quarter": 4.6,
        "EPS": 538,
        "Non-adjusted EPS": 538,
        "PE": 8.6,
        "Book Price": 14.2
      }
    },
    {
      "quarter": "Q1 2014",
      "income status": {
        "Net sales": 41756,
        "Cost of goods sold": 36843,
        "Gross Profit": 4913,
        "Financial expenses": 1474,
        "Of which: Interest expense": 1474,
        "Cost of sales": 936,
        "Enterprise cost management": 1992,
        "Total Operating Expenses": 4402,
        "Total revenue financing activities": 56,
        "Net profit from business activities": 567,
        "Profit": -41,
        "Profit before tax": 526,
        "Present corporate income tax expenses": 106,
        "Deferred income taxes expenses": "N/A",
        "The interests of minority shareholders": "N/A",
        "Total Cost of profits": 106,
        "Profit after tax corporate income": 420,
        "Volume": 4500000,
        "Close of Quarter": 4.4,
        "EPS": 1261,
        "Non-adjusted EPS": 1261,
        "PE": 3.5,
        "Book Price": 14.4
      }
    },
    {
      "quarter": "Q4 2013",
      "income status": {
        "Net sales": 55232,
        "Cost of goods sold": 44713,
        "Gross Profit": 10519,
        "Financial expenses": -546,
        "Of which: Interest expense": -546,
        "Cost of sales": 2536,
        "Enterprise cost management": 6017,
        "Total Operating Expenses": 8007,
        "Total revenue financing activities": 17,
        "Net profit from business activities": 2528,
        "Profit": 162,
        "Profit before tax": 2690,
        "Present corporate income tax expenses": 729,
        "Deferred income taxes expenses": "N/A",
        "The interests of minority shareholders": "N/A",
        "Total Cost of profits": 729,
        "Profit after tax corporate income": 1961,
        "Volume": 4500000,
        "Close of Quarter": 3.9,
        "EPS": 1510,
        "Non-adjusted EPS": 1510,
        "PE": 2.6,
        "Book Price": 16.1
      }
    },
    {
      "quarter": "Q3 2013",
      "income status": {
        "Net sales": 51118,
        "Cost of goods sold": 43804,
        "Gross Profit": 7314,
        "Financial expenses": 1312,
        "Of which: Interest expense": 1312,
        "Cost of sales": 1769,
        "Enterprise cost management": 3809,
        "Total Operating Expenses": 6890,
        "Total revenue financing activities": 14,
        "Net profit from business activities": 437,
        "Profit": "N/A",
        "Profit before tax": 437,
        "Present corporate income tax expenses": 109,
        "Deferred income taxes expenses": "N/A",
        "The interests of minority shareholders": "N/A",
        "Total Cost of profits": 109,
        "Profit after tax corporate income": 328,
        "Volume": 4500000,
        "Close of Quarter": 2.8,
        "EPS": 1956,
        "Non-adjusted EPS": 1956,
        "PE": 1.4,
        "Book Price": 15.8
      }
    },
    {
      "quarter": "Q2 2013",
      "income status": {
        "Net sales": 49677,
        "Cost of goods sold": 39804,
        "Gross Profit": 9873,
        "Financial expenses": 906,
        "Of which: Interest expense": 906,
        "Cost of sales": 2751,
        "Enterprise cost management": 2279,
        "Total Operating Expenses": 5936,
        "Total revenue financing activities": 21,
        "Net profit from business activities": 3957,
        "Profit": -2,
        "Profit before tax": 3955,
        "Present corporate income tax expenses": 989,
        "Deferred income taxes expenses": "N/A",
        "The interests of minority shareholders": "N/A",
        "Total Cost of profits": 989,
        "Profit after tax corporate income": 2966,
        "Volume": 4500000,
        "Close of Quarter": 2.5,
        "EPS": 2126,
        "Non-adjusted EPS": 2126,
        "PE": 1.2,
        "Book Price": 15.8
      }
    },
    {
      "quarter": "Q1 2013",
      "income status": {
        "Net sales": 31884,
        "Cost of goods sold": 23579,
        "Gross Profit": 8306,
        "Financial expenses": 1380,
        "Of which: Interest expense": 1380,
        "Cost of sales": 2157,
        "Enterprise cost management": 2804,
        "Total Operating Expenses": 6341,
        "Total revenue financing activities": 89,
        "Net profit from business activities": 2053,
        "Profit": "N/A",
        "Profit before tax": 2053,
        "Present corporate income tax expenses": 513,
        "Deferred income taxes expenses": "N/A",
        "The interests of minority shareholders": "N/A",
        "Total Cost of profits": 513,
        "Profit after tax corporate income": 1540,
        "Volume": 4500000,
        "Close of Quarter": 2.4,
        "EPS": 1686,
        "Non-adjusted EPS": 1686,
        "PE": 1.4,
        "Book Price": 15.3
      }
    },
    {
      "quarter": "Q4 2012",
      "income status": {
        "Net sales": 51849,
        "Cost of goods sold": 38688,
        "Gross Profit": 13161,
        "Financial expenses": 3124,
        "Of which: Interest expense": 3124,
        "Cost of sales": 3212,
        "Enterprise cost management": 2348,
        "Total Operating Expenses": 8684,
        "Total revenue financing activities": 319,
        "Net profit from business activities": 4796,
        "Profit": 16,
        "Profit before tax": 4812,
        "Present corporate income tax expenses": 842,
        "Deferred income taxes expenses": "N/A",
        "The interests of minority shareholders": "N/A",
        "Total Cost of profits": 842,
        "Profit after tax corporate income": 3970,
        "Volume": 4500000,
        "Close of Quarter": 2.5,
        "EPS": 1643,
        "Non-adjusted EPS": 1643,
        "PE": 1.5,
        "Book Price": 14.9
      }
    },
    {
      "quarter": "Q3 2012",
      "income status": {
        "Net sales": 36727,
        "Cost of goods sold": 29397,
        "Gross Profit": 7331,
        "Financial expenses": 2269,
        "Of which: Interest expense": 2269,
        "Cost of sales": 974,
        "Enterprise cost management": 2816,
        "Total Operating Expenses": 6059,
        "Total revenue financing activities": 10,
        "Net profit from business activities": 1281,
        "Profit": 41,
        "Profit before tax": 1322,
        "Present corporate income tax expenses": 231,
        "Deferred income taxes expenses": "N/A",
        "The interests of minority shareholders": "N/A",
        "Total Cost of profits": 231,
        "Profit after tax corporate income": 1091,
        "Volume": 4500000,
        "Close of Quarter": 1.9,
        "EPS": 1426,
        "Non-adjusted EPS": 1426,
        "PE": 1.3,
        "Book Price": 14.3
      }
    },
    {
      "quarter": "Q2 2012",
      "income status": {
        "Net sales": 37539,
        "Cost of goods sold": 31041,
        "Gross Profit": 6498,
        "Financial expenses": 1924,
        "Of which: Interest expense": 1924,
        "Cost of sales": 1127,
        "Enterprise cost management": 2734,
        "Total Operating Expenses": 5785,
        "Total revenue financing activities": 600,
        "Net profit from business activities": 1313,
        "Profit": "N/A",
        "Profit before tax": 1313,
        "Present corporate income tax expenses": 328,
        "Deferred income taxes expenses": "N/A",
        "The interests of minority shareholders": "N/A",
        "Total Cost of profits": 328,
        "Profit after tax corporate income": 985,
        "Volume": 4500000,
        "Close of Quarter": 2.6,
        "EPS": 1380,
        "Non-adjusted EPS": 1380,
        "PE": 1.9,
        "Book Price": 14
      }
    },
    {
      "quarter": "Q1 2012",
      "income status": {
        "Net sales": 22632,
        "Cost of goods sold": 19449,
        "Gross Profit": 3183,
        "Financial expenses": 357,
        "Of which: Interest expense": 357,
        "Cost of sales": 499,
        "Enterprise cost management": 638,
        "Total Operating Expenses": 1494,
        "Total revenue financing activities": 28,
        "Net profit from business activities": 1716,
        "Profit": 82,
        "Profit before tax": 1798,
        "Present corporate income tax expenses": 449,
        "Deferred income taxes expenses": "N/A",
        "The interests of minority shareholders": "N/A",
        "Total Cost of profits": 449,
        "Profit after tax corporate income": 1348,
        "Volume": 4500000,
        "Close of Quarter": 2.6,
        "EPS": 1976,
        "Non-adjusted EPS": 1976,
        "PE": 1.3,
        "Book Price": 13.6
      }
    },
    {
      "quarter": "Q4 2011",
      "income status": {
        "Net sales": 46159,
        "Cost of goods sold": 38242,
        "Gross Profit": 7917,
        "Financial expenses": -902,
        "Of which: Interest expense": -902,
        "Cost of sales": 1361,
        "Enterprise cost management": 3479,
        "Total Operating Expenses": 3938,
        "Total revenue financing activities": 12,
        "Net profit from business activities": 3991,
        "Profit": "N/A",
        "Profit before tax": 3991,
        "Present corporate income tax expenses": 998,
        "Deferred income taxes expenses": "N/A",
        "The interests of minority shareholders": "N/A",
        "Total Cost of profits": 998,
        "Profit after tax corporate income": 2993,
        "Volume": 4500000,
        "Close of Quarter": 1.6,
        "EPS": 2214,
        "Non-adjusted EPS": 2214,
        "PE": 0.7,
        "Book Price": 15.2
      }
    },
    {
      "quarter": "Q3 2011",
      "income status": {
        "Net sales": 37641,
        "Cost of goods sold": 30739,
        "Gross Profit": 6902,
        "Financial expenses": 2069,
        "Of which: Interest expense": 2069,
        "Cost of sales": 642,
        "Enterprise cost management": 3028,
        "Total Operating Expenses": 5739,
        "Total revenue financing activities": 17,
        "Net profit from business activities": 1179,
        "Profit": "N/A",
        "Profit before tax": 1179,
        "Present corporate income tax expenses": 295,
        "Deferred income taxes expenses": "N/A",
        "The interests of minority shareholders": "N/A",
        "Total Cost of profits": 295,
        "Profit after tax corporate income": 884,
        "Volume": 4500000,
        "Close of Quarter": 2.6,
        "EPS": 2215,
        "Non-adjusted EPS": 2215,
        "PE": 1.2,
        "Book Price": 14.6
      }
    },
    {
      "quarter": "Q2 2011",
      "income status": {
        "Net sales": 35315,
        "Cost of goods sold": 27954,
        "Gross Profit": 7361,
        "Financial expenses": 1517,
        "Of which: Interest expense": 1517,
        "Cost of sales": 850,
        "Enterprise cost management": 946,
        "Total Operating Expenses": 3313,
        "Total revenue financing activities": 932,
        "Net profit from business activities": 4980,
        "Profit": -73,
        "Profit before tax": 4907,
        "Present corporate income tax expenses": 1239,
        "Deferred income taxes expenses": "N/A",
        "The interests of minority shareholders": "N/A",
        "Total Cost of profits": 1239,
        "Profit after tax corporate income": 3668,
        "Volume": 4500000,
        "Close of Quarter": 2.7,
        "EPS": 2549,
        "Non-adjusted EPS": 2549,
        "PE": 1.1,
        "Book Price": 14.4
      }
    },
    {
      "quarter": "Q1 2011",
      "income status": {
        "Net sales": 31302,
        "Cost of goods sold": 23546,
        "Gross Profit": 7756,
        "Financial expenses": 1196,
        "Of which: Interest expense": 1196,
        "Cost of sales": 726,
        "Enterprise cost management": 2958,
        "Total Operating Expenses": 4880,
        "Total revenue financing activities": 348,
        "Net profit from business activities": 3223,
        "Profit": "N/A",
        "Profit before tax": 3223,
        "Present corporate income tax expenses": 806,
        "Deferred income taxes expenses": "N/A",
        "The interests of minority shareholders": "N/A",
        "Total Cost of profits": 806,
        "Profit after tax corporate income": 2417,
        "Volume": 4500000,
        "Close of Quarter": 3.2,
        "EPS": 2459,
        "Non-adjusted EPS": 2459,
        "PE": 1.3,
        "Book Price": 13.6
      }
    },
    {
      "quarter": "Q4 2010",
      "income status": {
        "Net sales": 60894,
        "Cost of goods sold": 53963,
        "Gross Profit": 6932,
        "Financial expenses": 129,
        "Of which: Interest expense": 129,
        "Cost of sales": 750,
        "Enterprise cost management": 2234,
        "Total Operating Expenses": 3113,
        "Total revenue financing activities": 178,
        "Net profit from business activities": 3998,
        "Profit": "N/A",
        "Profit before tax": 3998,
        "Present corporate income tax expenses": 999,
        "Deferred income taxes expenses": "N/A",
        "The interests of minority shareholders": "N/A",
        "Total Cost of profits": 999,
        "Profit after tax corporate income": 2998,
        "Volume": 4500000,
        "Close of Quarter": 3.8,
        "EPS": 2251,
        "Non-adjusted EPS": 2251,
        "PE": 1.7,
        "Book Price": 15.2
      }
    },
    {
      "quarter": "Q3 2010",
      "income status": {
        "Net sales": 26885,
        "Cost of goods sold": 19768,
        "Gross Profit": 7117,
        "Financial expenses": 515,
        "Of which: Interest expense": 515,
        "Cost of sales": 686,
        "Enterprise cost management": 3074,
        "Total Operating Expenses": 4275,
        "Total revenue financing activities": 243,
        "Net profit from business activities": 3085,
        "Profit": 96,
        "Profit before tax": 3181,
        "Present corporate income tax expenses": 795,
        "Deferred income taxes expenses": "N/A",
        "The interests of minority shareholders": "N/A",
        "Total Cost of profits": 795,
        "Profit after tax corporate income": 2386,
        "Volume": 4375000,
        "Close of Quarter": 5.4,
        "EPS": 1995,
        "Non-adjusted EPS": 2052,
        "PE": 2.6,
        "Book Price": 14.5
      }
    },
    {
      "quarter": "Q2 2010",
      "income status": {
        "Net sales": 24416,
        "Cost of goods sold": 15949,
        "Gross Profit": 8468,
        "Financial expenses": 927,
        "Of which: Interest expense": 927,
        "Cost of sales": 799,
        "Enterprise cost management": 2589,
        "Total Operating Expenses": 4315,
        "Total revenue financing activities": 196,
        "Net profit from business activities": 4349,
        "Profit": 3,
        "Profit before tax": 4352,
        "Present corporate income tax expenses": 1088,
        "Deferred income taxes expenses": "N/A",
        "The interests of minority shareholders": "N/A",
        "Total Cost of profits": 1088,
        "Profit after tax corporate income": 3264,
        "Volume": 2500000,
        "Close of Quarter": 6.0,
        "EPS": 1859.4,
        "Non-adjusted EPS": 3347,
        "PE": 1.8,
        "Book Price": 8.7
      }
    },
    {
      "quarter": "Q1 2010",
      "income status": {
        "Net sales": 13238,
        "Cost of goods sold": 9118,
        "Gross Profit": 4120,
        "Financial expenses": 457,
        "Of which: Interest expense": 193,
        "Cost of sales": 688,
        "Enterprise cost management": 1190,
        "Total Operating Expenses": 2335,
        "Total revenue financing activities": 191,
        "Net profit from business activities": 1976,
        "Profit": "N/A",
        "Profit before tax": 1976,
        "Present corporate income tax expenses": 494,
        "Deferred income taxes expenses": "N/A",
        "The interests of minority shareholders": "N/A",
        "Total Cost of profits": 494,
        "Profit after tax corporate income": 1482,
        "Volume": 2500000,
        "Close of Quarter": 5.6,
        "EPS": 1626.7,
        "Non-adjusted EPS": 2928,
        "PE": 1.9,
        "Book Price": 7.9
      }
    },
    {
      "quarter": "Q4 2009",
      "income status": {
        "Net sales": 38304,
        "Cost of goods sold": 34200,
        "Gross Profit": 4104,
        "Financial expenses": -66,
        "Of which: Interest expense": "N/A",
        "Cost of sales": 656,
        "Enterprise cost management": 1148,
        "Total Operating Expenses": 1738,
        "Total revenue financing activities": 94,
        "Net profit from business activities": 2459,
        "Profit": "N/A",
        "Profit before tax": 2459,
        "Present corporate income tax expenses": 615,
        "Deferred income taxes expenses": "N/A",
        "The interests of minority shareholders": "N/A",
        "Total Cost of profits": 615,
        "Profit after tax corporate income": 1844,
        "Volume": 2500000,
        "Close of Quarter": 5.4,
        "EPS": 1703.3,
        "Non-adjusted EPS": 3066,
        "PE": 1.8,
        "Book Price": 8.3
      }
    },
    {
      "quarter": "Q3 2009",
      "income status": {
        "Net sales": 18813,
        "Cost of goods sold": 14791,
        "Gross Profit": 4022,
        "Financial expenses": 379,
        "Of which: Interest expense": "N/A",
        "Cost of sales": 522,
        "Enterprise cost management": 1030,
        "Total Operating Expenses": 1931,
        "Total revenue financing activities": 76,
        "Net profit from business activities": 2167,
        "Profit": 205,
        "Profit before tax": 2371,
        "Present corporate income tax expenses": 593,
        "Deferred income taxes expenses": "N/A",
        "The interests of minority shareholders": "N/A",
        "Total Cost of profits": 593,
        "Profit after tax corporate income": 1778,
        "Volume": 2500000,
        "Close of Quarter": 4.4,
        "EPS": 1293.9,
        "Non-adjusted EPS": 2329,
        "PE": 1.9,
        "Book Price": 8.3
      }
    },
    {
      "quarter": "Q2 2009",
      "income status": {
        "Net sales": 17970,
        "Cost of goods sold": 12479,
        "Gross Profit": 5491,
        "Financial expenses": -102,
        "Of which: Interest expense": "N/A",
        "Cost of sales": 393,
        "Enterprise cost management": 2216,
        "Total Operating Expenses": 2507,
        "Total revenue financing activities": 499,
        "Net profit from business activities": 3483,
        "Profit": "N/A",
        "Profit before tax": 3483,
        "Present corporate income tax expenses": 1268,
        "Deferred income taxes expenses": "N/A",
        "The interests of minority shareholders": "N/A",
        "Total Cost of profits": 1268,
        "Profit after tax corporate income": 2215,
        "Volume": 1900000,
        "Close of Quarter": 2.8,
        "EPS": 898.5,
        "Non-adjusted EPS": 2128,
        "PE": 1.3,
        "Book Price": 6.1
      }
    },
    {
      "quarter": "Q1 2009",
      "income status": {
        "Net sales": 12229,
        "Cost of goods sold": 8297,
        "Gross Profit": 3931,
        "Financial expenses": 575,
        "Of which: Interest expense": "N/A",
        "Cost of sales": 259,
        "Enterprise cost management": 1432,
        "Total Operating Expenses": 2266,
        "Total revenue financing activities": 163,
        "Net profit from business activities": 1829,
        "Profit": "N/A",
        "Profit before tax": 1829,
        "Present corporate income tax expenses": "N/A",
        "Deferred income taxes expenses": "N/A",
        "The interests of minority shareholders": "N/A",
        "Total Cost of profits": 0,
        "Profit after tax corporate income": 1829,
        "Volume": 1900000,
        "Close of Quarter": "N/A",
        "EPS": 406.6,
        "Non-adjusted EPS": 963,
        "PE": "N/A",
        "Book Price": 6.4
      }
    }
  ]
}