{
  "ticker": "AGD",
  "data": [
    {
      "quarter": "Q2 2013",
      "income status": {
        "Net sales": 198027,
        "Cost of goods sold": 172300,
        "Gross Profit": 25727,
        "Financial expenses": 11663,
        "Of which: Interest expense": 6693,
        "Cost of sales": 22862,
        "Enterprise cost management": 8129,
        "Total Operating Expenses": 42654,
        "Total revenue financing activities": 13877,
        "Net profit from business activities": -3051,
        "Profit": -1104,
        "Profit before tax": -4154,
        "Present corporate income tax expenses": 361,
        "Deferred income taxes expenses": "N/A",
        "The interests of minority shareholders": "N/A",
        "Total Cost of profits": 361,
        "Profit after tax corporate income": -4515,
        "Volume": 11999930,
        "Close of Quarter": 55,
        "EPS": 3547,
        "Non-adjusted EPS": 3547,
        "PE": 15.5,
        "Book Price": 61.3
      }
    },
    {
      "quarter": "Q1 2013",
      "income status": {
        "Net sales": 224555,
        "Cost of goods sold": 193031,
        "Gross Profit": 31523,
        "Financial expenses": 6462,
        "Of which: Interest expense": 6380,
        "Cost of sales": 19716,
        "Enterprise cost management": 5982,
        "Total Operating Expenses": 32160,
        "Total revenue financing activities": 10347,
        "Net profit from business activities": 9711,
        "Profit": -321,
        "Profit before tax": 9390,
        "Present corporate income tax expenses": 1068,
        "Deferred income taxes expenses": "N/A",
        "The interests of minority shareholders": "N/A",
        "Total Cost of profits": 1068,
        "Profit after tax corporate income": 8322,
        "Volume": 11999930,
        "Close of Quarter": 55,
        "EPS": 6836,
        "Non-adjusted EPS": 6836,
        "PE": 8.1,
        "Book Price": 62
      }
    },
    {
      "quarter": "Q4 2012",
      "income status": {
        "Net sales": 221943,
        "Cost of goods sold": 184106,
        "Gross Profit": 37838,
        "Financial expenses": 5642,
        "Of which: Interest expense": 5586,
        "Cost of sales": 22575,
        "Enterprise cost management": 4894,
        "Total Operating Expenses": 33111,
        "Total revenue financing activities": 3811,
        "Net profit from business activities": 8537,
        "Profit": 1526,
        "Profit before tax": 10063,
        "Present corporate income tax expenses": 613,
        "Deferred income taxes expenses": "N/A",
        "The interests of minority shareholders": "N/A",
        "Total Cost of profits": 613,
        "Profit after tax corporate income": 9450,
        "Volume": 11999930,
        "Close of Quarter": 61,
        "EPS": 8061,
        "Non-adjusted EPS": 8061,
        "PE": 7.6,
        "Book Price": 61.3
      }
    },
    {
      "quarter": "Q3 2012",
      "income status": {
        "Net sales": 211844,
        "Cost of goods sold": 156132,
        "Gross Profit": 55712,
        "Financial expenses": 5000,
        "Of which: Interest expense": 5000,
        "Cost of sales": 17073,
        "Enterprise cost management": 4527,
        "Total Operating Expenses": 26600,
        "Total revenue financing activities": 611,
        "Net profit from business activities": 29724,
        "Profit": 663,
        "Profit before tax": 30387,
        "Present corporate income tax expenses": 1075,
        "Deferred income taxes expenses": "N/A",
        "The interests of minority shareholders": "N/A",
        "Total Cost of profits": 1075,
        "Profit after tax corporate income": 29312,
        "Volume": 11999930,
        "Close of Quarter": 46.8,
        "EPS": 9879,
        "Non-adjusted EPS": 9879,
        "PE": 4.7,
        "Book Price": 29
      }
    },
    {
      "quarter": "Q2 2012",
      "income status": {
        "Net sales": 186611,
        "Cost of goods sold": 122478,
        "Gross Profit": 64133,
        "Financial expenses": 5440,
        "Of which: Interest expense": 5273,
        "Cost of sales": 17522,
        "Enterprise cost management": 5402,
        "Total Operating Expenses": 28364,
        "Total revenue financing activities": 764,
        "Net profit from business activities": 36533,
        "Profit": 265,
        "Profit before tax": 36797,
        "Present corporate income tax expenses": 1855,
        "Deferred income taxes expenses": "N/A",
        "The interests of minority shareholders": "N/A",
        "Total Cost of profits": 1855,
        "Profit after tax corporate income": 34943,
        "Volume": 11999930,
        "Close of Quarter": 48,
        "EPS": 9653,
        "Non-adjusted EPS": 9653,
        "PE": 5.0,
        "Book Price": 26.6
      }
    },
    {
      "quarter": "Q1 2012",
      "income status": {
        "Net sales": 234141,
        "Cost of goods sold": 184779,
        "Gross Profit": 49361,
        "Financial expenses": 5331,
        "Of which: Interest expense": 5280,
        "Cost of sales": 17187,
        "Enterprise cost management": 4455,
        "Total Operating Expenses": 26973,
        "Total revenue financing activities": 2732,
        "Net profit from business activities": 25122,
        "Profit": -166,
        "Profit before tax": 24956,
        "Present corporate income tax expenses": 1924,
        "Deferred income taxes expenses": "N/A",
        "The interests of minority shareholders": "N/A",
        "Total Cost of profits": 1924,
        "Profit after tax corporate income": 23032,
        "Volume": 11999930,
        "Close of Quarter": 34.8,
        "EPS": 11179,
        "Non-adjusted EPS": 11179,
        "PE": 3.1,
        "Book Price": 24.9
      }
    },
    {
      "quarter": "Q4 2011",
      "income status": {
        "Net sales": 198456,
        "Cost of goods sold": 145373,
        "Gross Profit": 53083,
        "Financial expenses": 5867,
        "Of which: Interest expense": -1076,
        "Cost of sales": 14324,
        "Enterprise cost management": 4508,
        "Total Operating Expenses": 24699,
        "Total revenue financing activities": 1056,
        "Net profit from business activities": 29439,
        "Profit": 701,
        "Profit before tax": 133284,
        "Present corporate income tax expenses": -1117,
        "Deferred income taxes expenses": "N/A",
        "The interests of minority shareholders": "N/A",
        "Total Cost of profits": -1117,
        "Profit after tax corporate income": 31257,
        "Volume": 11999930,
        "Close of Quarter": 27.1,
        "EPS": 10948,
        "Non-adjusted EPS": 10948,
        "PE": 2.5,
        "Book Price": 23.6
      }
    },
    {
      "quarter": "Q3 2011",
      "income status": {
        "Net sales": 206010,
        "Cost of goods sold": 153373,
        "Gross Profit": 52638,
        "Financial expenses": 5214,
        "Of which: Interest expense": 5934,
        "Cost of sales": 14216,
        "Enterprise cost management": 6813,
        "Total Operating Expenses": 26243,
        "Total revenue financing activities": 872,
        "Net profit from business activities": 27266,
        "Profit": -359,
        "Profit before tax": 26907,
        "Present corporate income tax expenses": 299,
        "Deferred income taxes expenses": "N/A",
        "The interests of minority shareholders": "N/A",
        "Total Cost of profits": 299,
        "Profit after tax corporate income": 26608,
        "Volume": 11999930,
        "Close of Quarter": 21.9,
        "EPS": 9915,
        "Non-adjusted EPS": 9915,
        "PE": 2.2,
        "Book Price": 21
      }
    },
    {
      "quarter": "Q2 2011",
      "income status": {
        "Net sales": 259021,
        "Cost of goods sold": 178822,
        "Gross Profit": 80200,
        "Financial expenses": 4716,
        "Of which: Interest expense": 4596,
        "Cost of sales": 20184,
        "Enterprise cost management": 2311,
        "Total Operating Expenses": 27211,
        "Total revenue financing activities": 2610,
        "Net profit from business activities": 55598,
        "Profit": -449,
        "Profit before tax": 55149,
        "Present corporate income tax expenses": 1897,
        "Deferred income taxes expenses": "N/A",
        "The interests of minority shareholders": "N/A",
        "Total Cost of profits": 1897,
        "Profit after tax corporate income": 53252,
        "Volume": 11999930,
        "Close of Quarter": 16.5,
        "EPS": 8383,
        "Non-adjusted EPS": 8383,
        "PE": 2.0,
        "Book Price": 18.8
      }
    },
    {
      "quarter": "Q1 2011",
      "income status": {
        "Net sales": 175489,
        "Cost of goods sold": 126782,
        "Gross Profit": 48707,
        "Financial expenses": 6226,
        "Of which: Interest expense": 5086,
        "Cost of sales": 17661,
        "Enterprise cost management": 4706,
        "Total Operating Expenses": 28593,
        "Total revenue financing activities": 1282,
        "Net profit from business activities": 21397,
        "Profit": -309,
        "Profit before tax": 21088,
        "Present corporate income tax expenses": 825,
        "Deferred income taxes expenses": "N/A",
        "The interests of minority shareholders": "N/A",
        "Total Cost of profits": 825,
        "Profit after tax corporate income": 20263,
        "Volume": 8000000,
        "Close of Quarter": 16.9,
        "EPS": 4583.4,
        "Non-adjusted EPS": 6875,
        "PE": 2.5,
        "Book Price": 15.3
      }
    },
    {
      "quarter": "Q4 2010",
      "income status": {
        "Net sales": 213121,
        "Cost of goods sold": 170298,
        "Gross Profit": 42823,
        "Financial expenses": 7012,
        "Of which: Interest expense": 6569,
        "Cost of sales": 19866,
        "Enterprise cost management": 5025,
        "Total Operating Expenses": 31903,
        "Total revenue financing activities": 8096,
        "Net profit from business activities": 19016,
        "Profit": -164,
        "Profit before tax": 18852,
        "Present corporate income tax expenses": "N/A",
        "Deferred income taxes expenses": "N/A",
        "The interests of minority shareholders": "N/A",
        "Total Cost of profits": 0,
        "Profit after tax corporate income": 18852,
        "Volume": 8000000,
        "Close of Quarter": 17.4,
        "EPS": 3524.7,
        "Non-adjusted EPS": 5287,
        "PE": 3.3,
        "Book Price": 14
      }
    },
    {
      "quarter": "Q3 2010",
      "income status": {
        "Net sales": 148906,
        "Cost of goods sold": 113891,
        "Gross Profit": 35015,
        "Financial expenses": 4463,
        "Of which: Interest expense": 3567,
        "Cost of sales": 24683,
        "Enterprise cost management": 2825,
        "Total Operating Expenses": 31971,
        "Total revenue financing activities": 4968,
        "Net profit from business activities": 8013,
        "Profit": 215,
        "Profit before tax": 8228,
        "Present corporate income tax expenses": "N/A",
        "Deferred income taxes expenses": "N/A",
        "The interests of minority shareholders": "N/A",
        "Total Cost of profits": 0,
        "Profit after tax corporate income": 8228,
        "Volume": 8000000,
        "Close of Quarter": 17.9,
        "EPS": 2904.0,
        "Non-adjusted EPS": 4356,
        "PE": 4.1,
        "Book Price": 12.3
      }
    },
    {
      "quarter": "Q2 2010",
      "income status": {
        "Net sales": 131693,
        "Cost of goods sold": "N/A",
        "Gross Profit": 23511,
        "Financial expenses": "N/A",
        "Of which: Interest expense": 2109,
        "Cost of sales": "N/A",
        "Enterprise cost management": 5966,
        "Total Operating Expenses": 5966,
        "Total revenue financing activities": "N/A",
        "Net profit from business activities": 8319,
        "Profit": -659,
        "Profit before tax": 7660,
        "Present corporate income tax expenses": "N/A",
        "Deferred income taxes expenses": "N/A",
        "The interests of minority shareholders": "N/A",
        "Total Cost of profits": 0,
        "Profit after tax corporate income": 7660,
        "Volume": 8000000,
        "Close of Quarter": 22.9,
        "EPS": 2774.0,
        "Non-adjusted EPS": 4161,
        "PE": 5.5,
        "Book Price": 11.6
      }
    },
    {
      "quarter": "Q1 2010",
      "income status": {
        "Net sales": 103836,
        "Cost of goods sold": "N/A",
        "Gross Profit": 24976,
        "Financial expenses": "N/A",
        "Of which: Interest expense": 2296,
        "Cost of sales": "N/A",
        "Enterprise cost management": 4535,
        "Total Operating Expenses": 4535,
        "Total revenue financing activities": "N/A",
        "Net profit from business activities": 8434,
        "Profit": -876,
        "Profit before tax": 7558,
        "Present corporate income tax expenses": "N/A",
        "Deferred income taxes expenses": "N/A",
        "The interests of minority shareholders": "N/A",
        "Total Cost of profits": 0,
        "Profit after tax corporate income": 7558,
        "Volume": 8000000,
        "Close of Quarter": 19.1,
        "EPS": 2577.4,
        "Non-adjusted EPS": 3866,
        "PE": 4.9,
        "Book Price": 11
      }
    },
    {
      "quarter": "Q4 2009",
      "income status": {
        "Net sales": 150289,
        "Cost of goods sold": "N/A",
        "Gross Profit": 46424,
        "Financial expenses": "N/A",
        "Of which: Interest expense": 4350,
        "Cost of sales": "N/A",
        "Enterprise cost management": 16641,
        "Total Operating Expenses": 16641,
        "Total revenue financing activities": "N/A",
        "Net profit from business activities": 11401,
        "Profit": 81,
        "Profit before tax": 11481,
        "Present corporate income tax expenses": "N/A",
        "Deferred income taxes expenses": 80,
        "The interests of minority shareholders": "N/A",
        "Total Cost of profits": 80,
        "Profit after tax corporate income": 11402,
        "Volume": 8000000,
        "Close of Quarter": "N/A",
        "EPS": 1831.3,
        "Non-adjusted EPS": 2747,
        "PE": "N/A",
        "Book Price": 10.6
      }
    },
    {
      "quarter": "Q3 2009",
      "income status": {
        "Net sales": 141438,
        "Cost of goods sold": 117846,
        "Gross Profit": 23592,
        "Financial expenses": -2,
        "Of which: Interest expense": -334,
        "Cost of sales": 14710,
        "Enterprise cost management": 3366,
        "Total Operating Expenses": 18074,
        "Total revenue financing activities": 946,
        "Net profit from business activities": 6464,
        "Profit": 205,
        "Profit before tax": 6668,
        "Present corporate income tax expenses": "N/A",
        "Deferred income taxes expenses": "N/A",
        "The interests of minority shareholders": "N/A",
        "Total Cost of profits": 0,
        "Profit after tax corporate income": 6668,
        "Volume": 8000000,
        "Close of Quarter": "N/A",
        "EPS": 880.7,
        "Non-adjusted EPS": 1321,
        "PE": "N/A",
        "Book Price": 10.5
      }
    },
    {
      "quarter": "Q2 2009",
      "income status": {
        "Net sales": 132185,
        "Cost of goods sold": 111468,
        "Gross Profit": 20717,
        "Financial expenses": 1903,
        "Of which: Interest expense": 1762,
        "Cost of sales": 11659,
        "Enterprise cost management": 2752,
        "Total Operating Expenses": 16314,
        "Total revenue financing activities": 527,
        "Net profit from business activities": 4930,
        "Profit": 372,
        "Profit before tax": 5302,
        "Present corporate income tax expenses": "N/A",
        "Deferred income taxes expenses": "N/A",
        "The interests of minority shareholders": "N/A",
        "Total Cost of profits": 0,
        "Profit after tax corporate income": 5302,
        "Volume": 8000000,
        "Close of Quarter": "N/A",
        "EPS": 325.3,
        "Non-adjusted EPS": 488,
        "PE": "N/A",
        "Book Price": "N/A"
      }
    },
    {
      "quarter": "Q1 2009",
      "income status": {
        "Net sales": 104223,
        "Cost of goods sold": 91966,
        "Gross Profit": 12256,
        "Financial expenses": 3059,
        "Of which: Interest expense": 2068,
        "Cost of sales": 10454,
        "Enterprise cost management": 2168,
        "Total Operating Expenses": 15681,
        "Total revenue financing activities": 1460,
        "Net profit from business activities": -1965,
        "Profit": 567,
        "Profit before tax": -1399,
        "Present corporate income tax expenses": "N/A",
        "Deferred income taxes expenses": "N/A",
        "The interests of minority shareholders": "N/A",
        "Total Cost of profits": 0,
        "Profit after tax corporate income": -1399,
        "Volume": 8000000,
        "Close of Quarter": "N/A",
        "EPS": -116.7,
        "Non-adjusted EPS": -175,
        "PE": "N/A",
        "Book Price": "N/A"
      }
    }
  ]
}