{
  "ticker": "TRA",
  "data": [
    {
      "quarter": "Q1 2017",
      "income status": {
        "Net sales": 402049,
        "Cost of goods sold": 183200,
        "Gross Profit": 218849,
        "Financial expenses": 517,
        "Of which: Interest expense": 340,
        "Cost of sales": 111085,
        "Enterprise cost management": 46707,
        "Total Operating Expenses": 158309,
        "Total revenue financing activities": 766,
        "Net profit from business activities": 61196,
        "Profit": 596,
        "Profit before tax": 61792,
        "Present corporate income tax expenses": 11414,
        "Deferred income taxes expenses": 64,
        "The interests of minority shareholders": 8892,
        "Total Cost of profits": 20370,
        "Profit after tax corporate income": 41422,
        "Volume": 34542826,
        "Close of Quarter": 98.5,
        "EPS": 5841,
        "Non-adjusted EPS": 5841,
        "PE": 16.9,
        "Book Price": 29.1
      }
    },
    {
      "quarter": "Q4 2016",
      "income status": {
        "Net sales": 496306,
        "Cost of goods sold": 237520,
        "Gross Profit": 258786,
        "Financial expenses": 20770,
        "Of which: Interest expense": 73,
        "Cost of sales": 116384,
        "Enterprise cost management": 55335,
        "Total Operating Expenses": 192489,
        "Total revenue financing activities": 6764,
        "Net profit from business activities": 73089,
        "Profit": 352,
        "Profit before tax": 73442,
        "Present corporate income tax expenses": 16158,
        "Deferred income taxes expenses": -197,
        "The interests of minority shareholders": 1053,
        "Total Cost of profits": 17014,
        "Profit after tax corporate income": 56428,
        "Volume": 34542826,
        "Close of Quarter": 92.6,
        "EPS": 6096,
        "Non-adjusted EPS": 6096,
        "PE": 15.2,
        "Book Price": 29.4
      }
    },
    {
      "quarter": "Q3 2016",
      "income status": {
        "Net sales": 483480,
        "Cost of goods sold": 232154,
        "Gross Profit": 251327,
        "Financial expenses": 19174,
        "Of which: Interest expense": 258,
        "Cost of sales": 121247,
        "Enterprise cost management": 41187,
        "Total Operating Expenses": 181608,
        "Total revenue financing activities": 1832,
        "Net profit from business activities": 71530,
        "Profit": 505,
        "Profit before tax": 72035,
        "Present corporate income tax expenses": 14111,
        "Deferred income taxes expenses": -331,
        "The interests of minority shareholders": 5037,
        "Total Cost of profits": 18817,
        "Profit after tax corporate income": 53218,
        "Volume": 34542826,
        "Close of Quarter": 100.3,
        "EPS": 6127,
        "Non-adjusted EPS": 6127,
        "PE": 16.4,
        "Book Price": 30.1
      }
    },
    {
      "quarter": "Q2 2016",
      "income status": {
        "Net sales": 524608,
        "Cost of goods sold": 271474,
        "Gross Profit": 253133,
        "Financial expenses": 18246,
        "Of which: Interest expense": 274,
        "Cost of sales": 118165,
        "Enterprise cost management": 45124,
        "Total Operating Expenses": 181535,
        "Total revenue financing activities": 3427,
        "Net profit from business activities": 75044,
        "Profit": 69,
        "Profit before tax": 75113,
        "Present corporate income tax expenses": 13152,
        "Deferred income taxes expenses": 667,
        "The interests of minority shareholders": 10612,
        "Total Cost of profits": 24431,
        "Profit after tax corporate income": 50681,
        "Volume": 24673743,
        "Close of Quarter": 93.4,
        "EPS": 5916.5,
        "Non-adjusted EPS": 8283,
        "PE": 11.3,
        "Book Price": 28.4
      }
    },
    {
      "quarter": "Q1 2016",
      "income status": {
        "Net sales": 494325,
        "Cost of goods sold": 263074,
        "Gross Profit": 231251,
        "Financial expenses": 24462,
        "Of which: Interest expense": 293,
        "Cost of sales": 108255,
        "Enterprise cost management": 40388,
        "Total Operating Expenses": 173105,
        "Total revenue financing activities": 3364,
        "Net profit from business activities": 61556,
        "Profit": 1022,
        "Profit before tax": 62578,
        "Present corporate income tax expenses": 12371,
        "Deferred income taxes expenses": -970,
        "The interests of minority shareholders": 920,
        "Total Cost of profits": 12321,
        "Profit after tax corporate income": 50258,
        "Volume": 24673743,
        "Close of Quarter": 62.2,
        "EPS": 5517.9,
        "Non-adjusted EPS": 7725,
        "PE": 8.1,
        "Book Price": 26.8
      }
    },
    {
      "quarter": "Q4 2015",
      "income status": {
        "Net sales": 540072,
        "Cost of goods sold": 305111,
        "Gross Profit": 234961,
        "Financial expenses": 15595,
        "Of which: Interest expense": 293,
        "Cost of sales": 98850,
        "Enterprise cost management": 43894,
        "Total Operating Expenses": 158339,
        "Total revenue financing activities": 3310,
        "Net profit from business activities": 79935,
        "Profit": 211,
        "Profit before tax": 80146,
        "Present corporate income tax expenses": 16746,
        "Deferred income taxes expenses": -81,
        "The interests of minority shareholders": 5986,
        "Total Cost of profits": 22651,
        "Profit after tax corporate income": 57495,
        "Volume": 24673743,
        "Close of Quarter": 49.8,
        "EPS": 5209.4,
        "Non-adjusted EPS": 7293,
        "PE": 6.8,
        "Book Price": 27.9
      }
    },
    {
      "quarter": "Q3 2015",
      "income status": {
        "Net sales": 478049,
        "Cost of goods sold": 248729,
        "Gross Profit": 229319,
        "Financial expenses": 20901,
        "Of which: Interest expense": 296,
        "Cost of sales": 111437,
        "Enterprise cost management": 38647,
        "Total Operating Expenses": 170985,
        "Total revenue financing activities": 1940,
        "Net profit from business activities": 60352,
        "Profit": 1031,
        "Profit before tax": 61384,
        "Present corporate income tax expenses": 11747,
        "Deferred income taxes expenses": -97,
        "The interests of minority shareholders": 3798,
        "Total Cost of profits": 15448,
        "Profit after tax corporate income": 45935,
        "Volume": 24673743,
        "Close of Quarter": 45.6,
        "EPS": 4768.6,
        "Non-adjusted EPS": 6676,
        "PE": 6.8,
        "Book Price": 26.1
      }
    },
    {
      "quarter": "Q2 2015",
      "income status": {
        "Net sales": 499783,
        "Cost of goods sold": 266275,
        "Gross Profit": 233507,
        "Financial expenses": 22010,
        "Of which: Interest expense": 342,
        "Cost of sales": 114833,
        "Enterprise cost management": 43333,
        "Total Operating Expenses": 180176,
        "Total revenue financing activities": 1208,
        "Net profit from business activities": 54586,
        "Profit": 263,
        "Profit before tax": 54849,
        "Present corporate income tax expenses": 12236,
        "Deferred income taxes expenses": -281,
        "The interests of minority shareholders": 5978,
        "Total Cost of profits": 17933,
        "Profit after tax corporate income": 36916,
        "Volume": 24673743,
        "Close of Quarter": 46.1,
        "EPS": 4689.3,
        "Non-adjusted EPS": 6565,
        "PE": 7.0,
        "Book Price": 24.8
      }
    },
    {
      "quarter": "Q1 2015",
      "income status": {
        "Net sales": 461095,
        "Cost of goods sold": 249944,
        "Gross Profit": 211152,
        "Financial expenses": 18262,
        "Of which: Interest expense": 508,
        "Cost of sales": 104786,
        "Enterprise cost management": 35951,
        "Total Operating Expenses": 158999,
        "Total revenue financing activities": 2536,
        "Net profit from business activities": 54782,
        "Profit": 902,
        "Profit before tax": 55684,
        "Present corporate income tax expenses": 9684,
        "Deferred income taxes expenses": 266,
        "The interests of minority shareholders": 6140,
        "Total Cost of profits": 16090,
        "Profit after tax corporate income": 39594,
        "Volume": 24673743,
        "Close of Quarter": 40.0,
        "EPS": 4807.9,
        "Non-adjusted EPS": 6731,
        "PE": 5.9,
        "Book Price": 23.6
      }
    },
    {
      "quarter": "Q4 2014",
      "income status": {
        "Net sales": 514798,
        "Cost of goods sold": 289284,
        "Gross Profit": 225514,
        "Financial expenses": 36798,
        "Of which: Interest expense": 749,
        "Cost of sales": 89843,
        "Enterprise cost management": 36951,
        "Total Operating Expenses": 163592,
        "Total revenue financing activities": 2080,
        "Net profit from business activities": 64424,
        "Profit": -2821,
        "Profit before tax": 61602,
        "Present corporate income tax expenses": 16849,
        "Deferred income taxes expenses": -502,
        "The interests of minority shareholders": 2983,
        "Total Cost of profits": 19330,
        "Profit after tax corporate income": 42272,
        "Volume": 24673743,
        "Close of Quarter": 39.5,
        "EPS": 4214.3,
        "Non-adjusted EPS": 5900,
        "PE": 6.7,
        "Book Price": 25.2
      }
    },
    {
      "quarter": "Q3 2014",
      "income status": {
        "Net sales": 413365,
        "Cost of goods sold": 220394,
        "Gross Profit": 192971,
        "Financial expenses": 5761,
        "Of which: Interest expense": 778,
        "Cost of sales": 94032,
        "Enterprise cost management": 33172,
        "Total Operating Expenses": 132965,
        "Total revenue financing activities": 1492,
        "Net profit from business activities": 61517,
        "Profit": 520,
        "Profit before tax": 62036,
        "Present corporate income tax expenses": 11689,
        "Deferred income taxes expenses": 105,
        "The interests of minority shareholders": 7035,
        "Total Cost of profits": 18829,
        "Profit after tax corporate income": 43207,
        "Volume": 24673743,
        "Close of Quarter": 40.8,
        "EPS": 3835.8,
        "Non-adjusted EPS": 5370,
        "PE": 7.6,
        "Book Price": 23.9
      }
    },
    {
      "quarter": "Q2 2014",
      "income status": {
        "Net sales": 430030,
        "Cost of goods sold": 247178,
        "Gross Profit": 182852,
        "Financial expenses": 1292,
        "Of which: Interest expense": 987,
        "Cost of sales": 89110,
        "Enterprise cost management": 33840,
        "Total Operating Expenses": 124242,
        "Total revenue financing activities": 714,
        "Net profit from business activities": 59444,
        "Profit": 769,
        "Profit before tax": 60214,
        "Present corporate income tax expenses": 13487,
        "Deferred income taxes expenses": 537,
        "The interests of minority shareholders": 5187,
        "Total Cost of profits": 19211,
        "Profit after tax corporate income": 41003,
        "Volume": 24673743,
        "Close of Quarter": 41.6,
        "EPS": 3850.1,
        "Non-adjusted EPS": 5390,
        "PE": 7.7,
        "Book Price": 22.5
      }
    },
    {
      "quarter": "Q1 2014",
      "income status": {
        "Net sales": 290607,
        "Cost of goods sold": 178071,
        "Gross Profit": 112536,
        "Financial expenses": 1432,
        "Of which: Interest expense": 1400,
        "Cost of sales": 58671,
        "Enterprise cost management": 24347,
        "Total Operating Expenses": 84450,
        "Total revenue financing activities": 1463,
        "Net profit from business activities": 29577,
        "Profit": -2523,
        "Profit before tax": 27054,
        "Present corporate income tax expenses": 6099,
        "Deferred income taxes expenses": -467,
        "The interests of minority shareholders": 2340,
        "Total Cost of profits": 7972,
        "Profit after tax corporate income": 19083,
        "Volume": 24673743,
        "Close of Quarter": 47.0,
        "EPS": 3890.1,
        "Non-adjusted EPS": 5446,
        "PE": 8.6,
        "Book Price": 21.3
      }
    },
    {
      "quarter": "Q4 2013",
      "income status": {
        "Net sales": 405013,
        "Cost of goods sold": 229446,
        "Gross Profit": 175568,
        "Financial expenses": 3090,
        "Of which: Interest expense": 3085,
        "Cost of sales": 79811,
        "Enterprise cost management": 43248,
        "Total Operating Expenses": 126149,
        "Total revenue financing activities": 2645,
        "Net profit from business activities": 52063,
        "Profit": -337,
        "Profit before tax": 51795,
        "Present corporate income tax expenses": 16664,
        "Deferred income taxes expenses": 228,
        "The interests of minority shareholders": 5688,
        "Total Cost of profits": 22580,
        "Profit after tax corporate income": 29215,
        "Volume": 24673743,
        "Close of Quarter": 45.2,
        "EPS": 4320.8,
        "Non-adjusted EPS": 6049,
        "PE": 7.5,
        "Book Price": 19.8
      }
    },
    {
      "quarter": "Q3 2013",
      "income status": {
        "Net sales": 427092,
        "Cost of goods sold": 235245,
        "Gross Profit": 191847,
        "Financial expenses": 5054,
        "Of which: Interest expense": 4821,
        "Cost of sales": 94084,
        "Enterprise cost management": 32850,
        "Total Operating Expenses": 131988,
        "Total revenue financing activities": 1934,
        "Net profit from business activities": 61794,
        "Profit": 500,
        "Profit before tax": 62777,
        "Present corporate income tax expenses": 14639,
        "Deferred income taxes expenses": -160,
        "The interests of minority shareholders": 4613,
        "Total Cost of profits": 19092,
        "Profit after tax corporate income": 43685,
        "Volume": 12337134,
        "Close of Quarter": 39.3,
        "EPS": 4426.9,
        "Non-adjusted EPS": 12395,
        "PE": 3.2,
        "Book Price": 19.7
      }
    },
    {
      "quarter": "Q2 2013",
      "income status": {
        "Net sales": 414314,
        "Cost of goods sold": 231119,
        "Gross Profit": 183196,
        "Financial expenses": 7194,
        "Of which: Interest expense": 5926,
        "Cost of sales": 81427,
        "Enterprise cost management": 32281,
        "Total Operating Expenses": 120902,
        "Total revenue financing activities": 419,
        "Net profit from business activities": 62713,
        "Profit": 2992,
        "Profit before tax": 65735,
        "Present corporate income tax expenses": 16893,
        "Deferred income taxes expenses": -57,
        "The interests of minority shareholders": 6507,
        "Total Cost of profits": 23343,
        "Profit after tax corporate income": 42393,
        "Volume": 12337134,
        "Close of Quarter": 44.3,
        "EPS": 4220.5,
        "Non-adjusted EPS": 11817,
        "PE": 3.8,
        "Book Price": 14.9
      }
    },
    {
      "quarter": "Q1 2013",
      "income status": {
        "Net sales": 435944,
        "Cost of goods sold": 265421,
        "Gross Profit": 170523,
        "Financial expenses": 6789,
        "Of which: Interest expense": 6780,
        "Cost of sales": 86677,
        "Enterprise cost management": 27573,
        "Total Operating Expenses": 121039,
        "Total revenue financing activities": 620,
        "Net profit from business activities": 50104,
        "Profit": 321,
        "Profit before tax": 50438,
        "Present corporate income tax expenses": 11516,
        "Deferred income taxes expenses": -9,
        "The interests of minority shareholders": 4964,
        "Total Cost of profits": 16471,
        "Profit after tax corporate income": 33966,
        "Volume": 12337134,
        "Close of Quarter": 36.5,
        "EPS": 3787.6,
        "Non-adjusted EPS": 10605,
        "PE": 3.4,
        "Book Price": 13.7
      }
    },
    {
      "quarter": "Q4 2012",
      "income status": {
        "Net sales": 405881,
        "Cost of goods sold": 241379,
        "Gross Profit": 164502,
        "Financial expenses": 6837,
        "Of which: Interest expense": 6602,
        "Cost of sales": 74532,
        "Enterprise cost management": 34182,
        "Total Operating Expenses": 115551,
        "Total revenue financing activities": 562,
        "Net profit from business activities": 49514,
        "Profit": 5041,
        "Profit before tax": 53740,
        "Present corporate income tax expenses": 14367,
        "Deferred income taxes expenses": 122,
        "The interests of minority shareholders": 6376,
        "Total Cost of profits": 20865,
        "Profit after tax corporate income": 32875,
        "Volume": 12337134,
        "Close of Quarter": 24.4,
        "EPS": 3368.3,
        "Non-adjusted EPS": 9431,
        "PE": 2.6,
        "Book Price": 13.1
      }
    },
    {
      "quarter": "Q3 2012",
      "income status": {
        "Net sales": 351212,
        "Cost of goods sold": 199078,
        "Gross Profit": 152134,
        "Financial expenses": 7813,
        "Of which: Interest expense": 7813,
        "Cost of sales": 69598,
        "Enterprise cost management": 28482,
        "Total Operating Expenses": 105893,
        "Total revenue financing activities": 87,
        "Net profit from business activities": 46328,
        "Profit": 33,
        "Profit before tax": 46463,
        "Present corporate income tax expenses": 10016,
        "Deferred income taxes expenses": 16,
        "The interests of minority shareholders": -120,
        "Total Cost of profits": 9912,
        "Profit after tax corporate income": 36551,
        "Volume": 12337134,
        "Close of Quarter": 21.9,
        "EPS": 2974.7,
        "Non-adjusted EPS": 8329,
        "PE": 2.6,
        "Book Price": 12.9
      }
    },
    {
      "quarter": "Q2 2012",
      "income status": {
        "Net sales": 334789,
        "Cost of goods sold": 193697,
        "Gross Profit": 141091,
        "Financial expenses": 10594,
        "Of which: Interest expense": 10585,
        "Cost of sales": 63690,
        "Enterprise cost management": 24265,
        "Total Operating Expenses": 98549,
        "Total revenue financing activities": 974,
        "Net profit from business activities": 43516,
        "Profit": 248,
        "Profit before tax": 44473,
        "Present corporate income tax expenses": 13753,
        "Deferred income taxes expenses": 1560,
        "The interests of minority shareholders": 1720,
        "Total Cost of profits": 17033,
        "Profit after tax corporate income": 27440,
        "Volume": 12337134,
        "Close of Quarter": 19.2,
        "EPS": 2692.6,
        "Non-adjusted EPS": 7539,
        "PE": 2.6,
        "Book Price": 11.8
      }
    },
    {
      "quarter": "Q1 2012",
      "income status": {
        "Net sales": 308822,
        "Cost of goods sold": 187691,
        "Gross Profit": 121130,
        "Financial expenses": 9856,
        "Of which: Interest expense": 9657,
        "Cost of sales": 58170,
        "Enterprise cost management": 23674,
        "Total Operating Expenses": 91700,
        "Total revenue financing activities": 203,
        "Net profit from business activities": 29633,
        "Profit": -445,
        "Profit before tax": 29188,
        "Present corporate income tax expenses": 6904,
        "Deferred income taxes expenses": -1025,
        "The interests of minority shareholders": 3821,
        "Total Cost of profits": 9700,
        "Profit after tax corporate income": 19488,
        "Volume": 12337134,
        "Close of Quarter": 15.1,
        "EPS": 2631.2,
        "Non-adjusted EPS": 7367,
        "PE": 2.1,
        "Book Price": 10.9
      }
    },
    {
      "quarter": "Q4 2011",
      "income status": {
        "Net sales": 297092,
        "Cost of goods sold": 174814,
        "Gross Profit": 122278,
        "Financial expenses": 10001,
        "Of which: Interest expense": 7719,
        "Cost of sales": 57734,
        "Enterprise cost management": 29913,
        "Total Operating Expenses": 97648,
        "Total revenue financing activities": 3236,
        "Net profit from business activities": 27866,
        "Profit": -1262,
        "Profit before tax": 26604,
        "Present corporate income tax expenses": 6682,
        "Deferred income taxes expenses": -1368,
        "The interests of minority shareholders": 2011,
        "Total Cost of profits": 7325,
        "Profit after tax corporate income": 19279,
        "Volume": 12337134,
        "Close of Quarter": 9.7,
        "EPS": 2570.1,
        "Non-adjusted EPS": 7196,
        "PE": 1.4,
        "Book Price": 11.6
      }
    },
    {
      "quarter": "Q3 2011",
      "income status": {
        "Net sales": 250393,
        "Cost of goods sold": 147026,
        "Gross Profit": 103366,
        "Financial expenses": 4934,
        "Of which: Interest expense": 491,
        "Cost of sales": 46261,
        "Enterprise cost management": 14734,
        "Total Operating Expenses": 65929,
        "Total revenue financing activities": 2470,
        "Net profit from business activities": 39907,
        "Profit": -51,
        "Profit before tax": 39856,
        "Present corporate income tax expenses": 12957,
        "Deferred income taxes expenses": 95,
        "The interests of minority shareholders": "N/A",
        "Total Cost of profits": 13052,
        "Profit after tax corporate income": 26804,
        "Volume": 12337134,
        "Close of Quarter": 10.7,
        "EPS": 2460.4,
        "Non-adjusted EPS": 6889,
        "PE": 1.6,
        "Book Price": 11.0
      }
    },
    {
      "quarter": "Q2 2011",
      "income status": {
        "Net sales": 308979,
        "Cost of goods sold": 202685,
        "Gross Profit": 106294,
        "Financial expenses": 6192,
        "Of which: Interest expense": 5303,
        "Cost of sales": 49546,
        "Enterprise cost management": 16488,
        "Total Operating Expenses": 72226,
        "Total revenue financing activities": 573,
        "Net profit from business activities": 34641,
        "Profit": 229,
        "Profit before tax": 34870,
        "Present corporate income tax expenses": 9635,
        "Deferred income taxes expenses": -84,
        "The interests of minority shareholders": "N/A",
        "Total Cost of profits": 9551,
        "Profit after tax corporate income": 25319,
        "Volume": 12339824,
        "Close of Quarter": 9.9,
        "EPS": 2229.1,
        "Non-adjusted EPS": 6240,
        "PE": 1.6,
        "Book Price": 10.2
      }
    },
    {
      "quarter": "Q1 2011",
      "income status": {
        "Net sales": 206329,
        "Cost of goods sold": 139141,
        "Gross Profit": 67189,
        "Financial expenses": 6207,
        "Of which: Interest expense": 3792,
        "Cost of sales": 28429,
        "Enterprise cost management": 11333,
        "Total Operating Expenses": 45969,
        "Total revenue financing activities": 1647,
        "Net profit from business activities": 22866,
        "Profit": 141,
        "Profit before tax": 23007,
        "Present corporate income tax expenses": 5582,
        "Deferred income taxes expenses": 43,
        "The interests of minority shareholders": "N/A",
        "Total Cost of profits": 5625,
        "Profit after tax corporate income": 17382,
        "Volume": 12339824,
        "Close of Quarter": 12.3,
        "EPS": 1973.4,
        "Non-adjusted EPS": 5524,
        "PE": 2.2,
        "Book Price": 9.5
      }
    },
    {
      "quarter": "Q4 2010",
      "income status": {
        "Net sales": 247960,
        "Cost of goods sold": 187810,
        "Gross Profit": 60150,
        "Financial expenses": 3229,
        "Of which: Interest expense": 2901,
        "Cost of sales": 26195,
        "Enterprise cost management": 13153,
        "Total Operating Expenses": 42577,
        "Total revenue financing activities": 3097,
        "Net profit from business activities": 20670,
        "Profit": 50,
        "Profit before tax": 20720,
        "Present corporate income tax expenses": 5202,
        "Deferred income taxes expenses": 32,
        "The interests of minority shareholders": "N/A",
        "Total Cost of profits": 5234,
        "Profit after tax corporate income": 15485,
        "Volume": 12237729,
        "Close of Quarter": 13.3,
        "EPS": 1925.5,
        "Non-adjusted EPS": 5435,
        "PE": 2.5,
        "Book Price": 10.1
      }
    },
    {
      "quarter": "Q3 2010",
      "income status": {
        "Net sales": 219357,
        "Cost of goods sold": 145887,
        "Gross Profit": 73471,
        "Financial expenses": 2635,
        "Of which: Interest expense": 2494,
        "Cost of sales": 35187,
        "Enterprise cost management": 11235,
        "Total Operating Expenses": 49057,
        "Total revenue financing activities": 526,
        "Net profit from business activities": 24940,
        "Profit": 141,
        "Profit before tax": 25081,
        "Present corporate income tax expenses": 6298,
        "Deferred income taxes expenses": -36,
        "The interests of minority shareholders": "N/A",
        "Total Cost of profits": 6262,
        "Profit after tax corporate income": 18819,
        "Volume": 12237729,
        "Close of Quarter": 10.9,
        "EPS": 1758.3,
        "Non-adjusted EPS": 4963,
        "PE": 2.2,
        "Book Price": 9.6
      }
    },
    {
      "quarter": "Q2 2010",
      "income status": {
        "Net sales": 185491,
        "Cost of goods sold": 116979,
        "Gross Profit": 68512,
        "Financial expenses": 3066,
        "Of which: Interest expense": 2773,
        "Cost of sales": 27388,
        "Enterprise cost management": 13415,
        "Total Operating Expenses": 43869,
        "Total revenue financing activities": 423,
        "Net profit from business activities": 25066,
        "Profit": 2,
        "Profit before tax": 25067,
        "Present corporate income tax expenses": 8410,
        "Deferred income taxes expenses": 176,
        "The interests of minority shareholders": "N/A",
        "Total Cost of profits": 8586,
        "Profit after tax corporate income": 16481,
        "Volume": 10198150,
        "Close of Quarter": 10.9,
        "EPS": 1650.6,
        "Non-adjusted EPS": 5591,
        "PE": 1.9,
        "Book Price": 9.1
      }
    },
    {
      "quarter": "Q1 2010",
      "income status": {
        "Net sales": 207708,
        "Cost of goods sold": 145043,
        "Gross Profit": 62665,
        "Financial expenses": 2679,
        "Of which: Interest expense": 1732,
        "Cost of sales": 29550,
        "Enterprise cost management": 9800,
        "Total Operating Expenses": 42029,
        "Total revenue financing activities": 240,
        "Net profit from business activities": 20876,
        "Profit": -1,
        "Profit before tax": 20875,
        "Present corporate income tax expenses": 5230,
        "Deferred income taxes expenses": -84,
        "The interests of minority shareholders": "N/A",
        "Total Cost of profits": 5146,
        "Profit after tax corporate income": 15730,
        "Volume": 10198150,
        "Close of Quarter": 10.9,
        "EPS": 1578.6,
        "Non-adjusted EPS": 5347,
        "PE": 2.0,
        "Book Price": 7.9
      }
    },
    {
      "quarter": "Q4 2009",
      "income status": {
        "Net sales": 209737,
        "Cost of goods sold": 143141,
        "Gross Profit": 66595,
        "Financial expenses": 2971,
        "Of which: Interest expense": 1468,
        "Cost of sales": 31620,
        "Enterprise cost management": 14331,
        "Total Operating Expenses": 48922,
        "Total revenue financing activities": 841,
        "Net profit from business activities": 18514,
        "Profit": -4334,
        "Profit before tax": 14181,
        "Present corporate income tax expenses": 4595,
        "Deferred income taxes expenses": -117,
        "The interests of minority shareholders": "N/A",
        "Total Cost of profits": 4478,
        "Profit after tax corporate income": 9703,
        "Volume": 10198150,
        "Close of Quarter": 13,
        "EPS": 1464.4,
        "Non-adjusted EPS": 4960,
        "PE": 2.6,
        "Book Price": 7.7
      }
    },
    {
      "quarter": "Q3 2009",
      "income status": {
        "Net sales": 191782,
        "Cost of goods sold": 138529,
        "Gross Profit": 53254,
        "Financial expenses": 1219,
        "Of which: Interest expense": 1219,
        "Cost of sales": 23810,
        "Enterprise cost management": 8050,
        "Total Operating Expenses": 33079,
        "Total revenue financing activities": 641,
        "Net profit from business activities": 20815,
        "Profit": -630,
        "Profit before tax": 20185,
        "Present corporate income tax expenses": 5082,
        "Deferred income taxes expenses": "N/A",
        "The interests of minority shareholders": "N/A",
        "Total Cost of profits": 5082,
        "Profit after tax corporate income": 15102,
        "Volume": 8126040,
        "Close of Quarter": 13.2,
        "EPS": 1515.5,
        "Non-adjusted EPS": 6442,
        "PE": 2.0,
        "Book Price": 8.5
      }
    },
    {
      "quarter": "Q2 2009",
      "income status": {
        "Net sales": 170766,
        "Cost of goods sold": 118558,
        "Gross Profit": 52208,
        "Financial expenses": 1333,
        "Of which: Interest expense": 971,
        "Cost of sales": 25450,
        "Enterprise cost management": 8114,
        "Total Operating Expenses": 34897,
        "Total revenue financing activities": 1320,
        "Net profit from business activities": 18631,
        "Profit": 28,
        "Profit before tax": 18659,
        "Present corporate income tax expenses": 4665,
        "Deferred income taxes expenses": "N/A",
        "The interests of minority shareholders": "N/A",
        "Total Cost of profits": 4665,
        "Profit after tax corporate income": 13994,
        "Volume": 8126040,
        "Close of Quarter": 10.4,
        "EPS": 1440.4,
        "Non-adjusted EPS": 6123,
        "PE": 1.7,
        "Book Price": 8.1
      }
    },
    {
      "quarter": "Q1 2009",
      "income status": {
        "Net sales": 174756,
        "Cost of goods sold": 132040,
        "Gross Profit": 42716,
        "Financial expenses": 1271,
        "Of which: Interest expense": 859,
        "Cost of sales": 16896,
        "Enterprise cost management": 10139,
        "Total Operating Expenses": 28306,
        "Total revenue financing activities": 1299,
        "Net profit from business activities": 15710,
        "Profit": "N/A",
        "Profit before tax": 15710,
        "Present corporate income tax expenses": 3927,
        "Deferred income taxes expenses": "N/A",
        "The interests of minority shareholders": "N/A",
        "Total Cost of profits": 3927,
        "Profit after tax corporate income": 11782,
        "Volume": 8000000,
        "Close of Quarter": 6.5,
        "EPS": 1371.8,
        "Non-adjusted EPS": 5923,
        "PE": 1.1,
        "Book Price": 7.7
      }
    },
    {
      "quarter": "Q4 2008",
      "income status": {
        "Net sales": 207032,
        "Cost of goods sold": 166280,
        "Gross Profit": 40751,
        "Financial expenses": 930,
        "Of which: Interest expense": 663,
        "Cost of sales": 17018,
        "Enterprise cost management": 6778,
        "Total Operating Expenses": 24726,
        "Total revenue financing activities": 1231,
        "Net profit from business activities": 17258,
        "Profit": 31,
        "Profit before tax": 17289,
        "Present corporate income tax expenses": 5823,
        "Deferred income taxes expenses": "N/A",
        "The interests of minority shareholders": "N/A",
        "Total Cost of profits": 5823,
        "Profit after tax corporate income": 11466,
        "Volume": 8000000,
        "Close of Quarter": 6.9,
        "EPS": 1030.6,
        "Non-adjusted EPS": 4450,
        "PE": 1.6,
        "Book Price": 7.5
      }
    },
    {
      "quarter": "Q3 2008",
      "income status": {
        "Net sales": 185838,
        "Cost of goods sold": 145442,
        "Gross Profit": 40396,
        "Financial expenses": 1018,
        "Of which: Interest expense": 1009,
        "Cost of sales": 15566,
        "Enterprise cost management": 9645,
        "Total Operating Expenses": 26229,
        "Total revenue financing activities": 1204,
        "Net profit from business activities": 15371,
        "Profit": -293,
        "Profit before tax": 15078,
        "Present corporate income tax expenses": 4222,
        "Deferred income taxes expenses": -1656,
        "The interests of minority shareholders": "N/A",
        "Total Cost of profits": 2566,
        "Profit after tax corporate income": 12512,
        "Volume": 8000000,
        "Close of Quarter": "N/A",
        "EPS": 698.7,
        "Non-adjusted EPS": 3017,
        "PE": "N/A",
        "Book Price": 7.6
      }
    },
    {
      "quarter": "Q2 2008",
      "income status": {
        "Net sales": 212294,
        "Cost of goods sold": 175165,
        "Gross Profit": 37129,
        "Financial expenses": 1712,
        "Of which: Interest expense": 1712,
        "Cost of sales": 16126,
        "Enterprise cost management": 9314,
        "Total Operating Expenses": 27152,
        "Total revenue financing activities": 1958,
        "Net profit from business activities": 11936,
        "Profit": 128,
        "Profit before tax": 12063,
        "Present corporate income tax expenses": 442,
        "Deferred income taxes expenses": "N/A",
        "The interests of minority shareholders": "N/A",
        "Total Cost of profits": 442,
        "Profit after tax corporate income": 11622,
        "Volume": 8000000,
        "Close of Quarter": "N/A",
        "EPS": 336.5,
        "Non-adjusted EPS": 1453,
        "PE": "N/A",
        "Book Price": 7.4
      }
    }
  ]
}