{
  "ticker": "DAG",
  "data": [
    {
      "quarter": "Q1 2017",
      "income status": {
        "Net sales": 354203,
        "Cost of goods sold": 324662,
        "Gross Profit": 29540,
        "Financial expenses": 7219,
        "Of which: Interest expense": 6818,
        "Cost of sales": 3305,
        "Enterprise cost management": 4965,
        "Total Operating Expenses": 15489,
        "Total revenue financing activities": 195,
        "Net profit from business activities": 14245,
        "Profit": 474,
        "Profit before tax": 14719,
        "Present corporate income tax expenses": 1646,
        "Deferred income taxes expenses": "N/A",
        "The interests of minority shareholders": "N/A",
        "Total Cost of profits": 1646,
        "Profit after tax corporate income": 13073,
        "Volume": 41884489,
        "Close of Quarter": 13.2,
        "EPS": 1344,
        "Non-adjusted EPS": 1344,
        "PE": 9.8,
        "Book Price": 12.2
      }
    },
    {
      "quarter": "Q4 2016",
      "income status": {
        "Net sales": 372858,
        "Cost of goods sold": 340050,
        "Gross Profit": 32808,
        "Financial expenses": 9835,
        "Of which: Interest expense": 9835,
        "Cost of sales": 3396,
        "Enterprise cost management": 8491,
        "Total Operating Expenses": 21722,
        "Total revenue financing activities": 68,
        "Net profit from business activities": 11154,
        "Profit": 744,
        "Profit before tax": 11898,
        "Present corporate income tax expenses": 931,
        "Deferred income taxes expenses": "N/A",
        "The interests of minority shareholders": "N/A",
        "Total Cost of profits": 931,
        "Profit after tax corporate income": 10967,
        "Volume": 39890000,
        "Close of Quarter": 14.4,
        "EPS": 1295.2,
        "Non-adjusted EPS": 1360,
        "PE": 10.6,
        "Book Price": 11.9
      }
    },
    {
      "quarter": "Q3 2016",
      "income status": {
        "Net sales": 350933,
        "Cost of goods sold": 320620,
        "Gross Profit": 30313,
        "Financial expenses": 8322,
        "Of which: Interest expense": 7835,
        "Cost of sales": 2932,
        "Enterprise cost management": 4858,
        "Total Operating Expenses": 16112,
        "Total revenue financing activities": 394,
        "Net profit from business activities": 14595,
        "Profit": 388,
        "Profit before tax": 14983,
        "Present corporate income tax expenses": 1294,
        "Deferred income taxes expenses": "N/A",
        "The interests of minority shareholders": "N/A",
        "Total Cost of profits": 1294,
        "Profit after tax corporate income": 13690,
        "Volume": 39890000,
        "Close of Quarter": 15.0,
        "EPS": 1220,
        "Non-adjusted EPS": 1281,
        "PE": 11.7,
        "Book Price": 11.6
      }
    },
    {
      "quarter": "Q2 2016",
      "income status": {
        "Net sales": 387264,
        "Cost of goods sold": 352563,
        "Gross Profit": 34701,
        "Financial expenses": 6314,
        "Of which: Interest expense": 6178,
        "Cost of sales": 3343,
        "Enterprise cost management": 4748,
        "Total Operating Expenses": 14405,
        "Total revenue financing activities": 603,
        "Net profit from business activities": 20899,
        "Profit": -401,
        "Profit before tax": 20499,
        "Present corporate income tax expenses": 2029,
        "Deferred income taxes expenses": -92,
        "The interests of minority shareholders": "N/A",
        "Total Cost of profits": 1937,
        "Profit after tax corporate income": 18562,
        "Volume": 39890000,
        "Close of Quarter": 11.5,
        "EPS": 1181.9,
        "Non-adjusted EPS": 1241,
        "PE": 9.3,
        "Book Price": 11.3
      }
    },
    {
      "quarter": "Q1 2016",
      "income status": {
        "Net sales": 294449,
        "Cost of goods sold": 268680,
        "Gross Profit": 25768,
        "Financial expenses": 6178,
        "Of which: Interest expense": 6136,
        "Cost of sales": 2966,
        "Enterprise cost management": 4560,
        "Total Operating Expenses": 13704,
        "Total revenue financing activities": 24,
        "Net profit from business activities": 12087,
        "Profit": -100,
        "Profit before tax": 11987,
        "Present corporate income tax expenses": 968,
        "Deferred income taxes expenses": "N/A",
        "The interests of minority shareholders": "N/A",
        "Total Cost of profits": 968,
        "Profit after tax corporate income": 11019,
        "Volume": 39890000,
        "Close of Quarter": 11.9,
        "EPS": 1009.5,
        "Non-adjusted EPS": 1060,
        "PE": 11.2,
        "Book Price": 11.4
      }
    },
    {
      "quarter": "Q4 2015",
      "income status": {
        "Net sales": 281060,
        "Cost of goods sold": 256089,
        "Gross Profit": 24972,
        "Financial expenses": 6951,
        "Of which: Interest expense": 6509,
        "Cost of sales": 3366,
        "Enterprise cost management": 5916,
        "Total Operating Expenses": 16233,
        "Total revenue financing activities": 1253,
        "Net profit from business activities": 9990,
        "Profit": -1437,
        "Profit before tax": 8553,
        "Present corporate income tax expenses": 716,
        "Deferred income taxes expenses": "N/A",
        "The interests of minority shareholders": "N/A",
        "Total Cost of profits": 716,
        "Profit after tax corporate income": 7837,
        "Volume": 39890000,
        "Close of Quarter": 10.7,
        "EPS": 961.9,
        "Non-adjusted EPS": 1010,
        "PE": 10.6,
        "Book Price": 11.1
      }
    },
    {
      "quarter": "Q3 2015",
      "income status": {
        "Net sales": 353285,
        "Cost of goods sold": 324733,
        "Gross Profit": 28551,
        "Financial expenses": 7498,
        "Of which: Interest expense": 7202,
        "Cost of sales": 3127,
        "Enterprise cost management": 4846,
        "Total Operating Expenses": 15471,
        "Total revenue financing activities": 42,
        "Net profit from business activities": 13122,
        "Profit": 57,
        "Profit before tax": 13178,
        "Present corporate income tax expenses": 1076,
        "Deferred income taxes expenses": "N/A",
        "The interests of minority shareholders": "N/A",
        "Total Cost of profits": 1076,
        "Profit after tax corporate income": 12102,
        "Volume": 19000000,
        "Close of Quarter": 12.0,
        "EPS": 957.6,
        "Non-adjusted EPS": 2111,
        "PE": 5.7,
        "Book Price": 10.9
      }
    },
    {
      "quarter": "Q2 2015",
      "income status": {
        "Net sales": 347073,
        "Cost of goods sold": 319999,
        "Gross Profit": 27074,
        "Financial expenses": 7936,
        "Of which: Interest expense": 7538,
        "Cost of sales": 2293,
        "Enterprise cost management": 4608,
        "Total Operating Expenses": 14837,
        "Total revenue financing activities": 31,
        "Net profit from business activities": 12269,
        "Profit": -11,
        "Profit before tax": 12258,
        "Present corporate income tax expenses": 951,
        "Deferred income taxes expenses": "N/A",
        "The interests of minority shareholders": "N/A",
        "Total Cost of profits": 951,
        "Profit after tax corporate income": 11308,
        "Volume": 19000000,
        "Close of Quarter": 12.6,
        "EPS": 856.9,
        "Non-adjusted EPS": 1889,
        "PE": 6.7,
        "Book Price": 6.1
      }
    },
    {
      "quarter": "Q1 2015",
      "income status": {
        "Net sales": 272662,
        "Cost of goods sold": 249588,
        "Gross Profit": 23074,
        "Financial expenses": 6477,
        "Of which: Interest expense": 6469,
        "Cost of sales": 3046,
        "Enterprise cost management": 3986,
        "Total Operating Expenses": 13509,
        "Total revenue financing activities": 21,
        "Net profit from business activities": 9586,
        "Profit": 208,
        "Profit before tax": 9794,
        "Present corporate income tax expenses": 754,
        "Deferred income taxes expenses": "N/A",
        "The interests of minority shareholders": "N/A",
        "Total Cost of profits": 754,
        "Profit after tax corporate income": 9040,
        "Volume": 13750000,
        "Close of Quarter": 8.7,
        "EPS": 807.9,
        "Non-adjusted EPS": 2461,
        "PE": 3.5,
        "Book Price": 4.7
      }
    },
    {
      "quarter": "Q4 2014",
      "income status": {
        "Net sales": 293564,
        "Cost of goods sold": 298223,
        "Gross Profit": -4659,
        "Financial expenses": 6441,
        "Of which: Interest expense": 6331,
        "Cost of sales": -1301,
        "Enterprise cost management": 7652,
        "Total Operating Expenses": 12792,
        "Total revenue financing activities": 23254,
        "Net profit from business activities": 5803,
        "Profit": 2488,
        "Profit before tax": 8290,
        "Present corporate income tax expenses": 662,
        "Deferred income taxes expenses": -27,
        "The interests of minority shareholders": "N/A",
        "Total Cost of profits": 635,
        "Profit after tax corporate income": 7655,
        "Volume": 13750000,
        "Close of Quarter": 8.3,
        "EPS": 701.5,
        "Non-adjusted EPS": 2137,
        "PE": 3.9,
        "Book Price": 4.7
      }
    },
    {
      "quarter": "Q3 2014",
      "income status": {
        "Net sales": 277911,
        "Cost of goods sold": 253766,
        "Gross Profit": 24145,
        "Financial expenses": 7981,
        "Of which: Interest expense": 7843,
        "Cost of sales": 3641,
        "Enterprise cost management": 3981,
        "Total Operating Expenses": 15603,
        "Total revenue financing activities": 3,
        "Net profit from business activities": 8544,
        "Profit": 191,
        "Profit before tax": 8734,
        "Present corporate income tax expenses": 841,
        "Deferred income taxes expenses": "N/A",
        "The interests of minority shareholders": "N/A",
        "Total Cost of profits": 841,
        "Profit after tax corporate income": 7893,
        "Volume": 13750000,
        "Close of Quarter": 7.8,
        "EPS": 657.6,
        "Non-adjusted EPS": 2003,
        "PE": 3.9,
        "Book Price": 4.5
      }
    },
    {
      "quarter": "Q2 2014",
      "income status": {
        "Net sales": 280906,
        "Cost of goods sold": 254240,
        "Gross Profit": 26666,
        "Financial expenses": 6952,
        "Of which: Interest expense": 6918,
        "Cost of sales": 2110,
        "Enterprise cost management": 6235,
        "Total Operating Expenses": 15297,
        "Total revenue financing activities": 153,
        "Net profit from business activities": 11523,
        "Profit": -1392,
        "Profit before tax": 10131,
        "Present corporate income tax expenses": 854,
        "Deferred income taxes expenses": 27,
        "The interests of minority shareholders": "N/A",
        "Total Cost of profits": 881,
        "Profit after tax corporate income": 9251,
        "Volume": 13750000,
        "Close of Quarter": 6.9,
        "EPS": 680.5,
        "Non-adjusted EPS": 2073,
        "PE": 3.3,
        "Book Price": 4.5
      }
    },
    {
      "quarter": "Q1 2014",
      "income status": {
        "Net sales": 242755,
        "Cost of goods sold": 221351,
        "Gross Profit": 21404,
        "Financial expenses": 8980,
        "Of which: Interest expense": 8925,
        "Cost of sales": 3843,
        "Enterprise cost management": 3549,
        "Total Operating Expenses": 16372,
        "Total revenue financing activities": 3,
        "Net profit from business activities": 5035,
        "Profit": 198,
        "Profit before tax": 5233,
        "Present corporate income tax expenses": 649,
        "Deferred income taxes expenses": "N/A",
        "The interests of minority shareholders": "N/A",
        "Total Cost of profits": 649,
        "Profit after tax corporate income": 4584,
        "Volume": 13750000,
        "Close of Quarter": 8.8,
        "EPS": 640.2,
        "Non-adjusted EPS": 1950,
        "PE": 4.5,
        "Book Price": 4.4
      }
    },
    {
      "quarter": "Q4 2013",
      "income status": {
        "Net sales": 283279,
        "Cost of goods sold": 261421,
        "Gross Profit": 21857,
        "Financial expenses": 8451,
        "Of which: Interest expense": 8322,
        "Cost of sales": 3443,
        "Enterprise cost management": 4156,
        "Total Operating Expenses": 16050,
        "Total revenue financing activities": 14,
        "Net profit from business activities": 5820,
        "Profit": 19,
        "Profit before tax": 5839,
        "Present corporate income tax expenses": 29,
        "Deferred income taxes expenses": "N/A",
        "The interests of minority shareholders": "N/A",
        "Total Cost of profits": 29,
        "Profit after tax corporate income": 5810,
        "Volume": 13750000,
        "Close of Quarter": 7.8,
        "EPS": 677.6,
        "Non-adjusted EPS": 2064,
        "PE": 3.8,
        "Book Price": 4.4
      }
    },
    {
      "quarter": "Q3 2013",
      "income status": {
        "Net sales": 256720,
        "Cost of goods sold": 230244,
        "Gross Profit": 26476,
        "Financial expenses": 8244,
        "Of which: Interest expense": 8203,
        "Cost of sales": 3862,
        "Enterprise cost management": 3969,
        "Total Operating Expenses": 16075,
        "Total revenue financing activities": 5,
        "Net profit from business activities": 10406,
        "Profit": 390,
        "Profit before tax": 10796,
        "Present corporate income tax expenses": 1943,
        "Deferred income taxes expenses": "N/A",
        "The interests of minority shareholders": "N/A",
        "Total Cost of profits": 1943,
        "Profit after tax corporate income": 8852,
        "Volume": 13750000,
        "Close of Quarter": 5.6,
        "EPS": 672,
        "Non-adjusted EPS": 2047,
        "PE": 2.7,
        "Book Price": 4.7
      }
    },
    {
      "quarter": "Q2 2013",
      "income status": {
        "Net sales": 236267,
        "Cost of goods sold": 210260,
        "Gross Profit": 26007,
        "Financial expenses": 9184,
        "Of which: Interest expense": 8950,
        "Cost of sales": 3456,
        "Enterprise cost management": 4342,
        "Total Operating Expenses": 16982,
        "Total revenue financing activities": 9,
        "Net profit from business activities": 9033,
        "Profit": -310,
        "Profit before tax": 8723,
        "Present corporate income tax expenses": 1106,
        "Deferred income taxes expenses": 47,
        "The interests of minority shareholders": "N/A",
        "Total Cost of profits": 1153,
        "Profit after tax corporate income": 7570,
        "Volume": 13750000,
        "Close of Quarter": 6.6,
        "EPS": 662.5,
        "Non-adjusted EPS": 2018,
        "PE": 3.3,
        "Book Price": 4.5
      }
    },
    {
      "quarter": "Q1 2013",
      "income status": {
        "Net sales": 216037,
        "Cost of goods sold": 193789,
        "Gross Profit": 22248,
        "Financial expenses": 8100,
        "Of which: Interest expense": 8094,
        "Cost of sales": 3747,
        "Enterprise cost management": 3436,
        "Total Operating Expenses": 15283,
        "Total revenue financing activities": 17,
        "Net profit from business activities": 6982,
        "Profit": 394,
        "Profit before tax": 7375,
        "Present corporate income tax expenses": 1222,
        "Deferred income taxes expenses": "N/A",
        "The interests of minority shareholders": "N/A",
        "Total Cost of profits": 1222,
        "Profit after tax corporate income": 6153,
        "Volume": 13750000,
        "Close of Quarter": 7.1,
        "EPS": 635.2,
        "Non-adjusted EPS": 1935,
        "PE": 3.7,
        "Book Price": 4.3
      }
    },
    {
      "quarter": "Q4 2012",
      "income status": {
        "Net sales": 231823,
        "Cost of goods sold": 210815,
        "Gross Profit": 21008,
        "Financial expenses": 9027,
        "Of which: Interest expense": 9025,
        "Cost of sales": 4097,
        "Enterprise cost management": 2164,
        "Total Operating Expenses": 15288,
        "Total revenue financing activities": 12,
        "Net profit from business activities": 5733,
        "Profit": 54,
        "Profit before tax": 5786,
        "Present corporate income tax expenses": 212,
        "Deferred income taxes expenses": "N/A",
        "The interests of minority shareholders": "N/A",
        "Total Cost of profits": 212,
        "Profit after tax corporate income": 5574,
        "Volume": 13750000,
        "Close of Quarter": 5.8,
        "EPS": 573.2,
        "Non-adjusted EPS": 1746,
        "PE": 3.3,
        "Book Price": 4.1
      }
    },
    {
      "quarter": "Q3 2012",
      "income status": {
        "Net sales": 236477,
        "Cost of goods sold": 206383,
        "Gross Profit": 30094,
        "Financial expenses": 9376,
        "Of which: Interest expense": 9372,
        "Cost of sales": 5085,
        "Enterprise cost management": 4527,
        "Total Operating Expenses": 18988,
        "Total revenue financing activities": 8,
        "Net profit from business activities": 11115,
        "Profit": 79,
        "Profit before tax": 11194,
        "Present corporate income tax expenses": 2738,
        "Deferred income taxes expenses": "N/A",
        "The interests of minority shareholders": "N/A",
        "Total Cost of profits": 2738,
        "Profit after tax corporate income": 8456,
        "Volume": 12500000,
        "Close of Quarter": 6.8,
        "EPS": 582.9,
        "Non-adjusted EPS": 1953,
        "PE": 3.5,
        "Book Price": 4.0
      }
    },
    {
      "quarter": "Q2 2012",
      "income status": {
        "Net sales": 329407,
        "Cost of goods sold": 301859,
        "Gross Profit": 27548,
        "Financial expenses": 11127,
        "Of which: Interest expense": 11015,
        "Cost of sales": 5604,
        "Enterprise cost management": 3465,
        "Total Operating Expenses": 20196,
        "Total revenue financing activities": 34,
        "Net profit from business activities": 7386,
        "Profit": 94,
        "Profit before tax": 7480,
        "Present corporate income tax expenses": 1062,
        "Deferred income taxes expenses": "N/A",
        "The interests of minority shareholders": "N/A",
        "Total Cost of profits": 1062,
        "Profit after tax corporate income": 6418,
        "Volume": 12500000,
        "Close of Quarter": 6.5,
        "EPS": 416.9,
        "Non-adjusted EPS": 1397,
        "PE": 4.6,
        "Book Price": 3.8
      }
    },
    {
      "quarter": "Q1 2012",
      "income status": {
        "Net sales": 111196,
        "Cost of goods sold": 88555,
        "Gross Profit": 22641,
        "Financial expenses": 11269,
        "Of which: Interest expense": 11213,
        "Cost of sales": 3541,
        "Enterprise cost management": 3916,
        "Total Operating Expenses": 18726,
        "Total revenue financing activities": 26,
        "Net profit from business activities": 3942,
        "Profit": 185,
        "Profit before tax": 4127,
        "Present corporate income tax expenses": 562,
        "Deferred income taxes expenses": "N/A",
        "The interests of minority shareholders": "N/A",
        "Total Cost of profits": 562,
        "Profit after tax corporate income": 3565,
        "Volume": 12500000,
        "Close of Quarter": 3.2,
        "EPS": 212.2,
        "Non-adjusted EPS": 711,
        "PE": 4.5,
        "Book Price": 3.7
      }
    },
    {
      "quarter": "Q4 2011",
      "income status": {
        "Net sales": 260497,
        "Cost of goods sold": 231852,
        "Gross Profit": 28644,
        "Financial expenses": 10810,
        "Of which: Interest expense": 10670,
        "Cost of sales": 6776,
        "Enterprise cost management": 5857,
        "Total Operating Expenses": 23443,
        "Total revenue financing activities": 18,
        "Net profit from business activities": 5220,
        "Profit": 1533,
        "Profit before tax": 6753,
        "Present corporate income tax expenses": 776,
        "Deferred income taxes expenses": "N/A",
        "The interests of minority shareholders": "N/A",
        "Total Cost of profits": 776,
        "Profit after tax corporate income": 5977,
        "Volume": 12500000,
        "Close of Quarter": 2.4,
        "EPS": 184.1,
        "Non-adjusted EPS": 617,
        "PE": 3.9,
        "Book Price": 3.6
      }
    },
    {
      "quarter": "Q3 2011",
      "income status": {
        "Net sales": 152654,
        "Cost of goods sold": 132951,
        "Gross Profit": 19704,
        "Financial expenses": 10353,
        "Of which: Interest expense": 10114,
        "Cost of sales": 4063,
        "Enterprise cost management": 4121,
        "Total Operating Expenses": 18537,
        "Total revenue financing activities": 13,
        "Net profit from business activities": 1181,
        "Profit": 325,
        "Profit before tax": 1505,
        "Present corporate income tax expenses": "N/A",
        "Deferred income taxes expenses": "N/A",
        "The interests of minority shareholders": "N/A",
        "Total Cost of profits": 0,
        "Profit after tax corporate income": 1505,
        "Volume": 12500000,
        "Close of Quarter": 3.1,
        "EPS": 72.8,
        "Non-adjusted EPS": 244,
        "PE": 12.9,
        "Book Price": 3.4
      }
    },
    {
      "quarter": "Q2 2011",
      "income status": {
        "Net sales": 127434,
        "Cost of goods sold": 106748,
        "Gross Profit": 20685,
        "Financial expenses": 11560,
        "Of which: Interest expense": 10465,
        "Cost of sales": 5998,
        "Enterprise cost management": 5271,
        "Total Operating Expenses": 22829,
        "Total revenue financing activities": 13,
        "Net profit from business activities": -2131,
        "Profit": -26,
        "Profit before tax": -2157,
        "Present corporate income tax expenses": "N/A",
        "Deferred income taxes expenses": "N/A",
        "The interests of minority shareholders": "N/A",
        "Total Cost of profits": 0,
        "Profit after tax corporate income": -2157,
        "Volume": 10000000,
        "Close of Quarter": 6.6,
        "EPS": 192.2,
        "Non-adjusted EPS": 805,
        "PE": 8.2,
        "Book Price": 3.3
      }
    },
    {
      "quarter": "Q1 2011",
      "income status": {
        "Net sales": 80308,
        "Cost of goods sold": 67732,
        "Gross Profit": 12576,
        "Financial expenses": 4041,
        "Of which: Interest expense": 2908,
        "Cost of sales": 3445,
        "Enterprise cost management": 2710,
        "Total Operating Expenses": 10196,
        "Total revenue financing activities": 74,
        "Net profit from business activities": 2454,
        "Profit": 56,
        "Profit before tax": 2509,
        "Present corporate income tax expenses": 128,
        "Deferred income taxes expenses": "N/A",
        "The interests of minority shareholders": "N/A",
        "Total Cost of profits": 128,
        "Profit after tax corporate income": 2382,
        "Volume": 10000000,
        "Close of Quarter": 7.7,
        "EPS": 461.3,
        "Non-adjusted EPS": 1932,
        "PE": 4.0,
        "Book Price": 3.4
      }
    },
    {
      "quarter": "Q4 2010",
      "income status": {
        "Net sales": 95518,
        "Cost of goods sold": 79522,
        "Gross Profit": 15996,
        "Financial expenses": 4645,
        "Of which: Interest expense": 3466,
        "Cost of sales": 5331,
        "Enterprise cost management": 3295,
        "Total Operating Expenses": 13271,
        "Total revenue financing activities": 12,
        "Net profit from business activities": 2737,
        "Profit": 103,
        "Profit before tax": 2840,
        "Present corporate income tax expenses": 1526,
        "Deferred income taxes expenses": "N/A",
        "The interests of minority shareholders": "N/A",
        "Total Cost of profits": 1526,
        "Profit after tax corporate income": 1314,
        "Volume": 10000000,
        "Close of Quarter": 7.9,
        "EPS": 528.1,
        "Non-adjusted EPS": 2212,
        "PE": 3.6,
        "Book Price": 3.1
      }
    },
    {
      "quarter": "Q3 2010",
      "income status": {
        "Net sales": 92940,
        "Cost of goods sold": 73920,
        "Gross Profit": 19020,
        "Financial expenses": 5313,
        "Of which: Interest expense": 3789,
        "Cost of sales": 3942,
        "Enterprise cost management": 3465,
        "Total Operating Expenses": 12720,
        "Total revenue financing activities": 8,
        "Net profit from business activities": 6309,
        "Profit": 198,
        "Profit before tax": 6507,
        "Present corporate income tax expenses": "N/A",
        "Deferred income taxes expenses": "N/A",
        "The interests of minority shareholders": "N/A",
        "Total Cost of profits": 0,
        "Profit after tax corporate income": 6507,
        "Volume": 10000000,
        "Close of Quarter": 7.6,
        "EPS": 553.0,
        "Non-adjusted EPS": 2316,
        "PE": 3.3,
        "Book Price": 3.0
      }
    },
    {
      "quarter": "Q2 2010",
      "income status": {
        "Net sales": 98125,
        "Cost of goods sold": 77620,
        "Gross Profit": 20505,
        "Financial expenses": 3803,
        "Of which: Interest expense": 3012,
        "Cost of sales": 3988,
        "Enterprise cost management": 3102,
        "Total Operating Expenses": 10893,
        "Total revenue financing activities": 14,
        "Net profit from business activities": 9626,
        "Profit": 98,
        "Profit before tax": 9724,
        "Present corporate income tax expenses": 610,
        "Deferred income taxes expenses": "N/A",
        "The interests of minority shareholders": "N/A",
        "Total Cost of profits": 610,
        "Profit after tax corporate income": 9114,
        "Volume": 10000000,
        "Close of Quarter": 8.0,
        "EPS": 542.2,
        "Non-adjusted EPS": 2271,
        "PE": 3.5,
        "Book Price": 2.8
      }
    },
    {
      "quarter": "Q1 2010",
      "income status": {
        "Net sales": 51786,
        "Cost of goods sold": 40745,
        "Gross Profit": 11042,
        "Financial expenses": 1903,
        "Of which: Interest expense": 1541,
        "Cost of sales": 2458,
        "Enterprise cost management": 1553,
        "Total Operating Expenses": 5914,
        "Total revenue financing activities": 17,
        "Net profit from business activities": 5144,
        "Profit": 39,
        "Profit before tax": 5183,
        "Present corporate income tax expenses": "N/A",
        "Deferred income taxes expenses": "N/A",
        "The interests of minority shareholders": "N/A",
        "Total Cost of profits": 0,
        "Profit after tax corporate income": 5183,
        "Volume": 10000000,
        "Close of Quarter": "N/A",
        "EPS": 395.1,
        "Non-adjusted EPS": 1655,
        "PE": "N/A",
        "Book Price": 3.0
      }
    },
    {
      "quarter": "Q4 2009",
      "income status": {
        "Net sales": 70712,
        "Cost of goods sold": 57330,
        "Gross Profit": 13382,
        "Financial expenses": 2825,
        "Of which: Interest expense": 1843,
        "Cost of sales": 3605,
        "Enterprise cost management": 4006,
        "Total Operating Expenses": 10436,
        "Total revenue financing activities": 15,
        "Net profit from business activities": 2962,
        "Profit": 53,
        "Profit before tax": 3015,
        "Present corporate income tax expenses": 659,
        "Deferred income taxes expenses": "N/A",
        "The interests of minority shareholders": "N/A",
        "Total Cost of profits": 659,
        "Profit after tax corporate income": 2356,
        "Volume": 10000000,
        "Close of Quarter": "N/A",
        "EPS": 299.9,
        "Non-adjusted EPS": 1256,
        "PE": "N/A",
        "Book Price": 2.9
      }
    },
    {
      "quarter": "Q3 2009",
      "income status": {
        "Net sales": 63963,
        "Cost of goods sold": 48839,
        "Gross Profit": 15124,
        "Financial expenses": 3196,
        "Of which: Interest expense": 2207,
        "Cost of sales": 2894,
        "Enterprise cost management": 3129,
        "Total Operating Expenses": 9219,
        "Total revenue financing activities": 80,
        "Net profit from business activities": 5985,
        "Profit": 67,
        "Profit before tax": 6052,
        "Present corporate income tax expenses": "N/A",
        "Deferred income taxes expenses": "N/A",
        "The interests of minority shareholders": "N/A",
        "Total Cost of profits": 0,
        "Profit after tax corporate income": 6052,
        "Volume": 10000000,
        "Close of Quarter": "N/A",
        "EPS": 243.8,
        "Non-adjusted EPS": 1021,
        "PE": "N/A",
        "Book Price": 2.8
      }
    },
    {
      "quarter": "Q2 2009",
      "income status": {
        "Net sales": 49696,
        "Cost of goods sold": 40929,
        "Gross Profit": 8767,
        "Financial expenses": 2010,
        "Of which: Interest expense": 1596,
        "Cost of sales": 2576,
        "Enterprise cost management": 1239,
        "Total Operating Expenses": 5825,
        "Total revenue financing activities": 9,
        "Net profit from business activities": 2951,
        "Profit": 69,
        "Profit before tax": 3021,
        "Present corporate income tax expenses": 59,
        "Deferred income taxes expenses": "N/A",
        "The interests of minority shareholders": "N/A",
        "Total Cost of profits": 59,
        "Profit after tax corporate income": 2961,
        "Volume": 10000000,
        "Close of Quarter": "N/A",
        "EPS": 99.1,
        "Non-adjusted EPS": 415,
        "PE": "N/A",
        "Book Price": 2.5
      }
    },
    {
      "quarter": "Q1 2009",
      "income status": {
        "Net sales": 33083,
        "Cost of goods sold": 23455,
        "Gross Profit": 9627,
        "Financial expenses": 3087,
        "Of which: Interest expense": 2528,
        "Cost of sales": 3562,
        "Enterprise cost management": 1912,
        "Total Operating Expenses": 8561,
        "Total revenue financing activities": 85,
        "Net profit from business activities": 1152,
        "Profit": 41,
        "Profit before tax": 1193,
        "Present corporate income tax expenses": "N/A",
        "Deferred income taxes expenses": "N/A",
        "The interests of minority shareholders": "N/A",
        "Total Cost of profits": 0,
        "Profit after tax corporate income": 1193,
        "Volume": 10000000,
        "Close of Quarter": "N/A",
        "EPS": 28.4,
        "Non-adjusted EPS": 119,
        "PE": "N/A",
        "Book Price": "N/A"
      }
    }
  ]
}