{
  "ticker": "BMC",
  "data": [
    {
      "quarter": "Q1 2017",
      "income status": {
        "Net sales": 65962,
        "Cost of goods sold": 58437,
        "Gross Profit": 7525,
        "Financial expenses": 36,
        "Of which: Interest expense": 3,
        "Cost of sales": 3324,
        "Enterprise cost management": 1246,
        "Total Operating Expenses": 4606,
        "Total revenue financing activities": 45,
        "Net profit from business activities": 2964,
        "Profit": "N/A",
        "Profit before tax": 2964,
        "Present corporate income tax expenses": 598,
        "Deferred income taxes expenses": "N/A",
        "The interests of minority shareholders": "N/A",
        "Total Cost of profits": 598,
        "Profit after tax corporate income": 2366,
        "Volume": 12392630,
        "Close of Quarter": 23.9,
        "EPS": 918,
        "Non-adjusted EPS": 918,
        "PE": 26.0,
        "Book Price": 15.6
      }
    },
    {
      "quarter": "Q4 2016",
      "income status": {
        "Net sales": 32299,
        "Cost of goods sold": 25854,
        "Gross Profit": 6445,
        "Financial expenses": 276,
        "Of which: Interest expense": "N/A",
        "Cost of sales": 1601,
        "Enterprise cost management": 1771,
        "Total Operating Expenses": 3648,
        "Total revenue financing activities": 124,
        "Net profit from business activities": 2923,
        "Profit": "N/A",
        "Profit before tax": 2923,
        "Present corporate income tax expenses": 663,
        "Deferred income taxes expenses": "N/A",
        "The interests of minority shareholders": "N/A",
        "Total Cost of profits": 663,
        "Profit after tax corporate income": 2259,
        "Volume": 12392630,
        "Close of Quarter": 14.8,
        "EPS": 769,
        "Non-adjusted EPS": 769,
        "PE": 19.3,
        "Book Price": 15.5
      }
    },
    {
      "quarter": "Q3 2016",
      "income status": {
        "Net sales": 28495,
        "Cost of goods sold": 22198,
        "Gross Profit": 6297,
        "Financial expenses": "N/A",
        "Of which: Interest expense": "N/A",
        "Cost of sales": 748,
        "Enterprise cost management": 2406,
        "Total Operating Expenses": 3154,
        "Total revenue financing activities": 11,
        "Net profit from business activities": 3154,
        "Profit": "N/A",
        "Profit before tax": 3154,
        "Present corporate income tax expenses": 635,
        "Deferred income taxes expenses": "N/A",
        "The interests of minority shareholders": "N/A",
        "Total Cost of profits": 635,
        "Profit after tax corporate income": 2519,
        "Volume": 12392630,
        "Close of Quarter": 15.4,
        "EPS": 844,
        "Non-adjusted EPS": 844,
        "PE": 18.3,
        "Book Price": 15.3
      }
    },
    {
      "quarter": "Q2 2016",
      "income status": {
        "Net sales": 32100,
        "Cost of goods sold": 28107,
        "Gross Profit": 3993,
        "Financial expenses": 7,
        "Of which: Interest expense": 7,
        "Cost of sales": 994,
        "Enterprise cost management": 1797,
        "Total Operating Expenses": 2798,
        "Total revenue financing activities": 130,
        "Net profit from business activities": 1324,
        "Profit": 3980,
        "Profit before tax": 5303,
        "Present corporate income tax expenses": 1066,
        "Deferred income taxes expenses": "N/A",
        "The interests of minority shareholders": "N/A",
        "Total Cost of profits": 1066,
        "Profit after tax corporate income": 4238,
        "Volume": 12392630,
        "Close of Quarter": 15.2,
        "EPS": 1191,
        "Non-adjusted EPS": 1191,
        "PE": 12.8,
        "Book Price": 15.1
      }
    },
    {
      "quarter": "Q1 2016",
      "income status": {
        "Net sales": 16907,
        "Cost of goods sold": 14173,
        "Gross Profit": 2735,
        "Financial expenses": 158,
        "Of which: Interest expense": 2,
        "Cost of sales": 690,
        "Enterprise cost management": 1328,
        "Total Operating Expenses": 2176,
        "Total revenue financing activities": 8,
        "Net profit from business activities": 567,
        "Profit": 30,
        "Profit before tax": 597,
        "Present corporate income tax expenses": 79,
        "Deferred income taxes expenses": "N/A",
        "The interests of minority shareholders": "N/A",
        "Total Cost of profits": 79,
        "Profit after tax corporate income": 518,
        "Volume": 12392630,
        "Close of Quarter": 18.2,
        "EPS": 866,
        "Non-adjusted EPS": 866,
        "PE": 21.1,
        "Book Price": 15.7
      }
    },
    {
      "quarter": "Q4 2015",
      "income status": {
        "Net sales": 20056,
        "Cost of goods sold": 14704,
        "Gross Profit": 5352,
        "Financial expenses": 414,
        "Of which: Interest expense": "N/A",
        "Cost of sales": 786,
        "Enterprise cost management": 1271,
        "Total Operating Expenses": 2471,
        "Total revenue financing activities": 972,
        "Net profit from business activities": 3854,
        "Profit": 55,
        "Profit before tax": 3909,
        "Present corporate income tax expenses": 724,
        "Deferred income taxes expenses": "N/A",
        "The interests of minority shareholders": "N/A",
        "Total Cost of profits": 724,
        "Profit after tax corporate income": 3185,
        "Volume": 12392630,
        "Close of Quarter": 14.4,
        "EPS": 974,
        "Non-adjusted EPS": 974,
        "PE": 14.8,
        "Book Price": 15.8
      }
    },
    {
      "quarter": "Q3 2015",
      "income status": {
        "Net sales": 40650,
        "Cost of goods sold": 27480,
        "Gross Profit": 13170,
        "Financial expenses": "N/A",
        "Of which: Interest expense": "N/A",
        "Cost of sales": 1722,
        "Enterprise cost management": 3859,
        "Total Operating Expenses": 5581,
        "Total revenue financing activities": 503,
        "Net profit from business activities": 8092,
        "Profit": "N/A",
        "Profit before tax": 8092,
        "Present corporate income tax expenses": 1271,
        "Deferred income taxes expenses": "N/A",
        "The interests of minority shareholders": "N/A",
        "Total Cost of profits": 1271,
        "Profit after tax corporate income": 6820,
        "Volume": 12392630,
        "Close of Quarter": 12.5,
        "EPS": 958,
        "Non-adjusted EPS": 958,
        "PE": 13.0,
        "Book Price": 15.5
      }
    },
    {
      "quarter": "Q2 2015",
      "income status": {
        "Net sales": 35824,
        "Cost of goods sold": 30845,
        "Gross Profit": 4979,
        "Financial expenses": 46,
        "Of which: Interest expense": "N/A",
        "Cost of sales": 3997,
        "Enterprise cost management": 1127,
        "Total Operating Expenses": 5170,
        "Total revenue financing activities": 411,
        "Net profit from business activities": 220,
        "Profit": "N/A",
        "Profit before tax": 220,
        "Present corporate income tax expenses": 8,
        "Deferred income taxes expenses": "N/A",
        "The interests of minority shareholders": "N/A",
        "Total Cost of profits": 8,
        "Profit after tax corporate income": 212,
        "Volume": 12392630,
        "Close of Quarter": 17.5,
        "EPS": 861,
        "Non-adjusted EPS": 861,
        "PE": 20.3,
        "Book Price": 15
      }
    },
    {
      "quarter": "Q1 2015",
      "income status": {
        "Net sales": 26702,
        "Cost of goods sold": 19351,
        "Gross Profit": 7351,
        "Financial expenses": 47,
        "Of which: Interest expense": "N/A",
        "Cost of sales": 3676,
        "Enterprise cost management": 1474,
        "Total Operating Expenses": 5197,
        "Total revenue financing activities": 4,
        "Net profit from business activities": 2158,
        "Profit": "N/A",
        "Profit before tax": 2158,
        "Present corporate income tax expenses": 300,
        "Deferred income taxes expenses": "N/A",
        "The interests of minority shareholders": "N/A",
        "Total Cost of profits": 300,
        "Profit after tax corporate income": 1857,
        "Volume": 12392630,
        "Close of Quarter": 18.7,
        "EPS": 1267,
        "Non-adjusted EPS": 1267,
        "PE": 14.7,
        "Book Price": 18.2
      }
    },
    {
      "quarter": "Q4 2014",
      "income status": {
        "Net sales": 45567,
        "Cost of goods sold": 34359,
        "Gross Profit": 11208,
        "Financial expenses": 4,
        "Of which: Interest expense": 4,
        "Cost of sales": 4612,
        "Enterprise cost management": 3244,
        "Total Operating Expenses": 7860,
        "Total revenue financing activities": 259,
        "Net profit from business activities": 3607,
        "Profit": "N/A",
        "Profit before tax": 3607,
        "Present corporate income tax expenses": 629,
        "Deferred income taxes expenses": "N/A",
        "The interests of minority shareholders": "N/A",
        "Total Cost of profits": 629,
        "Profit after tax corporate income": 2979,
        "Volume": 12392630,
        "Close of Quarter": 21.0,
        "EPS": 1700,
        "Non-adjusted EPS": 1700,
        "PE": 12.4,
        "Book Price": 18
      }
    },
    {
      "quarter": "Q3 2014",
      "income status": {
        "Net sales": 35131,
        "Cost of goods sold": 23118,
        "Gross Profit": 12013,
        "Financial expenses": 102,
        "Of which: Interest expense": 2,
        "Cost of sales": 1505,
        "Enterprise cost management": 3360,
        "Total Operating Expenses": 4967,
        "Total revenue financing activities": 3,
        "Net profit from business activities": 7049,
        "Profit": "N/A",
        "Profit before tax": 7049,
        "Present corporate income tax expenses": 1421,
        "Deferred income taxes expenses": "N/A",
        "The interests of minority shareholders": "N/A",
        "Total Cost of profits": 1421,
        "Profit after tax corporate income": 5628,
        "Volume": 12392630,
        "Close of Quarter": 23.5,
        "EPS": 2980,
        "Non-adjusted EPS": 2980,
        "PE": 7.9,
        "Book Price": 17.8
      }
    },
    {
      "quarter": "Q2 2014",
      "income status": {
        "Net sales": 29711,
        "Cost of goods sold": 20473,
        "Gross Profit": 9238,
        "Financial expenses": "N/A",
        "Of which: Interest expense": "N/A",
        "Cost of sales": 1614,
        "Enterprise cost management": 3125,
        "Total Operating Expenses": 4739,
        "Total revenue financing activities": 383,
        "Net profit from business activities": 4882,
        "Profit": 1497,
        "Profit before tax": 6380,
        "Present corporate income tax expenses": 1140,
        "Deferred income taxes expenses": "N/A",
        "The interests of minority shareholders": "N/A",
        "Total Cost of profits": 1140,
        "Profit after tax corporate income": 5239,
        "Volume": 12392630,
        "Close of Quarter": 26.7,
        "EPS": 4014,
        "Non-adjusted EPS": 4014,
        "PE": 6.7,
        "Book Price": 17.3
      }
    },
    {
      "quarter": "Q1 2014",
      "income status": {
        "Net sales": 43480,
        "Cost of goods sold": 29091,
        "Gross Profit": 14389,
        "Financial expenses": "N/A",
        "Of which: Interest expense": "N/A",
        "Cost of sales": 3634,
        "Enterprise cost management": 2808,
        "Total Operating Expenses": 6442,
        "Total revenue financing activities": 52,
        "Net profit from business activities": 7998,
        "Profit": 1460,
        "Profit before tax": 9458,
        "Present corporate income tax expenses": 2240,
        "Deferred income taxes expenses": "N/A",
        "The interests of minority shareholders": "N/A",
        "Total Cost of profits": 2240,
        "Profit after tax corporate income": 7218,
        "Volume": 12392630,
        "Close of Quarter": 31.2,
        "EPS": 5116,
        "Non-adjusted EPS": 5116,
        "PE": 6.1,
        "Book Price": 16.9
      }
    },
    {
      "quarter": "Q4 2013",
      "income status": {
        "Net sales": 77731,
        "Cost of goods sold": 40286,
        "Gross Profit": 37445,
        "Financial expenses": 595,
        "Of which: Interest expense": "N/A",
        "Cost of sales": 7471,
        "Enterprise cost management": 4889,
        "Total Operating Expenses": 12955,
        "Total revenue financing activities": 263,
        "Net profit from business activities": 24755,
        "Profit": 185,
        "Profit before tax": 24940,
        "Present corporate income tax expenses": 6094,
        "Deferred income taxes expenses": "N/A",
        "The interests of minority shareholders": "N/A",
        "Total Cost of profits": 6094,
        "Profit after tax corporate income": 18846,
        "Volume": 12392630,
        "Close of Quarter": 30.8,
        "EPS": 6457,
        "Non-adjusted EPS": 6457,
        "PE": 4.8,
        "Book Price": 17.3
      }
    },
    {
      "quarter": "Q3 2013",
      "income status": {
        "Net sales": 99049,
        "Cost of goods sold": 65914,
        "Gross Profit": 33135,
        "Financial expenses": "N/A",
        "Of which: Interest expense": "N/A",
        "Cost of sales": 8234,
        "Enterprise cost management": 3681,
        "Total Operating Expenses": 11915,
        "Total revenue financing activities": 317,
        "Net profit from business activities": 21538,
        "Profit": "N/A",
        "Profit before tax": 21538,
        "Present corporate income tax expenses": 3093,
        "Deferred income taxes expenses": "N/A",
        "The interests of minority shareholders": "N/A",
        "Total Cost of profits": 3093,
        "Profit after tax corporate income": 18445,
        "Volume": 12392630,
        "Close of Quarter": 30.4,
        "EPS": 5906,
        "Non-adjusted EPS": 5906,
        "PE": 5.2,
        "Book Price": 17.8
      }
    },
    {
      "quarter": "Q2 2013",
      "income status": {
        "Net sales": 95459,
        "Cost of goods sold": 60873,
        "Gross Profit": 34586,
        "Financial expenses": 49,
        "Of which: Interest expense": "N/A",
        "Cost of sales": 10066,
        "Enterprise cost management": 3332,
        "Total Operating Expenses": 13447,
        "Total revenue financing activities": 2147,
        "Net profit from business activities": 23286,
        "Profit": "N/A",
        "Profit before tax": 23286,
        "Present corporate income tax expenses": 4398,
        "Deferred income taxes expenses": "N/A",
        "The interests of minority shareholders": "N/A",
        "Total Cost of profits": 4398,
        "Profit after tax corporate income": 18887,
        "Volume": 12392630,
        "Close of Quarter": 35.2,
        "EPS": 6085,
        "Non-adjusted EPS": 6085,
        "PE": 5.8,
        "Book Price": 19.9
      }
    },
    {
      "quarter": "Q1 2013",
      "income status": {
        "Net sales": 100343,
        "Cost of goods sold": 61708,
        "Gross Profit": 38635,
        "Financial expenses": 38,
        "Of which: Interest expense": 33,
        "Cost of sales": 7890,
        "Enterprise cost management": 2752,
        "Total Operating Expenses": 10680,
        "Total revenue financing activities": 1085,
        "Net profit from business activities": 29040,
        "Profit": "N/A",
        "Profit before tax": 29040,
        "Present corporate income tax expenses": 5198,
        "Deferred income taxes expenses": "N/A",
        "The interests of minority shareholders": "N/A",
        "Total Cost of profits": 5198,
        "Profit after tax corporate income": 23842,
        "Volume": 12392630,
        "Close of Quarter": 41.4,
        "EPS": 7040,
        "Non-adjusted EPS": 7040,
        "PE": 5.9,
        "Book Price": 18.4
      }
    },
    {
      "quarter": "Q4 2012",
      "income status": {
        "Net sales": 56449,
        "Cost of goods sold": 31325,
        "Gross Profit": 25124,
        "Financial expenses": 1572,
        "Of which: Interest expense": "N/A",
        "Cost of sales": 3220,
        "Enterprise cost management": 7262,
        "Total Operating Expenses": 12054,
        "Total revenue financing activities": 2220,
        "Net profit from business activities": 15290,
        "Profit": 439,
        "Profit before tax": 15728,
        "Present corporate income tax expenses": 3717,
        "Deferred income taxes expenses": "N/A",
        "The interests of minority shareholders": "N/A",
        "Total Cost of profits": 3717,
        "Profit after tax corporate income": 12012,
        "Volume": 12392630,
        "Close of Quarter": 33.5,
        "EPS": 6973,
        "Non-adjusted EPS": 6973,
        "PE": 4.8,
        "Book Price": 16.4
      }
    },
    {
      "quarter": "Q3 2012",
      "income status": {
        "Net sales": 79934,
        "Cost of goods sold": 41093,
        "Gross Profit": 38841,
        "Financial expenses": 2,
        "Of which: Interest expense": "N/A",
        "Cost of sales": 7979,
        "Enterprise cost management": 6436,
        "Total Operating Expenses": 14417,
        "Total revenue financing activities": 1163,
        "Net profit from business activities": 25588,
        "Profit": "N/A",
        "Profit before tax": 25588,
        "Present corporate income tax expenses": 4920,
        "Deferred income taxes expenses": "N/A",
        "The interests of minority shareholders": "N/A",
        "Total Cost of profits": 4920,
        "Profit after tax corporate income": 20668,
        "Volume": 12392630,
        "Close of Quarter": 33.1,
        "EPS": 8728,
        "Non-adjusted EPS": 8728,
        "PE": 3.8,
        "Book Price": 17.1
      }
    },
    {
      "quarter": "Q2 2012",
      "income status": {
        "Net sales": 111485,
        "Cost of goods sold": 52531,
        "Gross Profit": 58954,
        "Financial expenses": "N/A",
        "Of which: Interest expense": "N/A",
        "Cost of sales": 9529,
        "Enterprise cost management": 10629,
        "Total Operating Expenses": 20158,
        "Total revenue financing activities": 1945,
        "Net profit from business activities": 40742,
        "Profit": 211,
        "Profit before tax": 40953,
        "Present corporate income tax expenses": 10228,
        "Deferred income taxes expenses": "N/A",
        "The interests of minority shareholders": "N/A",
        "Total Cost of profits": 10228,
        "Profit after tax corporate income": 30725,
        "Volume": 12392630,
        "Close of Quarter": 26.9,
        "EPS": 9497,
        "Non-adjusted EPS": 9497,
        "PE": 2.8,
        "Book Price": 17.4
      }
    },
    {
      "quarter": "Q1 2012",
      "income status": {
        "Net sales": 83350,
        "Cost of goods sold": 46404,
        "Gross Profit": 36946,
        "Financial expenses": 11,
        "Of which: Interest expense": "N/A",
        "Cost of sales": 6232,
        "Enterprise cost management": 1741,
        "Total Operating Expenses": 7984,
        "Total revenue financing activities": 707,
        "Net profit from business activities": 29669,
        "Profit": "N/A",
        "Profit before tax": 29669,
        "Present corporate income tax expenses": 6660,
        "Deferred income taxes expenses": "N/A",
        "The interests of minority shareholders": "N/A",
        "Total Cost of profits": 6660,
        "Profit after tax corporate income": 23009,
        "Volume": 8261820,
        "Close of Quarter": 19.1,
        "EPS": 8711.4,
        "Non-adjusted EPS": 13067,
        "PE": 1.5,
        "Book Price": 14.9
      }
    },
    {
      "quarter": "Q4 2011",
      "income status": {
        "Net sales": 94800,
        "Cost of goods sold": 44676,
        "Gross Profit": 50123,
        "Financial expenses": "N/A",
        "Of which: Interest expense": "N/A",
        "Cost of sales": 7735,
        "Enterprise cost management": 4442,
        "Total Operating Expenses": 12177,
        "Total revenue financing activities": 4663,
        "Net profit from business activities": 42609,
        "Profit": 368,
        "Profit before tax": 115416,
        "Present corporate income tax expenses": 9219,
        "Deferred income taxes expenses": "N/A",
        "The interests of minority shareholders": "N/A",
        "Total Cost of profits": 9219,
        "Profit after tax corporate income": 33759,
        "Volume": 8261820,
        "Close of Quarter": 10.2,
        "EPS": 7374.7,
        "Non-adjusted EPS": 11062,
        "PE": 0.9,
        "Book Price": 15.2
      }
    },
    {
      "quarter": "Q3 2011",
      "income status": {
        "Net sales": 97498,
        "Cost of goods sold": 50330,
        "Gross Profit": 47167,
        "Financial expenses": 27,
        "Of which: Interest expense": 4,
        "Cost of sales": 7084,
        "Enterprise cost management": 4994,
        "Total Operating Expenses": 12105,
        "Total revenue financing activities": 3454,
        "Net profit from business activities": 38516,
        "Profit": 18,
        "Profit before tax": 38534,
        "Present corporate income tax expenses": 8339,
        "Deferred income taxes expenses": "N/A",
        "The interests of minority shareholders": "N/A",
        "Total Cost of profits": 8339,
        "Profit after tax corporate income": 30196,
        "Volume": 8261820,
        "Close of Quarter": 10.1,
        "EPS": 5360.0,
        "Non-adjusted EPS": 8040,
        "PE": 1.3,
        "Book Price": 13.6
      }
    },
    {
      "quarter": "Q2 2011",
      "income status": {
        "Net sales": 72363,
        "Cost of goods sold": 44593,
        "Gross Profit": 27769,
        "Financial expenses": 12,
        "Of which: Interest expense": "N/A",
        "Cost of sales": 7497,
        "Enterprise cost management": 2281,
        "Total Operating Expenses": 9790,
        "Total revenue financing activities": 7882,
        "Net profit from business activities": 25862,
        "Profit": 15,
        "Profit before tax": 25877,
        "Present corporate income tax expenses": 4887,
        "Deferred income taxes expenses": "N/A",
        "The interests of minority shareholders": "N/A",
        "Total Cost of profits": 4887,
        "Profit after tax corporate income": 20990,
        "Volume": 8261820,
        "Close of Quarter": 7.6,
        "EPS": 3169.4,
        "Non-adjusted EPS": 4754,
        "PE": 1.6,
        "Book Price": 11.9
      }
    },
    {
      "quarter": "Q1 2011",
      "income status": {
        "Net sales": 44444,
        "Cost of goods sold": 38962,
        "Gross Profit": 5482,
        "Financial expenses": "N/A",
        "Of which: Interest expense": "N/A",
        "Cost of sales": 2208,
        "Enterprise cost management": 1446,
        "Total Operating Expenses": 3654,
        "Total revenue financing activities": 6199,
        "Net profit from business activities": 8027,
        "Profit": "N/A",
        "Profit before tax": 8027,
        "Present corporate income tax expenses": 1583,
        "Deferred income taxes expenses": "N/A",
        "The interests of minority shareholders": "N/A",
        "Total Cost of profits": 1583,
        "Profit after tax corporate income": 6444,
        "Volume": 8261820,
        "Close of Quarter": 10.6,
        "EPS": 1978.0,
        "Non-adjusted EPS": 2967,
        "PE": 3.6,
        "Book Price": 10.2
      }
    },
    {
      "quarter": "Q4 2010",
      "income status": {
        "Net sales": 34765,
        "Cost of goods sold": 23592,
        "Gross Profit": 11173,
        "Financial expenses": 22,
        "Of which: Interest expense": 22,
        "Cost of sales": 5293,
        "Enterprise cost management": 1386,
        "Total Operating Expenses": 6701,
        "Total revenue financing activities": 6450,
        "Net profit from business activities": 10922,
        "Profit": 12,
        "Profit before tax": 10934,
        "Present corporate income tax expenses": 2136,
        "Deferred income taxes expenses": "N/A",
        "The interests of minority shareholders": "N/A",
        "Total Cost of profits": 2136,
        "Profit after tax corporate income": 8798,
        "Volume": 8261820,
        "Close of Quarter": 8.8,
        "EPS": 1841.4,
        "Non-adjusted EPS": 2762,
        "PE": 3.2,
        "Book Price": 9.7
      }
    },
    {
      "quarter": "Q3 2010",
      "income status": {
        "Net sales": 19524,
        "Cost of goods sold": 11806,
        "Gross Profit": 7718,
        "Financial expenses": "N/A",
        "Of which: Interest expense": "N/A",
        "Cost of sales": 3315,
        "Enterprise cost management": 1151,
        "Total Operating Expenses": 4466,
        "Total revenue financing activities": 829,
        "Net profit from business activities": 4080,
        "Profit": 1,
        "Profit before tax": 4080,
        "Present corporate income tax expenses": "N/A",
        "Deferred income taxes expenses": 1037,
        "The interests of minority shareholders": "N/A",
        "Total Cost of profits": 1037,
        "Profit after tax corporate income": 3044,
        "Volume": 8261820,
        "Close of Quarter": 10.9,
        "EPS": 1710.7,
        "Non-adjusted EPS": 2566,
        "PE": 4.3,
        "Book Price": 10.7
      }
    },
    {
      "quarter": "Q2 2010",
      "income status": {
        "Net sales": 29638,
        "Cost of goods sold": 21057,
        "Gross Profit": 8581,
        "Financial expenses": "N/A",
        "Of which: Interest expense": "N/A",
        "Cost of sales": 2588,
        "Enterprise cost management": 1745,
        "Total Operating Expenses": 4333,
        "Total revenue financing activities": 3662,
        "Net profit from business activities": 7910,
        "Profit": "N/A",
        "Profit before tax": 7910,
        "Present corporate income tax expenses": 1683,
        "Deferred income taxes expenses": "N/A",
        "The interests of minority shareholders": "N/A",
        "Total Cost of profits": 1683,
        "Profit after tax corporate income": 6227,
        "Volume": 8261820,
        "Close of Quarter": 16.1,
        "EPS": 2220.7,
        "Non-adjusted EPS": 3331,
        "PE": 4.8,
        "Book Price": 10.4
      }
    },
    {
      "quarter": "Q1 2010",
      "income status": {
        "Net sales": 21381,
        "Cost of goods sold": 12684,
        "Gross Profit": 8697,
        "Financial expenses": 61,
        "Of which: Interest expense": "N/A",
        "Cost of sales": 3954,
        "Enterprise cost management": 1047,
        "Total Operating Expenses": 5062,
        "Total revenue financing activities": 2703,
        "Net profit from business activities": 6338,
        "Profit": 4,
        "Profit before tax": 6342,
        "Present corporate income tax expenses": 1593,
        "Deferred income taxes expenses": "N/A",
        "The interests of minority shareholders": "N/A",
        "Total Cost of profits": 1593,
        "Profit after tax corporate income": 4749,
        "Volume": 8261820,
        "Close of Quarter": 19.9,
        "EPS": 2124.7,
        "Non-adjusted EPS": 3187,
        "PE": 6.3,
        "Book Price": 9.9
      }
    },
    {
      "quarter": "Q4 2009",
      "income status": {
        "Net sales": 29035,
        "Cost of goods sold": 17275,
        "Gross Profit": 11760,
        "Financial expenses": "N/A",
        "Of which: Interest expense": "N/A",
        "Cost of sales": 4942,
        "Enterprise cost management": 2535,
        "Total Operating Expenses": 7477,
        "Total revenue financing activities": 4136,
        "Net profit from business activities": 8419,
        "Profit": 41,
        "Profit before tax": 8460,
        "Present corporate income tax expenses": 1283,
        "Deferred income taxes expenses": "N/A",
        "The interests of minority shareholders": "N/A",
        "Total Cost of profits": 1283,
        "Profit after tax corporate income": 7178,
        "Volume": 8261820,
        "Close of Quarter": 22.2,
        "EPS": 1885.4,
        "Non-adjusted EPS": 2828,
        "PE": 7.9,
        "Book Price": 9.9
      }
    },
    {
      "quarter": "Q3 2009",
      "income status": {
        "Net sales": 26354,
        "Cost of goods sold": 15035,
        "Gross Profit": 11318,
        "Financial expenses": 16,
        "Of which: Interest expense": "N/A",
        "Cost of sales": 3900,
        "Enterprise cost management": 982,
        "Total Operating Expenses": 4898,
        "Total revenue financing activities": 4591,
        "Net profit from business activities": 11011,
        "Profit": 79,
        "Profit before tax": 11090,
        "Present corporate income tax expenses": 1727,
        "Deferred income taxes expenses": "N/A",
        "The interests of minority shareholders": "N/A",
        "Total Cost of profits": 1727,
        "Profit after tax corporate income": 9363,
        "Volume": 8261820,
        "Close of Quarter": 24.8,
        "EPS": 2250.0,
        "Non-adjusted EPS": 3375,
        "PE": 7.4,
        "Book Price": 10.7
      }
    },
    {
      "quarter": "Q2 2009",
      "income status": {
        "Net sales": 23866,
        "Cost of goods sold": 14911,
        "Gross Profit": 8954,
        "Financial expenses": "N/A",
        "Of which: Interest expense": "N/A",
        "Cost of sales": 3812,
        "Enterprise cost management": 1301,
        "Total Operating Expenses": 5113,
        "Total revenue financing activities": 1911,
        "Net profit from business activities": 5753,
        "Profit": -13,
        "Profit before tax": 5740,
        "Present corporate income tax expenses": 696,
        "Deferred income taxes expenses": "N/A",
        "The interests of minority shareholders": "N/A",
        "Total Cost of profits": 696,
        "Profit after tax corporate income": 5043,
        "Volume": 8261820,
        "Close of Quarter": 21.6,
        "EPS": 2326.7,
        "Non-adjusted EPS": 3490,
        "PE": 6.2,
        "Book Price": 10.5
      }
    },
    {
      "quarter": "Q1 2009",
      "income status": {
        "Net sales": 8048,
        "Cost of goods sold": 4419,
        "Gross Profit": 3629,
        "Financial expenses": "N/A",
        "Of which: Interest expense": "N/A",
        "Cost of sales": 872,
        "Enterprise cost management": 669,
        "Total Operating Expenses": 1541,
        "Total revenue financing activities": 89,
        "Net profit from business activities": 2177,
        "Profit": "N/A",
        "Profit before tax": 2177,
        "Present corporate income tax expenses": 398,
        "Deferred income taxes expenses": "N/A",
        "The interests of minority shareholders": "N/A",
        "Total Cost of profits": 398,
        "Profit after tax corporate income": 1779,
        "Volume": 8261820,
        "Close of Quarter": 18.1,
        "EPS": 2876.7,
        "Non-adjusted EPS": 4315,
        "PE": 4.2,
        "Book Price": 10.1
      }
    },
    {
      "quarter": "Q4 2008",
      "income status": {
        "Net sales": 26360,
        "Cost of goods sold": 17272,
        "Gross Profit": 9088,
        "Financial expenses": 2,
        "Of which: Interest expense": "N/A",
        "Cost of sales": 1629,
        "Enterprise cost management": 2768,
        "Total Operating Expenses": 4399,
        "Total revenue financing activities": 6311,
        "Net profit from business activities": 11000,
        "Profit": 1718,
        "Profit before tax": 12718,
        "Present corporate income tax expenses": 1018,
        "Deferred income taxes expenses": "N/A",
        "The interests of minority shareholders": "N/A",
        "Total Cost of profits": 1018,
        "Profit after tax corporate income": 11700,
        "Volume": 8261820,
        "Close of Quarter": 22.1,
        "EPS": 3687.4,
        "Non-adjusted EPS": 5531,
        "PE": 4,
        "Book Price": 9.9
      }
    },
    {
      "quarter": "Q3 2008",
      "income status": {
        "Net sales": 26213,
        "Cost of goods sold": 15094,
        "Gross Profit": 11119,
        "Financial expenses": "N/A",
        "Of which: Interest expense": "N/A",
        "Cost of sales": 2937,
        "Enterprise cost management": 2748,
        "Total Operating Expenses": 5685,
        "Total revenue financing activities": 5967,
        "Net profit from business activities": 11401,
        "Profit": 25,
        "Profit before tax": 11426,
        "Present corporate income tax expenses": 1113,
        "Deferred income taxes expenses": "N/A",
        "The interests of minority shareholders": "N/A",
        "Total Cost of profits": 1113,
        "Profit after tax corporate income": 10313,
        "Volume": 8261820,
        "Close of Quarter": 36.5,
        "EPS": 3645.4,
        "Non-adjusted EPS": 5468,
        "PE": 6.7,
        "Book Price": 10.5
      }
    },
    {
      "quarter": "Q2 2008",
      "income status": {
        "Net sales": 26819,
        "Cost of goods sold": 15096,
        "Gross Profit": 11724,
        "Financial expenses": "N/A",
        "Of which: Interest expense": "N/A",
        "Cost of sales": 2119,
        "Enterprise cost management": 1082,
        "Total Operating Expenses": 3201,
        "Total revenue financing activities": 4641,
        "Net profit from business activities": 13164,
        "Profit": 44,
        "Profit before tax": 13208,
        "Present corporate income tax expenses": 1350,
        "Deferred income taxes expenses": "N/A",
        "The interests of minority shareholders": "N/A",
        "Total Cost of profits": 1350,
        "Profit after tax corporate income": 11858,
        "Volume": 8261820,
        "Close of Quarter": 17.4,
        "EPS": 3645.4,
        "Non-adjusted EPS": 5468,
        "PE": 3.2,
        "Book Price": 10.7
      }
    },
    {
      "quarter": "Q1 2008",
      "income status": {
        "Net sales": 27823,
        "Cost of goods sold": 14482,
        "Gross Profit": 13341,
        "Financial expenses": 8,
        "Of which: Interest expense": "N/A",
        "Cost of sales": 1930,
        "Enterprise cost management": 1234,
        "Total Operating Expenses": 3172,
        "Total revenue financing activities": 3084,
        "Net profit from business activities": 13252,
        "Profit": 24,
        "Profit before tax": 13276,
        "Present corporate income tax expenses": 1452,
        "Deferred income taxes expenses": "N/A",
        "The interests of minority shareholders": "N/A",
        "Total Cost of profits": 1452,
        "Profit after tax corporate income": 11824,
        "Volume": 5901300,
        "Close of Quarter": 25.8,
        "EPS": 3516.7,
        "Non-adjusted EPS": 7385,
        "PE": 3.5,
        "Book Price": 10.3
      }
    },
    {
      "quarter": "Q4 2007",
      "income status": {
        "Net sales": 28308,
        "Cost of goods sold": 14260,
        "Gross Profit": 14049,
        "Financial expenses": 144,
        "Of which: Interest expense": "N/A",
        "Cost of sales": 1161,
        "Enterprise cost management": 2063,
        "Total Operating Expenses": 3368,
        "Total revenue financing activities": 3330,
        "Net profit from business activities": 14012,
        "Profit": 55,
        "Profit before tax": 14066,
        "Present corporate income tax expenses": 2883,
        "Deferred income taxes expenses": "N/A",
        "The interests of minority shareholders": "N/A",
        "Total Cost of profits": 2883,
        "Profit after tax corporate income": 11183,
        "Volume": 3934200,
        "Close of Quarter": 71.8,
        "EPS": 3491.5,
        "Non-adjusted EPS": 10998,
        "PE": 6.5,
        "Book Price": 6.2
      }
    },
    {
      "quarter": "Q3 2007",
      "income status": {
        "Net sales": 23972,
        "Cost of goods sold": 11408,
        "Gross Profit": 12564,
        "Financial expenses": 4,
        "Of which: Interest expense": "N/A",
        "Cost of sales": 1714,
        "Enterprise cost management": 1789,
        "Total Operating Expenses": 3507,
        "Total revenue financing activities": 3224,
        "Net profit from business activities": 12281,
        "Profit": 38,
        "Profit before tax": 12320,
        "Present corporate income tax expenses": 2010,
        "Deferred income taxes expenses": "N/A",
        "The interests of minority shareholders": "N/A",
        "Total Cost of profits": 2010,
        "Profit after tax corporate income": 10310,
        "Volume": 3934200,
        "Close of Quarter": 73.7,
        "EPS": 3439.1,
        "Non-adjusted EPS": 10833,
        "PE": 6.8,
        "Book Price": 5.8
      }
    },
    {
      "quarter": "Q2 2007",
      "income status": {
        "Net sales": 23520,
        "Cost of goods sold": 9356,
        "Gross Profit": 14164,
        "Financial expenses": "N/A",
        "Of which: Interest expense": "N/A",
        "Cost of sales": 2484,
        "Enterprise cost management": 1453,
        "Total Operating Expenses": 3937,
        "Total revenue financing activities": 688,
        "Net profit from business activities": 10914,
        "Profit": "N/A",
        "Profit before tax": 10914,
        "Present corporate income tax expenses": 648,
        "Deferred income taxes expenses": "N/A",
        "The interests of minority shareholders": "N/A",
        "Total Cost of profits": 648,
        "Profit after tax corporate income": 10266,
        "Volume": 3934200,
        "Close of Quarter": 73.3,
        "EPS": 2861.9,
        "Non-adjusted EPS": 9015,
        "PE": 8.1,
        "Book Price": 5.2
      }
    },
    {
      "quarter": "Q1 2007",
      "income status": {
        "Net sales": 27402,
        "Cost of goods sold": 13139,
        "Gross Profit": 14263,
        "Financial expenses": "N/A",
        "Of which: Interest expense": "N/A",
        "Cost of sales": 1200,
        "Enterprise cost management": 841,
        "Total Operating Expenses": 2041,
        "Total revenue financing activities": 44,
        "Net profit from business activities": 12266,
        "Profit": "N/A",
        "Profit before tax": 12266,
        "Present corporate income tax expenses": 757,
        "Deferred income taxes expenses": "N/A",
        "The interests of minority shareholders": "N/A",
        "Total Cost of profits": 757,
        "Profit after tax corporate income": 11508,
        "Volume": 1311400,
        "Close of Quarter": 24.1,
        "EPS": 2135.8,
        "Non-adjusted EPS": 20183,
        "PE": 1.2,
        "Book Price": 4.6
      }
    },
    {
      "quarter": "Q4 2006",
      "income status": {
        "Net sales": 11933,
        "Cost of goods sold": 5143,
        "Gross Profit": 6790,
        "Financial expenses": "N/A",
        "Of which: Interest expense": "N/A",
        "Cost of sales": 799,
        "Enterprise cost management": 1111,
        "Total Operating Expenses": 1910,
        "Total revenue financing activities": 4477,
        "Net profit from business activities": 9358,
        "Profit": -320,
        "Profit before tax": 9038,
        "Present corporate income tax expenses": -1499,
        "Deferred income taxes expenses": "N/A",
        "The interests of minority shareholders": "N/A",
        "Total Cost of profits": -1499,
        "Profit after tax corporate income": 10537,
        "Volume": 1311400,
        "Close of Quarter": 2.5,
        "EPS": 1520.8,
        "Non-adjusted EPS": 14371,
        "PE": 0.2,
        "Book Price": 3.7
      }
    },
    {
      "quarter": "Q3 2006",
      "income status": {
        "Net sales": 15180,
        "Cost of goods sold": 8697,
        "Gross Profit": 6482,
        "Financial expenses": 41,
        "Of which: Interest expense": "N/A",
        "Cost of sales": 1464,
        "Enterprise cost management": 809,
        "Total Operating Expenses": 2314,
        "Total revenue financing activities": 24,
        "Net profit from business activities": 4193,
        "Profit": "N/A",
        "Profit before tax": 4193,
        "Present corporate income tax expenses": 1036,
        "Deferred income taxes expenses": "N/A",
        "The interests of minority shareholders": "N/A",
        "Total Cost of profits": 1036,
        "Profit after tax corporate income": 3157,
        "Volume": 1311400,
        "Close of Quarter": "N/A",
        "EPS": 670.5,
        "Non-adjusted EPS": 6336,
        "PE": "N/A",
        "Book Price": 3.2
      }
    },
    {
      "quarter": "Q2 2006",
      "income status": {
        "Net sales": 8787,
        "Cost of goods sold": 5414,
        "Gross Profit": 3373,
        "Financial expenses": "N/A",
        "Of which: Interest expense": "N/A",
        "Cost of sales": 663,
        "Enterprise cost management": 522,
        "Total Operating Expenses": 1185,
        "Total revenue financing activities": 1,
        "Net profit from business activities": 2189,
        "Profit": -117,
        "Profit before tax": 2072,
        "Present corporate income tax expenses": 807,
        "Deferred income taxes expenses": "N/A",
        "The interests of minority shareholders": "N/A",
        "Total Cost of profits": 807,
        "Profit after tax corporate income": 1266,
        "Volume": 1311400,
        "Close of Quarter": "N/A",
        "EPS": 415.8,
        "Non-adjusted EPS": 3929,
        "PE": "N/A",
        "Book Price": "N/A"
      }
    },
    {
      "quarter": "Q1 2006",
      "income status": {
        "Net sales": 16859,
        "Cost of goods sold": 10893,
        "Gross Profit": 5967,
        "Financial expenses": "N/A",
        "Of which: Interest expense": "N/A",
        "Cost of sales": 584,
        "Enterprise cost management": 769,
        "Total Operating Expenses": 1353,
        "Total revenue financing activities": 24,
        "Net profit from business activities": 4637,
        "Profit": "N/A",
        "Profit before tax": 4637,
        "Present corporate income tax expenses": 751,
        "Deferred income taxes expenses": "N/A",
        "The interests of minority shareholders": "N/A",
        "Total Cost of profits": 751,
        "Profit after tax corporate income": 3886,
        "Volume": 1311400,
        "Close of Quarter": "N/A",
        "EPS": 313.6,
        "Non-adjusted EPS": 2963,
        "PE": "N/A",
        "Book Price": "N/A"
      }
    }
  ]
}