{
  "ticker": "SCD",
  "data": [
    {
      "quarter": "Q1 2017",
      "income status": {
        "Net sales": 98410,
        "Cost of goods sold": 68726,
        "Gross Profit": 29684,
        "Financial expenses": 14,
        "Of which: Interest expense": "N/A",
        "Cost of sales": 19773,
        "Enterprise cost management": 7605,
        "Total Operating Expenses": 27392,
        "Total revenue financing activities": 1600,
        "Net profit from business activities": 3892,
        "Profit": 8,
        "Profit before tax": 3900,
        "Present corporate income tax expenses": 776,
        "Deferred income taxes expenses": "N/A",
        "The interests of minority shareholders": "N/A",
        "Total Cost of profits": 776,
        "Profit after tax corporate income": 3124,
        "Volume": 8477640,
        "Close of Quarter": 42.0,
        "EPS": 3074,
        "Non-adjusted EPS": 3074,
        "PE": 13.7,
        "Book Price": 25.5
      }
    },
    {
      "quarter": "Q4 2016",
      "income status": {
        "Net sales": 164029,
        "Cost of goods sold": 114963,
        "Gross Profit": 49066,
        "Financial expenses": 41,
        "Of which: Interest expense": "N/A",
        "Cost of sales": 22241,
        "Enterprise cost management": 11158,
        "Total Operating Expenses": 33440,
        "Total revenue financing activities": 1676,
        "Net profit from business activities": 17302,
        "Profit": 637,
        "Profit before tax": 17939,
        "Present corporate income tax expenses": 3642,
        "Deferred income taxes expenses": "N/A",
        "The interests of minority shareholders": "N/A",
        "Total Cost of profits": 3642,
        "Profit after tax corporate income": 14297,
        "Volume": 8477640,
        "Close of Quarter": 44.9,
        "EPS": 3607,
        "Non-adjusted EPS": 3607,
        "PE": 12.4,
        "Book Price": 25.5
      }
    },
    {
      "quarter": "Q3 2016",
      "income status": {
        "Net sales": 78420,
        "Cost of goods sold": 54890,
        "Gross Profit": 23531,
        "Financial expenses": 18,
        "Of which: Interest expense": "N/A",
        "Cost of sales": 13764,
        "Enterprise cost management": 7638,
        "Total Operating Expenses": 21420,
        "Total revenue financing activities": 1278,
        "Net profit from business activities": 3389,
        "Profit": 53,
        "Profit before tax": 3441,
        "Present corporate income tax expenses": 880,
        "Deferred income taxes expenses": "N/A",
        "The interests of minority shareholders": "N/A",
        "Total Cost of profits": 880,
        "Profit after tax corporate income": 2562,
        "Volume": 8477640,
        "Close of Quarter": 54.8,
        "EPS": 4526,
        "Non-adjusted EPS": 4526,
        "PE": 12.1,
        "Book Price": 23.8
      }
    },
    {
      "quarter": "Q2 2016",
      "income status": {
        "Net sales": 91571,
        "Cost of goods sold": 63756,
        "Gross Profit": 27815,
        "Financial expenses": 2,
        "Of which: Interest expense": "N/A",
        "Cost of sales": 13644,
        "Enterprise cost management": 8756,
        "Total Operating Expenses": 22402,
        "Total revenue financing activities": 2274,
        "Net profit from business activities": 7688,
        "Profit": -27,
        "Profit before tax": 7660,
        "Present corporate income tax expenses": 1583,
        "Deferred income taxes expenses": "N/A",
        "The interests of minority shareholders": "N/A",
        "Total Cost of profits": 1583,
        "Profit after tax corporate income": 6078,
        "Volume": 8477640,
        "Close of Quarter": 37.8,
        "EPS": 4266,
        "Non-adjusted EPS": 4266,
        "PE": 8.9,
        "Book Price": 23.5
      }
    },
    {
      "quarter": "Q1 2016",
      "income status": {
        "Net sales": 93713,
        "Cost of goods sold": 58846,
        "Gross Profit": 34867,
        "Financial expenses": "N/A",
        "Of which: Interest expense": "N/A",
        "Cost of sales": 19184,
        "Enterprise cost management": 7886,
        "Total Operating Expenses": 27070,
        "Total revenue financing activities": 1602,
        "Net profit from business activities": 9398,
        "Profit": 222,
        "Profit before tax": 9620,
        "Present corporate income tax expenses": 1978,
        "Deferred income taxes expenses": "N/A",
        "The interests of minority shareholders": "N/A",
        "Total Cost of profits": 1978,
        "Profit after tax corporate income": 7641,
        "Volume": 8477640,
        "Close of Quarter": 47.1,
        "EPS": 3459,
        "Non-adjusted EPS": 3459,
        "PE": 13.6,
        "Book Price": 23.7
      }
    },
    {
      "quarter": "Q4 2015",
      "income status": {
        "Net sales": 143303,
        "Cost of goods sold": 105035,
        "Gross Profit": 38268,
        "Financial expenses": 4,
        "Of which: Interest expense": "N/A",
        "Cost of sales": 15121,
        "Enterprise cost management": 7611,
        "Total Operating Expenses": 22736,
        "Total revenue financing activities": 5549,
        "Net profit from business activities": 21081,
        "Profit": 7020,
        "Profit before tax": 28101,
        "Present corporate income tax expenses": 6012,
        "Deferred income taxes expenses": "N/A",
        "The interests of minority shareholders": "N/A",
        "Total Cost of profits": 6012,
        "Profit after tax corporate income": 22089,
        "Volume": 8477640,
        "Close of Quarter": 41.9,
        "EPS": 2668,
        "Non-adjusted EPS": 2668,
        "PE": 15.7,
        "Book Price": 24
      }
    },
    {
      "quarter": "Q3 2015",
      "income status": {
        "Net sales": 63704,
        "Cost of goods sold": 42850,
        "Gross Profit": 20854,
        "Financial expenses": 5,
        "Of which: Interest expense": "N/A",
        "Cost of sales": 11315,
        "Enterprise cost management": 9638,
        "Total Operating Expenses": 20958,
        "Total revenue financing activities": 994,
        "Net profit from business activities": 890,
        "Profit": -430,
        "Profit before tax": 459,
        "Present corporate income tax expenses": 101,
        "Deferred income taxes expenses": "N/A",
        "The interests of minority shareholders": "N/A",
        "Total Cost of profits": 101,
        "Profit after tax corporate income": 358,
        "Volume": 8477640,
        "Close of Quarter": 35.7,
        "EPS": 1127,
        "Non-adjusted EPS": 1127,
        "PE": 31.7,
        "Book Price": 21.4
      }
    },
    {
      "quarter": "Q2 2015",
      "income status": {
        "Net sales": 52111,
        "Cost of goods sold": 35435,
        "Gross Profit": 16675,
        "Financial expenses": 69,
        "Of which: Interest expense": 38,
        "Cost of sales": 12100,
        "Enterprise cost management": 8422,
        "Total Operating Expenses": 20591,
        "Total revenue financing activities": 2698,
        "Net profit from business activities": -1219,
        "Profit": -122,
        "Profit before tax": -1340,
        "Present corporate income tax expenses": -577,
        "Deferred income taxes expenses": "N/A",
        "The interests of minority shareholders": "N/A",
        "Total Cost of profits": -577,
        "Profit after tax corporate income": -763,
        "Volume": 8477640,
        "Close of Quarter": 36.4,
        "EPS": 1558,
        "Non-adjusted EPS": 1558,
        "PE": 23.3,
        "Book Price": 20.9
      }
    },
    {
      "quarter": "Q1 2015",
      "income status": {
        "Net sales": 71867,
        "Cost of goods sold": 49886,
        "Gross Profit": 21982,
        "Financial expenses": 26,
        "Of which: Interest expense": "N/A",
        "Cost of sales": 17246,
        "Enterprise cost management": 7819,
        "Total Operating Expenses": 25091,
        "Total revenue financing activities": 2771,
        "Net profit from business activities": -338,
        "Profit": 1906,
        "Profit before tax": 1568,
        "Present corporate income tax expenses": 633,
        "Deferred income taxes expenses": "N/A",
        "The interests of minority shareholders": "N/A",
        "Total Cost of profits": 633,
        "Profit after tax corporate income": 935,
        "Volume": 8477640,
        "Close of Quarter": 23.3,
        "EPS": 2234,
        "Non-adjusted EPS": 2234,
        "PE": 10.4,
        "Book Price": 21.8
      }
    },
    {
      "quarter": "Q4 2014",
      "income status": {
        "Net sales": 144837,
        "Cost of goods sold": 107810,
        "Gross Profit": 37027,
        "Financial expenses": 11,
        "Of which: Interest expense": "N/A",
        "Cost of sales": 24208,
        "Enterprise cost management": 8073,
        "Total Operating Expenses": 32292,
        "Total revenue financing activities": 3936,
        "Net profit from business activities": 8670,
        "Profit": 2737,
        "Profit before tax": 11408,
        "Present corporate income tax expenses": 2382,
        "Deferred income taxes expenses": "N/A",
        "The interests of minority shareholders": "N/A",
        "Total Cost of profits": 2382,
        "Profit after tax corporate income": 9025,
        "Volume": 8477640,
        "Close of Quarter": 22.6,
        "EPS": 2486,
        "Non-adjusted EPS": 2486,
        "PE": 9.1,
        "Book Price": 21.9
      }
    },
    {
      "quarter": "Q3 2014",
      "income status": {
        "Net sales": 90133,
        "Cost of goods sold": 63366,
        "Gross Profit": 26767,
        "Financial expenses": 17,
        "Of which: Interest expense": "N/A",
        "Cost of sales": 11951,
        "Enterprise cost management": 10456,
        "Total Operating Expenses": 22424,
        "Total revenue financing activities": 2016,
        "Net profit from business activities": 6359,
        "Profit": -1156,
        "Profit before tax": 5203,
        "Present corporate income tax expenses": 1195,
        "Deferred income taxes expenses": "N/A",
        "The interests of minority shareholders": "N/A",
        "Total Cost of profits": 1195,
        "Profit after tax corporate income": 4008,
        "Volume": 8477640,
        "Close of Quarter": 21.9,
        "EPS": 2990,
        "Non-adjusted EPS": 2990,
        "PE": 7.3,
        "Book Price": 21.7
      }
    },
    {
      "quarter": "Q2 2014",
      "income status": {
        "Net sales": 87368,
        "Cost of goods sold": 64555,
        "Gross Profit": 22814,
        "Financial expenses": 297,
        "Of which: Interest expense": 287,
        "Cost of sales": 11620,
        "Enterprise cost management": 7234,
        "Total Operating Expenses": 19151,
        "Total revenue financing activities": 4441,
        "Net profit from business activities": 8105,
        "Profit": -1327,
        "Profit before tax": 6778,
        "Present corporate income tax expenses": 1809,
        "Deferred income taxes expenses": "N/A",
        "The interests of minority shareholders": "N/A",
        "Total Cost of profits": 1809,
        "Profit after tax corporate income": 4969,
        "Volume": 8477640,
        "Close of Quarter": 25.7,
        "EPS": 2871,
        "Non-adjusted EPS": 2871,
        "PE": 8.9,
        "Book Price": 21.3
      }
    },
    {
      "quarter": "Q1 2014",
      "income status": {
        "Net sales": 82430,
        "Cost of goods sold": 55776,
        "Gross Profit": 26654,
        "Financial expenses": 41,
        "Of which: Interest expense": 35,
        "Cost of sales": 15944,
        "Enterprise cost management": 9510,
        "Total Operating Expenses": 25495,
        "Total revenue financing activities": 2748,
        "Net profit from business activities": 3907,
        "Profit": 34,
        "Profit before tax": 3941,
        "Present corporate income tax expenses": 867,
        "Deferred income taxes expenses": "N/A",
        "The interests of minority shareholders": "N/A",
        "Total Cost of profits": 867,
        "Profit after tax corporate income": 3074,
        "Volume": 8477640,
        "Close of Quarter": 24.8,
        "EPS": 2885,
        "Non-adjusted EPS": 2885,
        "PE": 8.6,
        "Book Price": 20.7
      }
    },
    {
      "quarter": "Q4 2013",
      "income status": {
        "Net sales": 128545,
        "Cost of goods sold": 92640,
        "Gross Profit": 35905,
        "Financial expenses": 10,
        "Of which: Interest expense": "N/A",
        "Cost of sales": 11744,
        "Enterprise cost management": 10856,
        "Total Operating Expenses": 22610,
        "Total revenue financing activities": 3721,
        "Net profit from business activities": 17016,
        "Profit": 1714,
        "Profit before tax": 18730,
        "Present corporate income tax expenses": 5437,
        "Deferred income taxes expenses": "N/A",
        "The interests of minority shareholders": "N/A",
        "Total Cost of profits": 5437,
        "Profit after tax corporate income": 13293,
        "Volume": 8477640,
        "Close of Quarter": 20.3,
        "EPS": 3207,
        "Non-adjusted EPS": 3207,
        "PE": 6.3,
        "Book Price": 22.4
      }
    },
    {
      "quarter": "Q3 2013",
      "income status": {
        "Net sales": 74677,
        "Cost of goods sold": 53457,
        "Gross Profit": 21220,
        "Financial expenses": 26,
        "Of which: Interest expense": "N/A",
        "Cost of sales": 12551,
        "Enterprise cost management": 8361,
        "Total Operating Expenses": 20938,
        "Total revenue financing activities": 4006,
        "Net profit from business activities": 4288,
        "Profit": -283,
        "Profit before tax": 4005,
        "Present corporate income tax expenses": 1001,
        "Deferred income taxes expenses": "N/A",
        "The interests of minority shareholders": "N/A",
        "Total Cost of profits": 1001,
        "Profit after tax corporate income": 3004,
        "Volume": 8477640,
        "Close of Quarter": 17.5,
        "EPS": 3298,
        "Non-adjusted EPS": 3298,
        "PE": 5.3,
        "Book Price": 20.9
      }
    },
    {
      "quarter": "Q2 2013",
      "income status": {
        "Net sales": 81295,
        "Cost of goods sold": 59798,
        "Gross Profit": 21497,
        "Financial expenses": 6,
        "Of which: Interest expense": "N/A",
        "Cost of sales": 11017,
        "Enterprise cost management": 8350,
        "Total Operating Expenses": 19373,
        "Total revenue financing activities": 3502,
        "Net profit from business activities": 5625,
        "Profit": 2127,
        "Profit before tax": 7752,
        "Present corporate income tax expenses": 2664,
        "Deferred income taxes expenses": "N/A",
        "The interests of minority shareholders": "N/A",
        "Total Cost of profits": 2664,
        "Profit after tax corporate income": 5088,
        "Volume": 8477640,
        "Close of Quarter": 14.1,
        "EPS": 3361,
        "Non-adjusted EPS": 3361,
        "PE": 4.2,
        "Book Price": 20.6
      }
    },
    {
      "quarter": "Q1 2013",
      "income status": {
        "Net sales": 128365,
        "Cost of goods sold": 94130,
        "Gross Profit": 34235,
        "Financial expenses": 5,
        "Of which: Interest expense": "N/A",
        "Cost of sales": 20276,
        "Enterprise cost management": 8946,
        "Total Operating Expenses": 29227,
        "Total revenue financing activities": 2724,
        "Net profit from business activities": 7732,
        "Profit": "N/A",
        "Profit before tax": 7733,
        "Present corporate income tax expenses": 1933,
        "Deferred income taxes expenses": "N/A",
        "The interests of minority shareholders": "N/A",
        "Total Cost of profits": 1933,
        "Profit after tax corporate income": 5799,
        "Volume": 8477640,
        "Close of Quarter": 12.7,
        "EPS": 2966,
        "Non-adjusted EPS": 2966,
        "PE": 4.3,
        "Book Price": 20
      }
    },
    {
      "quarter": "Q4 2012",
      "income status": {
        "Net sales": 112193,
        "Cost of goods sold": 80058,
        "Gross Profit": 32135,
        "Financial expenses": 10,
        "Of which: Interest expense": "N/A",
        "Cost of sales": 11217,
        "Enterprise cost management": 6225,
        "Total Operating Expenses": 17452,
        "Total revenue financing activities": 4026,
        "Net profit from business activities": 18709,
        "Profit": 50,
        "Profit before tax": 18759,
        "Present corporate income tax expenses": 4690,
        "Deferred income taxes expenses": "N/A",
        "The interests of minority shareholders": "N/A",
        "Total Cost of profits": 4690,
        "Profit after tax corporate income": 14069,
        "Volume": 8477640,
        "Close of Quarter": 7.2,
        "EPS": 2601,
        "Non-adjusted EPS": 2601,
        "PE": 2.8,
        "Book Price": 21
      }
    },
    {
      "quarter": "Q3 2012",
      "income status": {
        "Net sales": 67906,
        "Cost of goods sold": 51069,
        "Gross Profit": 16836,
        "Financial expenses": 6,
        "Of which: Interest expense": "N/A",
        "Cost of sales": 10791,
        "Enterprise cost management": 6842,
        "Total Operating Expenses": 17639,
        "Total revenue financing activities": 5478,
        "Net profit from business activities": 4676,
        "Profit": 39,
        "Profit before tax": 4714,
        "Present corporate income tax expenses": 1179,
        "Deferred income taxes expenses": "N/A",
        "The interests of minority shareholders": "N/A",
        "Total Cost of profits": 1179,
        "Profit after tax corporate income": 3536,
        "Volume": 8477640,
        "Close of Quarter": 6.8,
        "EPS": 1876,
        "Non-adjusted EPS": 1876,
        "PE": 3.6,
        "Book Price": 19.4
      }
    },
    {
      "quarter": "Q2 2012",
      "income status": {
        "Net sales": 66289,
        "Cost of goods sold": 48733,
        "Gross Profit": 17556,
        "Financial expenses": 5,
        "Of which: Interest expense": "N/A",
        "Cost of sales": 10042,
        "Enterprise cost management": 9299,
        "Total Operating Expenses": 19346,
        "Total revenue financing activities": 2826,
        "Net profit from business activities": 1035,
        "Profit": 1290,
        "Profit before tax": 2325,
        "Present corporate income tax expenses": 581,
        "Deferred income taxes expenses": "N/A",
        "The interests of minority shareholders": "N/A",
        "Total Cost of profits": 581,
        "Profit after tax corporate income": 1744,
        "Volume": 8477640,
        "Close of Quarter": 7.3,
        "EPS": 1977,
        "Non-adjusted EPS": 1977,
        "PE": 3.7,
        "Book Price": 18.9
      }
    },
    {
      "quarter": "Q1 2012",
      "income status": {
        "Net sales": 80644,
        "Cost of goods sold": 61706,
        "Gross Profit": 18937,
        "Financial expenses": 32,
        "Of which: Interest expense": "N/A",
        "Cost of sales": 12232,
        "Enterprise cost management": 6223,
        "Total Operating Expenses": 18487,
        "Total revenue financing activities": 2932,
        "Net profit from business activities": 3382,
        "Profit": 216,
        "Profit before tax": 3598,
        "Present corporate income tax expenses": 900,
        "Deferred income taxes expenses": "N/A",
        "The interests of minority shareholders": "N/A",
        "Total Cost of profits": 900,
        "Profit after tax corporate income": 2699,
        "Volume": 8477640,
        "Close of Quarter": 7.3,
        "EPS": 2282,
        "Non-adjusted EPS": 2282,
        "PE": 3.2,
        "Book Price": 20.2
      }
    },
    {
      "quarter": "Q4 2011",
      "income status": {
        "Net sales": 137009,
        "Cost of goods sold": 108445,
        "Gross Profit": 28564,
        "Financial expenses": 377,
        "Of which: Interest expense": "N/A",
        "Cost of sales": 16621,
        "Enterprise cost management": 4997,
        "Total Operating Expenses": 21995,
        "Total revenue financing activities": 4094,
        "Net profit from business activities": 10662,
        "Profit": -98,
        "Profit before tax": 10564,
        "Present corporate income tax expenses": 2641,
        "Deferred income taxes expenses": "N/A",
        "The interests of minority shareholders": "N/A",
        "Total Cost of profits": 2641,
        "Profit after tax corporate income": 7923,
        "Volume": 8477640,
        "Close of Quarter": 7.6,
        "EPS": 2325,
        "Non-adjusted EPS": 2325,
        "PE": 3.3,
        "Book Price": 18.2
      }
    },
    {
      "quarter": "Q3 2011",
      "income status": {
        "Net sales": 72613,
        "Cost of goods sold": 56735,
        "Gross Profit": 15878,
        "Financial expenses": -218,
        "Of which: Interest expense": "N/A",
        "Cost of sales": 8330,
        "Enterprise cost management": 5574,
        "Total Operating Expenses": 13686,
        "Total revenue financing activities": 3123,
        "Net profit from business activities": 5314,
        "Profit": 543,
        "Profit before tax": 5856,
        "Present corporate income tax expenses": 1464,
        "Deferred income taxes expenses": "N/A",
        "The interests of minority shareholders": "N/A",
        "Total Cost of profits": 1464,
        "Profit after tax corporate income": 4392,
        "Volume": 8477640,
        "Close of Quarter": 8.4,
        "EPS": 2717,
        "Non-adjusted EPS": 2717,
        "PE": 3.1,
        "Book Price": 18.9
      }
    },
    {
      "quarter": "Q2 2011",
      "income status": {
        "Net sales": 96218,
        "Cost of goods sold": 77040,
        "Gross Profit": 19179,
        "Financial expenses": 60,
        "Of which: Interest expense": "N/A",
        "Cost of sales": 10097,
        "Enterprise cost management": 5712,
        "Total Operating Expenses": 15869,
        "Total revenue financing activities": 2461,
        "Net profit from business activities": 5772,
        "Profit": 6,
        "Profit before tax": 5778,
        "Present corporate income tax expenses": 1444,
        "Deferred income taxes expenses": "N/A",
        "The interests of minority shareholders": "N/A",
        "Total Cost of profits": 1444,
        "Profit after tax corporate income": 4333,
        "Volume": 8477640,
        "Close of Quarter": 14.5,
        "EPS": 2472,
        "Non-adjusted EPS": 2472,
        "PE": 5.9,
        "Book Price": 18.4
      }
    },
    {
      "quarter": "Q1 2011",
      "income status": {
        "Net sales": 104750,
        "Cost of goods sold": 84983,
        "Gross Profit": 19767,
        "Financial expenses": 1272,
        "Of which: Interest expense": "N/A",
        "Cost of sales": 11388,
        "Enterprise cost management": 5518,
        "Total Operating Expenses": 18178,
        "Total revenue financing activities": 2465,
        "Net profit from business activities": 4054,
        "Profit": 31,
        "Profit before tax": 4085,
        "Present corporate income tax expenses": 1021,
        "Deferred income taxes expenses": "N/A",
        "The interests of minority shareholders": "N/A",
        "Total Cost of profits": 1021,
        "Profit after tax corporate income": 3064,
        "Volume": 8477640,
        "Close of Quarter": 17.4,
        "EPS": 2443,
        "Non-adjusted EPS": 2443,
        "PE": 7.1,
        "Book Price": 18.4
      }
    },
    {
      "quarter": "Q4 2010",
      "income status": {
        "Net sales": 117761,
        "Cost of goods sold": 94117,
        "Gross Profit": 23644,
        "Financial expenses": 36,
        "Of which: Interest expense": "N/A",
        "Cost of sales": 9053,
        "Enterprise cost management": 5520,
        "Total Operating Expenses": 14609,
        "Total revenue financing activities": 2563,
        "Net profit from business activities": 11598,
        "Profit": 1252,
        "Profit before tax": 12851,
        "Present corporate income tax expenses": 1606,
        "Deferred income taxes expenses": "N/A",
        "The interests of minority shareholders": "N/A",
        "Total Cost of profits": 1606,
        "Profit after tax corporate income": 11244,
        "Volume": 8477640,
        "Close of Quarter": 17.4,
        "EPS": 2794,
        "Non-adjusted EPS": 2794,
        "PE": 6.2,
        "Book Price": 18
      }
    },
    {
      "quarter": "Q3 2010",
      "income status": {
        "Net sales": 77634,
        "Cost of goods sold": 60005,
        "Gross Profit": 17629,
        "Financial expenses": -1012,
        "Of which: Interest expense": "N/A",
        "Cost of sales": 13393,
        "Enterprise cost management": 5212,
        "Total Operating Expenses": 17593,
        "Total revenue financing activities": 2186,
        "Net profit from business activities": 2223,
        "Profit": 417,
        "Profit before tax": 2640,
        "Present corporate income tax expenses": 327,
        "Deferred income taxes expenses": "N/A",
        "The interests of minority shareholders": "N/A",
        "Total Cost of profits": 327,
        "Profit after tax corporate income": 2313,
        "Volume": 8477640,
        "Close of Quarter": 15.0,
        "EPS": 3976,
        "Non-adjusted EPS": 3976,
        "PE": 3.8,
        "Book Price": 17.9
      }
    },
    {
      "quarter": "Q2 2010",
      "income status": {
        "Net sales": 83093,
        "Cost of goods sold": 61745,
        "Gross Profit": 21348,
        "Financial expenses": -969,
        "Of which: Interest expense": "N/A",
        "Cost of sales": 13214,
        "Enterprise cost management": 5150,
        "Total Operating Expenses": 17395,
        "Total revenue financing activities": 672,
        "Net profit from business activities": 4626,
        "Profit": 49,
        "Profit before tax": 4675,
        "Present corporate income tax expenses": 582,
        "Deferred income taxes expenses": "N/A",
        "The interests of minority shareholders": "N/A",
        "Total Cost of profits": 582,
        "Profit after tax corporate income": 4094,
        "Volume": 8477640,
        "Close of Quarter": 16.3,
        "EPS": 4067,
        "Non-adjusted EPS": 4067,
        "PE": 4,
        "Book Price": 17.4
      }
    },
    {
      "quarter": "Q1 2010",
      "income status": {
        "Net sales": 87723,
        "Cost of goods sold": 65534,
        "Gross Profit": 22189,
        "Financial expenses": 382,
        "Of which: Interest expense": "N/A",
        "Cost of sales": 13071,
        "Enterprise cost management": 4998,
        "Total Operating Expenses": 18451,
        "Total revenue financing activities": 2663,
        "Net profit from business activities": 6400,
        "Profit": 497,
        "Profit before tax": 6897,
        "Present corporate income tax expenses": 862,
        "Deferred income taxes expenses": "N/A",
        "The interests of minority shareholders": "N/A",
        "Total Cost of profits": 862,
        "Profit after tax corporate income": 6035,
        "Volume": 8477640,
        "Close of Quarter": 14.4,
        "EPS": 4165,
        "Non-adjusted EPS": 4165,
        "PE": 3.5,
        "Book Price": 17.5
      }
    },
    {
      "quarter": "Q4 2009",
      "income status": {
        "Net sales": 119041,
        "Cost of goods sold": 83965,
        "Gross Profit": 35076,
        "Financial expenses": 138,
        "Of which: Interest expense": "N/A",
        "Cost of sales": 2399,
        "Enterprise cost management": 8258,
        "Total Operating Expenses": 10795,
        "Total revenue financing activities": 1134,
        "Net profit from business activities": 25414,
        "Profit": 9,
        "Profit before tax": 25423,
        "Present corporate income tax expenses": 3038,
        "Deferred income taxes expenses": -1119,
        "The interests of minority shareholders": "N/A",
        "Total Cost of profits": 1919,
        "Profit after tax corporate income": 21267,
        "Volume": 8477640,
        "Close of Quarter": 15.4,
        "EPS": 4197,
        "Non-adjusted EPS": 4197,
        "PE": 3.7,
        "Book Price": 16.9
      }
    },
    {
      "quarter": "Q3 2009",
      "income status": {
        "Net sales": 59667,
        "Cost of goods sold": 39766,
        "Gross Profit": 19901,
        "Financial expenses": 43,
        "Of which: Interest expense": "N/A",
        "Cost of sales": 13000,
        "Enterprise cost management": 3995,
        "Total Operating Expenses": 17038,
        "Total revenue financing activities": 586,
        "Net profit from business activities": 3450,
        "Profit": 76,
        "Profit before tax": 3526,
        "Present corporate income tax expenses": 441,
        "Deferred income taxes expenses": "N/A",
        "The interests of minority shareholders": "N/A",
        "Total Cost of profits": 441,
        "Profit after tax corporate income": 3085,
        "Volume": 8477640,
        "Close of Quarter": 11.3,
        "EPS": 2995,
        "Non-adjusted EPS": 2995,
        "PE": 3.8,
        "Book Price": 15.5
      }
    },
    {
      "quarter": "Q2 2009",
      "income status": {
        "Net sales": 59114,
        "Cost of goods sold": 37238,
        "Gross Profit": 21877,
        "Financial expenses": 26,
        "Of which: Interest expense": "N/A",
        "Cost of sales": 14356,
        "Enterprise cost management": 3464,
        "Total Operating Expenses": 17846,
        "Total revenue financing activities": 1384,
        "Net profit from business activities": 5415,
        "Profit": 209,
        "Profit before tax": 5624,
        "Present corporate income tax expenses": 703,
        "Deferred income taxes expenses": "N/A",
        "The interests of minority shareholders": "N/A",
        "Total Cost of profits": 703,
        "Profit after tax corporate income": 4921,
        "Volume": 8477640,
        "Close of Quarter": 8.8,
        "EPS": 3068,
        "Non-adjusted EPS": 3068,
        "PE": 2.9,
        "Book Price": 15.8
      }
    },
    {
      "quarter": "Q1 2009",
      "income status": {
        "Net sales": 73123,
        "Cost of goods sold": 48844,
        "Gross Profit": 24280,
        "Financial expenses": 216,
        "Of which: Interest expense": "N/A",
        "Cost of sales": 14047,
        "Enterprise cost management": 3142,
        "Total Operating Expenses": 17405,
        "Total revenue financing activities": 318,
        "Net profit from business activities": 7193,
        "Profit": 19,
        "Profit before tax": 7212,
        "Present corporate income tax expenses": 901,
        "Deferred income taxes expenses": "N/A",
        "The interests of minority shareholders": "N/A",
        "Total Cost of profits": 901,
        "Profit after tax corporate income": 6310,
        "Volume": 8477640,
        "Close of Quarter": 6.4,
        "EPS": 2895,
        "Non-adjusted EPS": 2895,
        "PE": 2.2,
        "Book Price": 15.6
      }
    },
    {
      "quarter": "Q4 2008",
      "income status": {
        "Net sales": 81130,
        "Cost of goods sold": 54956,
        "Gross Profit": 26173,
        "Financial expenses": 1727,
        "Of which: Interest expense": "N/A",
        "Cost of sales": 10534,
        "Enterprise cost management": 3019,
        "Total Operating Expenses": 15280,
        "Total revenue financing activities": 2229,
        "Net profit from business activities": 13122,
        "Profit": -244,
        "Profit before tax": 12878,
        "Present corporate income tax expenses": 1803,
        "Deferred income taxes expenses": "N/A",
        "The interests of minority shareholders": "N/A",
        "Total Cost of profits": 1803,
        "Profit after tax corporate income": 11075,
        "Volume": 8477640,
        "Close of Quarter": 8.1,
        "EPS": 3122,
        "Non-adjusted EPS": 3122,
        "PE": 2.6,
        "Book Price": 15.8
      }
    },
    {
      "quarter": "Q3 2008",
      "income status": {
        "Net sales": 66150,
        "Cost of goods sold": 46715,
        "Gross Profit": 19435,
        "Financial expenses": 27,
        "Of which: Interest expense": "N/A",
        "Cost of sales": 14155,
        "Enterprise cost management": 2893,
        "Total Operating Expenses": 17075,
        "Total revenue financing activities": 1636,
        "Net profit from business activities": 3997,
        "Profit": 305,
        "Profit before tax": 4302,
        "Present corporate income tax expenses": 602,
        "Deferred income taxes expenses": "N/A",
        "The interests of minority shareholders": "N/A",
        "Total Cost of profits": 602,
        "Profit after tax corporate income": 3700,
        "Volume": 8477640,
        "Close of Quarter": 9.7,
        "EPS": 2796,
        "Non-adjusted EPS": 2796,
        "PE": 3.5,
        "Book Price": 14.6
      }
    },
    {
      "quarter": "Q2 2008",
      "income status": {
        "Net sales": 52938,
        "Cost of goods sold": 33013,
        "Gross Profit": 19925,
        "Financial expenses": 87,
        "Of which: Interest expense": "N/A",
        "Cost of sales": 14397,
        "Enterprise cost management": 2996,
        "Total Operating Expenses": 17480,
        "Total revenue financing activities": 1522,
        "Net profit from business activities": 3967,
        "Profit": 51,
        "Profit before tax": 4018,
        "Present corporate income tax expenses": 562,
        "Deferred income taxes expenses": "N/A",
        "The interests of minority shareholders": "N/A",
        "Total Cost of profits": 562,
        "Profit after tax corporate income": 3455,
        "Volume": 8500000,
        "Close of Quarter": 10.7,
        "EPS": 2711.1,
        "Non-adjusted EPS": 2704,
        "PE": 4.0,
        "Book Price": 14.7
      }
    },
    {
      "quarter": "Q1 2008",
      "income status": {
        "Net sales": 72216,
        "Cost of goods sold": 45519,
        "Gross Profit": 26697,
        "Financial expenses": 147,
        "Of which: Interest expense": "N/A",
        "Cost of sales": 16365,
        "Enterprise cost management": 2028,
        "Total Operating Expenses": 18540,
        "Total revenue financing activities": 1068,
        "Net profit from business activities": 9225,
        "Profit": 350,
        "Profit before tax": 9575,
        "Present corporate income tax expenses": 1341,
        "Deferred income taxes expenses": "N/A",
        "The interests of minority shareholders": "N/A",
        "Total Cost of profits": 1341,
        "Profit after tax corporate income": 8235,
        "Volume": 8500000,
        "Close of Quarter": 8.8,
        "EPS": 3001.9,
        "Non-adjusted EPS": 2994,
        "PE": 3.0,
        "Book Price": 15.1
      }
    },
    {
      "quarter": "Q4 2007",
      "income status": {
        "Net sales": 80010,
        "Cost of goods sold": 53613,
        "Gross Profit": 26397,
        "Financial expenses": 54,
        "Of which: Interest expense": "N/A",
        "Cost of sales": 16617,
        "Enterprise cost management": 1835,
        "Total Operating Expenses": 18506,
        "Total revenue financing activities": 1122,
        "Net profit from business activities": 9013,
        "Profit": 652,
        "Profit before tax": 9665,
        "Present corporate income tax expenses": 1353,
        "Deferred income taxes expenses": "N/A",
        "The interests of minority shareholders": "N/A",
        "Total Cost of profits": 1353,
        "Profit after tax corporate income": 8312,
        "Volume": 8500000,
        "Close of Quarter": 19.3,
        "EPS": 2590.8,
        "Non-adjusted EPS": 2584,
        "PE": 7.5,
        "Book Price": 14.3
      }
    },
    {
      "quarter": "Q3 2007",
      "income status": {
        "Net sales": 46177,
        "Cost of goods sold": 26653,
        "Gross Profit": 19525,
        "Financial expenses": 21,
        "Of which: Interest expense": "N/A",
        "Cost of sales": 15330,
        "Enterprise cost management": 1928,
        "Total Operating Expenses": 17279,
        "Total revenue financing activities": 958,
        "Net profit from business activities": 3204,
        "Profit": 565,
        "Profit before tax": 3769,
        "Present corporate income tax expenses": 784,
        "Deferred income taxes expenses": "N/A",
        "The interests of minority shareholders": "N/A",
        "Total Cost of profits": 784,
        "Profit after tax corporate income": 2985,
        "Volume": 8500000,
        "Close of Quarter": 21.0,
        "EPS": 2130.6,
        "Non-adjusted EPS": 2125,
        "PE": 9.9,
        "Book Price": 13.3
      }
    },
    {
      "quarter": "Q2 2007",
      "income status": {
        "Net sales": 50002,
        "Cost of goods sold": 27303,
        "Gross Profit": 22699,
        "Financial expenses": 15,
        "Of which: Interest expense": "N/A",
        "Cost of sales": 15171,
        "Enterprise cost management": 2061,
        "Total Operating Expenses": 17247,
        "Total revenue financing activities": 980,
        "Net profit from business activities": 6433,
        "Profit": 443,
        "Profit before tax": 6875,
        "Present corporate income tax expenses": 963,
        "Deferred income taxes expenses": "N/A",
        "The interests of minority shareholders": "N/A",
        "Total Cost of profits": 963,
        "Profit after tax corporate income": 5913,
        "Volume": 8500000,
        "Close of Quarter": 22.1,
        "EPS": 2272.0,
        "Non-adjusted EPS": 2266,
        "PE": 9.8,
        "Book Price": 13.5
      }
    },
    {
      "quarter": "Q1 2007",
      "income status": {
        "Net sales": 62705,
        "Cost of goods sold": 41814,
        "Gross Profit": 20891,
        "Financial expenses": "N/A",
        "Of which: Interest expense": "N/A",
        "Cost of sales": 14458,
        "Enterprise cost management": 1874,
        "Total Operating Expenses": 16332,
        "Total revenue financing activities": 644,
        "Net profit from business activities": 5203,
        "Profit": 322,
        "Profit before tax": 5525,
        "Present corporate income tax expenses": 774,
        "Deferred income taxes expenses": "N/A",
        "The interests of minority shareholders": "N/A",
        "Total Cost of profits": 774,
        "Profit after tax corporate income": 4752,
        "Volume": 8500000,
        "Close of Quarter": 30.0,
        "EPS": 2125.6,
        "Non-adjusted EPS": 2120,
        "PE": 14.1,
        "Book Price": 12.8
      }
    },
    {
      "quarter": "Q4 2006",
      "income status": {
        "Net sales": 65418,
        "Cost of goods sold": 41795,
        "Gross Profit": 23623,
        "Financial expenses": 10,
        "Of which: Interest expense": "N/A",
        "Cost of sales": 16841,
        "Enterprise cost management": 3071,
        "Total Operating Expenses": 19922,
        "Total revenue financing activities": 923,
        "Net profit from business activities": 4625,
        "Profit": 115,
        "Profit before tax": 4740,
        "Present corporate income tax expenses": 324,
        "Deferred income taxes expenses": "N/A",
        "The interests of minority shareholders": "N/A",
        "Total Cost of profits": 324,
        "Profit after tax corporate income": 4416,
        "Volume": 8500000,
        "Close of Quarter": 24.2,
        "EPS": 2108.6,
        "Non-adjusted EPS": 2103,
        "PE": 11.5,
        "Book Price": 13.0
      }
    },
    {
      "quarter": "Q3 2006",
      "income status": {
        "Net sales": 44773,
        "Cost of goods sold": 26764,
        "Gross Profit": 18009,
        "Financial expenses": "N/A",
        "Of which: Interest expense": "N/A",
        "Cost of sales": 12225,
        "Enterprise cost management": 1611,
        "Total Operating Expenses": 13836,
        "Total revenue financing activities": 518,
        "Net profit from business activities": 4690,
        "Profit": 304,
        "Profit before tax": 4995,
        "Present corporate income tax expenses": 818,
        "Deferred income taxes expenses": "N/A",
        "The interests of minority shareholders": "N/A",
        "Total Cost of profits": 818,
        "Profit after tax corporate income": 4176,
        "Volume": 8500000,
        "Close of Quarter": "N/A",
        "EPS": 1588.2,
        "Non-adjusted EPS": 1584,
        "PE": "N/A",
        "Book Price": 12.5
      }
    },
    {
      "quarter": "Q2 2006",
      "income status": {
        "Net sales": 43048,
        "Cost of goods sold": 26840,
        "Gross Profit": 16208,
        "Financial expenses": 11,
        "Of which: Interest expense": "N/A",
        "Cost of sales": 8745,
        "Enterprise cost management": 2781,
        "Total Operating Expenses": 11537,
        "Total revenue financing activities": 717,
        "Net profit from business activities": 5388,
        "Profit": 54,
        "Profit before tax": 5442,
        "Present corporate income tax expenses": 982,
        "Deferred income taxes expenses": -217,
        "The interests of minority shareholders": "N/A",
        "Total Cost of profits": 765,
        "Profit after tax corporate income": 4677,
        "Volume": 8500000,
        "Close of Quarter": "N/A",
        "EPS": 1095.9,
        "Non-adjusted EPS": 1093,
        "PE": "N/A",
        "Book Price": 12.6
      }
    },
    {
      "quarter": "Q1 2006",
      "income status": {
        "Net sales": 48125,
        "Cost of goods sold": 30793,
        "Gross Profit": 17332,
        "Financial expenses": 43,
        "Of which: Interest expense": "N/A",
        "Cost of sales": 10996,
        "Enterprise cost management": 1242,
        "Total Operating Expenses": 12281,
        "Total revenue financing activities": 201,
        "Net profit from business activities": 5253,
        "Profit": 107,
        "Profit before tax": 5360,
        "Present corporate income tax expenses": 750,
        "Deferred income taxes expenses": "N/A",
        "The interests of minority shareholders": "N/A",
        "Total Cost of profits": 750,
        "Profit after tax corporate income": 4610,
        "Volume": 8500000,
        "Close of Quarter": "N/A",
        "EPS": 543.4,
        "Non-adjusted EPS": 542,
        "PE": "N/A",
        "Book Price": "N/A"
      }
    }
  ]
}