{
  "ticker": "NHW",
  "data": [
    {
      "quarter": "Q4 2014",
      "income status": {
        "Net sales": 572559,
        "Cost of goods sold": 538618,
        "Gross Profit": 33942,
        "Financial expenses": 7520,
        "Of which: Interest expense": 4651,
        "Cost of sales": 2641,
        "Enterprise cost management": 7283,
        "Total Operating Expenses": 17444,
        "Total revenue financing activities": 1192,
        "Net profit from business activities": 17691,
        "Profit": 110,
        "Profit before tax": 17801,
        "Present corporate income tax expenses": 3760,
        "Deferred income taxes expenses": "N/A",
        "The interests of minority shareholders": "N/A",
        "Total Cost of profits": 3760,
        "Profit after tax corporate income": 14041,
        "Volume": 22868822,
        "Close of Quarter": 12.4,
        "EPS": 2288,
        "Non-adjusted EPS": 2288,
        "PE": 5.4,
        "Book Price": 15.3
      }
    },
    {
      "quarter": "Q3 2014",
      "income status": {
        "Net sales": 493742,
        "Cost of goods sold": 461373,
        "Gross Profit": 32368,
        "Financial expenses": 6885,
        "Of which: Interest expense": 3689,
        "Cost of sales": 3824,
        "Enterprise cost management": 6542,
        "Total Operating Expenses": 17251,
        "Total revenue financing activities": 773,
        "Net profit from business activities": 15891,
        "Profit": 129,
        "Profit before tax": 16020,
        "Present corporate income tax expenses": 3534,
        "Deferred income taxes expenses": "N/A",
        "The interests of minority shareholders": "N/A",
        "Total Cost of profits": 3534,
        "Profit after tax corporate income": 12486,
        "Volume": 22868822,
        "Close of Quarter": 12.4,
        "EPS": 2343,
        "Non-adjusted EPS": 2343,
        "PE": 5.3,
        "Book Price": 14.7
      }
    },
    {
      "quarter": "Q2 2014",
      "income status": {
        "Net sales": 485962,
        "Cost of goods sold": 451440,
        "Gross Profit": 34522,
        "Financial expenses": 7239,
        "Of which: Interest expense": 4059,
        "Cost of sales": 4530,
        "Enterprise cost management": 5583,
        "Total Operating Expenses": 17352,
        "Total revenue financing activities": 402,
        "Net profit from business activities": 17573,
        "Profit": 273,
        "Profit before tax": 17846,
        "Present corporate income tax expenses": 3935,
        "Deferred income taxes expenses": "N/A",
        "The interests of minority shareholders": "N/A",
        "Total Cost of profits": 3935,
        "Profit after tax corporate income": 13910,
        "Volume": 22868822,
        "Close of Quarter": 10.9,
        "EPS": 2425,
        "Non-adjusted EPS": 2425,
        "PE": 4.5,
        "Book Price": 14.1
      }
    },
    {
      "quarter": "Q1 2014",
      "income status": {
        "Net sales": 413974,
        "Cost of goods sold": 387176,
        "Gross Profit": 26798,
        "Financial expenses": 3818,
        "Of which: Interest expense": 2956,
        "Cost of sales": 4867,
        "Enterprise cost management": 3587,
        "Total Operating Expenses": 12272,
        "Total revenue financing activities": 444,
        "Net profit from business activities": 14971,
        "Profit": 314,
        "Profit before tax": 15285,
        "Present corporate income tax expenses": 3406,
        "Deferred income taxes expenses": "N/A",
        "The interests of minority shareholders": "N/A",
        "Total Cost of profits": 3406,
        "Profit after tax corporate income": 11878,
        "Volume": 22868822,
        "Close of Quarter": 11.6,
        "EPS": 2248,
        "Non-adjusted EPS": 2248,
        "PE": 5.2,
        "Book Price": 14.5
      }
    },
    {
      "quarter": "Q4 2013",
      "income status": {
        "Net sales": 476380,
        "Cost of goods sold": 445988,
        "Gross Profit": 30393,
        "Financial expenses": 3384,
        "Of which: Interest expense": 2785,
        "Cost of sales": 3267,
        "Enterprise cost management": 4099,
        "Total Operating Expenses": 10750,
        "Total revenue financing activities": 1032,
        "Net profit from business activities": 20674,
        "Profit": -94,
        "Profit before tax": 20581,
        "Present corporate income tax expenses": 5271,
        "Deferred income taxes expenses": "N/A",
        "The interests of minority shareholders": "N/A",
        "Total Cost of profits": 5271,
        "Profit after tax corporate income": 15310,
        "Volume": 22868822,
        "Close of Quarter": 11.0,
        "EPS": 2016,
        "Non-adjusted EPS": 2016,
        "PE": 5.5,
        "Book Price": 14
      }
    },
    {
      "quarter": "Q3 2013",
      "income status": {
        "Net sales": 476729,
        "Cost of goods sold": 441134,
        "Gross Profit": 35595,
        "Financial expenses": 8287,
        "Of which: Interest expense": 4719,
        "Cost of sales": 4725,
        "Enterprise cost management": 4129,
        "Total Operating Expenses": 17141,
        "Total revenue financing activities": 741,
        "Net profit from business activities": 19195,
        "Profit": 101,
        "Profit before tax": 19297,
        "Present corporate income tax expenses": 4932,
        "Deferred income taxes expenses": "N/A",
        "The interests of minority shareholders": "N/A",
        "Total Cost of profits": 4932,
        "Profit after tax corporate income": 14365,
        "Volume": 22868822,
        "Close of Quarter": 11.9,
        "EPS": 1826,
        "Non-adjusted EPS": 1826,
        "PE": 6.5,
        "Book Price": 13.3
      }
    },
    {
      "quarter": "Q2 2013",
      "income status": {
        "Net sales": 423949,
        "Cost of goods sold": 391544,
        "Gross Profit": 32405,
        "Financial expenses": 12857,
        "Of which: Interest expense": 5412,
        "Cost of sales": 3513,
        "Enterprise cost management": 3477,
        "Total Operating Expenses": 19847,
        "Total revenue financing activities": 102,
        "Net profit from business activities": 12660,
        "Profit": 397,
        "Profit before tax": 13057,
        "Present corporate income tax expenses": 3193,
        "Deferred income taxes expenses": "N/A",
        "The interests of minority shareholders": "N/A",
        "Total Cost of profits": 3193,
        "Profit after tax corporate income": 9864,
        "Volume": 22868822,
        "Close of Quarter": 10.1,
        "EPS": 1416,
        "Non-adjusted EPS": 1416,
        "PE": 7.2,
        "Book Price": 12.7
      }
    },
    {
      "quarter": "Q1 2013",
      "income status": {
        "Net sales": 354566,
        "Cost of goods sold": 334322,
        "Gross Profit": 20244,
        "Financial expenses": 5951,
        "Of which: Interest expense": 4773,
        "Cost of sales": 2443,
        "Enterprise cost management": 3679,
        "Total Operating Expenses": 12073,
        "Total revenue financing activities": 669,
        "Net profit from business activities": 8841,
        "Profit": "N/A",
        "Profit before tax": 8841,
        "Present corporate income tax expenses": 2279,
        "Deferred income taxes expenses": "N/A",
        "The interests of minority shareholders": "N/A",
        "Total Cost of profits": 2279,
        "Profit after tax corporate income": 6561,
        "Volume": 22868822,
        "Close of Quarter": 7.6,
        "EPS": 1448,
        "Non-adjusted EPS": 1448,
        "PE": 5.3,
        "Book Price": 12.3
      }
    },
    {
      "quarter": "Q4 2012",
      "income status": {
        "Net sales": 436762,
        "Cost of goods sold": 413166,
        "Gross Profit": 23596,
        "Financial expenses": 6166,
        "Of which: Interest expense": 5607,
        "Cost of sales": 2766,
        "Enterprise cost management": 3516,
        "Total Operating Expenses": 12448,
        "Total revenue financing activities": 1249,
        "Net profit from business activities": 12397,
        "Profit": 1053,
        "Profit before tax": 13450,
        "Present corporate income tax expenses": 2480,
        "Deferred income taxes expenses": "N/A",
        "The interests of minority shareholders": "N/A",
        "Total Cost of profits": 2480,
        "Profit after tax corporate income": 10970,
        "Volume": 22868822,
        "Close of Quarter": 8.4,
        "EPS": 1328,
        "Non-adjusted EPS": 1328,
        "PE": 6.3,
        "Book Price": 12
      }
    },
    {
      "quarter": "Q3 2012",
      "income status": {
        "Net sales": 491001,
        "Cost of goods sold": 474494,
        "Gross Profit": 16507,
        "Financial expenses": 5029,
        "Of which: Interest expense": 4164,
        "Cost of sales": 2788,
        "Enterprise cost management": 3955,
        "Total Operating Expenses": 11772,
        "Total revenue financing activities": 1330,
        "Net profit from business activities": 6065,
        "Profit": 5,
        "Profit before tax": 6070,
        "Present corporate income tax expenses": 1081,
        "Deferred income taxes expenses": "N/A",
        "The interests of minority shareholders": "N/A",
        "Total Cost of profits": 1081,
        "Profit after tax corporate income": 4989,
        "Volume": 22868822,
        "Close of Quarter": 8.4,
        "EPS": 760,
        "Non-adjusted EPS": 760,
        "PE": 11.0,
        "Book Price": 12.5
      }
    },
    {
      "quarter": "Q2 2012",
      "income status": {
        "Net sales": 374337,
        "Cost of goods sold": 350611,
        "Gross Profit": 23726,
        "Financial expenses": 5882,
        "Of which: Interest expense": 3833,
        "Cost of sales": 2090,
        "Enterprise cost management": 4413,
        "Total Operating Expenses": 12385,
        "Total revenue financing activities": 1190,
        "Net profit from business activities": 12532,
        "Profit": -79,
        "Profit before tax": 12453,
        "Present corporate income tax expenses": 1859,
        "Deferred income taxes expenses": "N/A",
        "The interests of minority shareholders": "N/A",
        "Total Cost of profits": 1859,
        "Profit after tax corporate income": 10594,
        "Volume": 22868822,
        "Close of Quarter": 8.6,
        "EPS": 1122,
        "Non-adjusted EPS": 1122,
        "PE": 7.7,
        "Book Price": 12.3
      }
    },
    {
      "quarter": "Q1 2012",
      "income status": {
        "Net sales": 345275,
        "Cost of goods sold": 331304,
        "Gross Profit": 13971,
        "Financial expenses": 4800,
        "Of which: Interest expense": 3372,
        "Cost of sales": 1622,
        "Enterprise cost management": 3374,
        "Total Operating Expenses": 9796,
        "Total revenue financing activities": 786,
        "Net profit from business activities": 4961,
        "Profit": 147,
        "Profit before tax": 5109,
        "Present corporate income tax expenses": 1282,
        "Deferred income taxes expenses": "N/A",
        "The interests of minority shareholders": "N/A",
        "Total Cost of profits": 1282,
        "Profit after tax corporate income": 3827,
        "Volume": 22868822,
        "Close of Quarter": 8.3,
        "EPS": 1343,
        "Non-adjusted EPS": 1343,
        "PE": 6.2,
        "Book Price": 12.8
      }
    },
    {
      "quarter": "Q4 2011",
      "income status": {
        "Net sales": 375471,
        "Cost of goods sold": 363560,
        "Gross Profit": 11911,
        "Financial expenses": 11311,
        "Of which: Interest expense": 6892,
        "Cost of sales": 1798,
        "Enterprise cost management": 3559,
        "Total Operating Expenses": 16668,
        "Total revenue financing activities": 2287,
        "Net profit from business activities": -2469,
        "Profit": 13,
        "Profit before tax": -2456,
        "Present corporate income tax expenses": -430,
        "Deferred income taxes expenses": "N/A",
        "The interests of minority shareholders": "N/A",
        "Total Cost of profits": -430,
        "Profit after tax corporate income": -2026,
        "Volume": 22868822,
        "Close of Quarter": 9.9,
        "EPS": 1871,
        "Non-adjusted EPS": 1871,
        "PE": 5.3,
        "Book Price": 12.6
      }
    },
    {
      "quarter": "Q3 2011",
      "income status": {
        "Net sales": 298336,
        "Cost of goods sold": 276376,
        "Gross Profit": 21960,
        "Financial expenses": 5262,
        "Of which: Interest expense": 2373,
        "Cost of sales": 2142,
        "Enterprise cost management": 4252,
        "Total Operating Expenses": 11656,
        "Total revenue financing activities": 1889,
        "Net profit from business activities": 12194,
        "Profit": 51,
        "Profit before tax": 12245,
        "Present corporate income tax expenses": -1013,
        "Deferred income taxes expenses": "N/A",
        "The interests of minority shareholders": "N/A",
        "Total Cost of profits": -1013,
        "Profit after tax corporate income": 13258,
        "Volume": 22877912,
        "Close of Quarter": 10.5,
        "EPS": 2080.8,
        "Non-adjusted EPS": 2080,
        "PE": 5.0,
        "Book Price": 12.7
      }
    },
    {
      "quarter": "Q2 2011",
      "income status": {
        "Net sales": 367982,
        "Cost of goods sold": 333600,
        "Gross Profit": 34382,
        "Financial expenses": 10156,
        "Of which: Interest expense": "N/A",
        "Cost of sales": 1922,
        "Enterprise cost management": 4440,
        "Total Operating Expenses": 16518,
        "Total revenue financing activities": 2944,
        "Net profit from business activities": 20809,
        "Profit": 67,
        "Profit before tax": 20876,
        "Present corporate income tax expenses": 5219,
        "Deferred income taxes expenses": "N/A",
        "The interests of minority shareholders": "N/A",
        "Total Cost of profits": 5219,
        "Profit after tax corporate income": 15657,
        "Volume": 22877912,
        "Close of Quarter": 8.0,
        "EPS": 1853.7,
        "Non-adjusted EPS": 1853,
        "PE": 4.3,
        "Book Price": 12.6
      }
    },
    {
      "quarter": "Q1 2011",
      "income status": {
        "Net sales": 354037,
        "Cost of goods sold": 307058,
        "Gross Profit": 46979,
        "Financial expenses": 23795,
        "Of which: Interest expense": 4918,
        "Cost of sales": 2143,
        "Enterprise cost management": 3596,
        "Total Operating Expenses": 29534,
        "Total revenue financing activities": 3760,
        "Net profit from business activities": 21205,
        "Profit": "N/A",
        "Profit before tax": 21205,
        "Present corporate income tax expenses": 5301,
        "Deferred income taxes expenses": "N/A",
        "The interests of minority shareholders": "N/A",
        "Total Cost of profits": 5301,
        "Profit after tax corporate income": 15903,
        "Volume": 22877912,
        "Close of Quarter": 13.7,
        "EPS": 2075.8,
        "Non-adjusted EPS": 2075,
        "PE": 6.6,
        "Book Price": 11.9
      }
    },
    {
      "quarter": "Q4 2010",
      "income status": {
        "Net sales": 365469,
        "Cost of goods sold": 350260,
        "Gross Profit": 15209,
        "Financial expenses": 8745,
        "Of which: Interest expense": 6944,
        "Cost of sales": 1475,
        "Enterprise cost management": 3502,
        "Total Operating Expenses": 13722,
        "Total revenue financing activities": 2057,
        "Net profit from business activities": 3543,
        "Profit": 156,
        "Profit before tax": 3700,
        "Present corporate income tax expenses": 925,
        "Deferred income taxes expenses": "N/A",
        "The interests of minority shareholders": "N/A",
        "Total Cost of profits": 925,
        "Profit after tax corporate income": 2775,
        "Volume": 22877912,
        "Close of Quarter": 11.5,
        "EPS": 2115.8,
        "Non-adjusted EPS": 2115,
        "PE": 5.5,
        "Book Price": 11.2
      }
    },
    {
      "quarter": "Q3 2010",
      "income status": {
        "Net sales": 325396,
        "Cost of goods sold": 304512,
        "Gross Profit": 20884,
        "Financial expenses": 6611,
        "Of which: Interest expense": 1782,
        "Cost of sales": 3470,
        "Enterprise cost management": 2230,
        "Total Operating Expenses": 12311,
        "Total revenue financing activities": 2126,
        "Net profit from business activities": 10699,
        "Profit": 48,
        "Profit before tax": 10748,
        "Present corporate income tax expenses": 2687,
        "Deferred income taxes expenses": "N/A",
        "The interests of minority shareholders": "N/A",
        "Total Cost of profits": 2687,
        "Profit after tax corporate income": 8061,
        "Volume": 22950627,
        "Close of Quarter": 13.4,
        "EPS": 2739.8,
        "Non-adjusted EPS": 2730,
        "PE": 4.9,
        "Book Price": 11.1
      }
    },
    {
      "quarter": "Q2 2010",
      "income status": {
        "Net sales": 266648,
        "Cost of goods sold": 232554,
        "Gross Profit": 34094,
        "Financial expenses": 3238,
        "Of which: Interest expense": 1368,
        "Cost of sales": 3023,
        "Enterprise cost management": 2197,
        "Total Operating Expenses": 8458,
        "Total revenue financing activities": 1972,
        "Net profit from business activities": 27608,
        "Profit": 34,
        "Profit before tax": 27641,
        "Present corporate income tax expenses": 6910,
        "Deferred income taxes expenses": "N/A",
        "The interests of minority shareholders": "N/A",
        "Total Cost of profits": 6910,
        "Profit after tax corporate income": 20731,
        "Volume": 22950627,
        "Close of Quarter": 14.2,
        "EPS": 3233.5,
        "Non-adjusted EPS": 3222,
        "PE": 4.4,
        "Book Price": 11.7
      }
    },
    {
      "quarter": "Q1 2010",
      "income status": {
        "Net sales": 258072,
        "Cost of goods sold": 218891,
        "Gross Profit": 39181,
        "Financial expenses": 13304,
        "Of which: Interest expense": 3563,
        "Cost of sales": 4951,
        "Enterprise cost management": 2410,
        "Total Operating Expenses": 20665,
        "Total revenue financing activities": 3899,
        "Net profit from business activities": 22415,
        "Profit": 1,
        "Profit before tax": 22417,
        "Present corporate income tax expenses": 5604,
        "Deferred income taxes expenses": "N/A",
        "The interests of minority shareholders": "N/A",
        "Total Cost of profits": 5604,
        "Profit after tax corporate income": 16812,
        "Volume": 22950627,
        "Close of Quarter": 14.1,
        "EPS": 3492.5,
        "Non-adjusted EPS": 3480,
        "PE": 4.0,
        "Book Price": 11.2
      }
    },
    {
      "quarter": "Q4 2009",
      "income status": {
        "Net sales": 284813,
        "Cost of goods sold": 240994,
        "Gross Profit": 43820,
        "Financial expenses": 28032,
        "Of which: Interest expense": 3315,
        "Cost of sales": 3030,
        "Enterprise cost management": 2725,
        "Total Operating Expenses": 33787,
        "Total revenue financing activities": 2790,
        "Net profit from business activities": 12824,
        "Profit": 8262,
        "Profit before tax": 21086,
        "Present corporate income tax expenses": 4043,
        "Deferred income taxes expenses": "N/A",
        "The interests of minority shareholders": "N/A",
        "Total Cost of profits": 4043,
        "Profit after tax corporate income": 17044,
        "Volume": 22950627,
        "Close of Quarter": "N/A",
        "EPS": 1932.9,
        "Non-adjusted EPS": 1926,
        "PE": "N/A",
        "Book Price": 10.5
      }
    },
    {
      "quarter": "Q3 2009",
      "income status": {
        "Net sales": 193531,
        "Cost of goods sold": 161292,
        "Gross Profit": 32239,
        "Financial expenses": 7683,
        "Of which: Interest expense": 2514,
        "Cost of sales": 1848,
        "Enterprise cost management": 1910,
        "Total Operating Expenses": 11441,
        "Total revenue financing activities": 2668,
        "Net profit from business activities": 23466,
        "Profit": -1,
        "Profit before tax": 23465,
        "Present corporate income tax expenses": 4106,
        "Deferred income taxes expenses": "N/A",
        "The interests of minority shareholders": "N/A",
        "Total Cost of profits": 4106,
        "Profit after tax corporate income": 19358,
        "Volume": 22950627,
        "Close of Quarter": "N/A",
        "EPS": -750.7,
        "Non-adjusted EPS": -748,
        "PE": "N/A",
        "Book Price": 11.3
      }
    },
    {
      "quarter": "Q2 2009",
      "income status": {
        "Net sales": 253183,
        "Cost of goods sold": 218564,
        "Gross Profit": 34619,
        "Financial expenses": 5133,
        "Of which: Interest expense": 1505,
        "Cost of sales": 1686,
        "Enterprise cost management": 1401,
        "Total Operating Expenses": 8220,
        "Total revenue financing activities": 1249,
        "Net profit from business activities": 27648,
        "Profit": 665,
        "Profit before tax": 28313,
        "Present corporate income tax expenses": 1657,
        "Deferred income taxes expenses": "N/A",
        "The interests of minority shareholders": "N/A",
        "Total Cost of profits": 1657,
        "Profit after tax corporate income": 26656,
        "Volume": 22950627,
        "Close of Quarter": "N/A",
        "EPS": -1172.2,
        "Non-adjusted EPS": -1168,
        "PE": "N/A",
        "Book Price": 10.4
      }
    },
    {
      "quarter": "Q1 2009",
      "income status": {
        "Net sales": 179170,
        "Cost of goods sold": 185471,
        "Gross Profit": -6301,
        "Financial expenses": 12083,
        "Of which: Interest expense": 2253,
        "Cost of sales": 920,
        "Enterprise cost management": 2011,
        "Total Operating Expenses": 15014,
        "Total revenue financing activities": 1976,
        "Net profit from business activities": -19338,
        "Profit": 494,
        "Profit before tax": -18844,
        "Present corporate income tax expenses": "N/A",
        "Deferred income taxes expenses": "N/A",
        "The interests of minority shareholders": "N/A",
        "Total Cost of profits": 0,
        "Profit after tax corporate income": -18844,
        "Volume": 22950627,
        "Close of Quarter": "N/A",
        "EPS": -1764.3,
        "Non-adjusted EPS": -1758,
        "PE": "N/A",
        "Book Price": 10.6
      }
    },
    {
      "quarter": "Q4 2008",
      "income status": {
        "Net sales": 130533,
        "Cost of goods sold": 161956,
        "Gross Profit": -31423,
        "Financial expenses": 11057,
        "Of which: Interest expense": 3016,
        "Cost of sales": 2197,
        "Enterprise cost management": 1969,
        "Total Operating Expenses": 15223,
        "Total revenue financing activities": 2065,
        "Net profit from business activities": -44581,
        "Profit": 246,
        "Profit before tax": -44335,
        "Present corporate income tax expenses": "N/A",
        "Deferred income taxes expenses": "N/A",
        "The interests of minority shareholders": "N/A",
        "Total Cost of profits": 0,
        "Profit after tax corporate income": -44335,
        "Volume": 22950627,
        "Close of Quarter": "N/A",
        "EPS": -319.1,
        "Non-adjusted EPS": -318,
        "PE": "N/A",
        "Book Price": 11.5
      }
    },
    {
      "quarter": "Q3 2008",
      "income status": {
        "Net sales": 230080,
        "Cost of goods sold": 203739,
        "Gross Profit": 26341,
        "Financial expenses": 12778,
        "Of which: Interest expense": 4004,
        "Cost of sales": 2060,
        "Enterprise cost management": 1758,
        "Total Operating Expenses": 16596,
        "Total revenue financing activities": 2845,
        "Net profit from business activities": 12589,
        "Profit": 11,
        "Profit before tax": 12600,
        "Present corporate income tax expenses": 2890,
        "Deferred income taxes expenses": "N/A",
        "The interests of minority shareholders": "N/A",
        "Total Cost of profits": 2890,
        "Profit after tax corporate income": 9710,
        "Volume": 22950627,
        "Close of Quarter": "N/A",
        "EPS": 2038.3,
        "Non-adjusted EPS": 2031,
        "PE": "N/A",
        "Book Price": 13.1
      }
    },
    {
      "quarter": "Q2 2008",
      "income status": {
        "Net sales": 240583,
        "Cost of goods sold": 213548,
        "Gross Profit": 27034,
        "Financial expenses": 9499,
        "Of which: Interest expense": 2571,
        "Cost of sales": 1460,
        "Enterprise cost management": 1772,
        "Total Operating Expenses": 12731,
        "Total revenue financing activities": 2912,
        "Net profit from business activities": 17216,
        "Profit": -184,
        "Profit before tax": 17032,
        "Present corporate income tax expenses": 3906,
        "Deferred income taxes expenses": "N/A",
        "The interests of minority shareholders": "N/A",
        "Total Cost of profits": 3906,
        "Profit after tax corporate income": 13126,
        "Volume": 22950627,
        "Close of Quarter": "N/A",
        "EPS": 2020.2,
        "Non-adjusted EPS": 2013,
        "PE": "N/A",
        "Book Price": 12.7
      }
    },
    {
      "quarter": "Q1 2008",
      "income status": {
        "Net sales": 242058,
        "Cost of goods sold": 220352,
        "Gross Profit": 21705,
        "Financial expenses": 2580,
        "Of which: Interest expense": 2188,
        "Cost of sales": 1193,
        "Enterprise cost management": 1418,
        "Total Operating Expenses": 5191,
        "Total revenue financing activities": 1925,
        "Net profit from business activities": 18439,
        "Profit": -1,
        "Profit before tax": 18438,
        "Present corporate income tax expenses": 4229,
        "Deferred income taxes expenses": "N/A",
        "The interests of minority shareholders": "N/A",
        "Total Cost of profits": 4229,
        "Profit after tax corporate income": 14209,
        "Volume": 22950627,
        "Close of Quarter": "N/A",
        "EPS": 1913.8,
        "Non-adjusted EPS": 1907,
        "PE": "N/A",
        "Book Price": 12.0
      }
    },
    {
      "quarter": "Q4 2007",
      "income status": {
        "Net sales": 254130,
        "Cost of goods sold": 239384,
        "Gross Profit": 14746,
        "Financial expenses": 2280,
        "Of which: Interest expense": 1752,
        "Cost of sales": 2085,
        "Enterprise cost management": -3510,
        "Total Operating Expenses": 855,
        "Total revenue financing activities": 1709,
        "Net profit from business activities": 15600,
        "Profit": -3046,
        "Profit before tax": 12554,
        "Present corporate income tax expenses": 2976,
        "Deferred income taxes expenses": "N/A",
        "The interests of minority shareholders": "N/A",
        "Total Cost of profits": 2976,
        "Profit after tax corporate income": 9578,
        "Volume": 22950627,
        "Close of Quarter": "N/A",
        "EPS": 1460.2,
        "Non-adjusted EPS": 1455,
        "PE": "N/A",
        "Book Price": "N/A"
      }
    },
    {
      "quarter": "Q3 2007",
      "income status": {
        "Net sales": 209615,
        "Cost of goods sold": 195429,
        "Gross Profit": 14186,
        "Financial expenses": 1670,
        "Of which: Interest expense": 1090,
        "Cost of sales": 642,
        "Enterprise cost management": 1059,
        "Total Operating Expenses": 3371,
        "Total revenue financing activities": 376,
        "Net profit from business activities": 11192,
        "Profit": 1018,
        "Profit before tax": 12210,
        "Present corporate income tax expenses": 2914,
        "Deferred income taxes expenses": "N/A",
        "The interests of minority shareholders": "N/A",
        "Total Cost of profits": 2914,
        "Profit after tax corporate income": 9295,
        "Volume": 22950627,
        "Close of Quarter": "N/A",
        "EPS": 1040.7,
        "Non-adjusted EPS": 1037,
        "PE": "N/A",
        "Book Price": "N/A"
      }
    },
    {
      "quarter": "Q2 2007",
      "income status": {
        "Net sales": 194088,
        "Cost of goods sold": 178564,
        "Gross Profit": 15523,
        "Financial expenses": 2235,
        "Of which: Interest expense": 1659,
        "Cost of sales": 902,
        "Enterprise cost management": 1680,
        "Total Operating Expenses": 4817,
        "Total revenue financing activities": 1906,
        "Net profit from business activities": 12612,
        "Profit": 1425,
        "Profit before tax": 14037,
        "Present corporate income tax expenses": 3351,
        "Deferred income taxes expenses": "N/A",
        "The interests of minority shareholders": "N/A",
        "Total Cost of profits": 3351,
        "Profit after tax corporate income": 10687,
        "Volume": 22950627,
        "Close of Quarter": "N/A",
        "EPS": 634.3,
        "Non-adjusted EPS": 632,
        "PE": "N/A",
        "Book Price": "N/A"
      }
    },
    {
      "quarter": "Q1 2007",
      "income status": {
        "Net sales": 178272,
        "Cost of goods sold": 170331,
        "Gross Profit": 7941,
        "Financial expenses": 1362,
        "Of which: Interest expense": 1122,
        "Cost of sales": 1159,
        "Enterprise cost management": 1531,
        "Total Operating Expenses": 4052,
        "Total revenue financing activities": 653,
        "Net profit from business activities": 4541,
        "Profit": 487,
        "Profit before tax": 5029,
        "Present corporate income tax expenses": 1200,
        "Deferred income taxes expenses": "N/A",
        "The interests of minority shareholders": "N/A",
        "Total Cost of profits": 1200,
        "Profit after tax corporate income": 3828,
        "Volume": 22950627,
        "Close of Quarter": "N/A",
        "EPS": 167.6,
        "Non-adjusted EPS": 167,
        "PE": "N/A",
        "Book Price": "N/A"
      }
    }
  ]
}