{
  "ticker": "DPR",
  "data": [
    {
      "quarter": "Q1 2017",
      "income status": {
        "Net sales": 118865,
        "Cost of goods sold": 73762,
        "Gross Profit": 45103,
        "Financial expenses": 880,
        "Of which: Interest expense": 521,
        "Cost of sales": 2752,
        "Enterprise cost management": 12226,
        "Total Operating Expenses": 15858,
        "Total revenue financing activities": 10424,
        "Net profit from business activities": 39669,
        "Profit": 1874,
        "Profit before tax": 41543,
        "Present corporate income tax expenses": 10323,
        "Deferred income taxes expenses": 2591,
        "The interests of minority shareholders": 1812,
        "Total Cost of profits": 14726,
        "Profit after tax corporate income": 26817,
        "Volume": 43000000,
        "Close of Quarter": 40.2,
        "EPS": 2204,
        "Non-adjusted EPS": 2204,
        "PE": 18.2,
        "Book Price": 64.6
      }
    },
    {
      "quarter": "Q4 2016",
      "income status": {
        "Net sales": 283145,
        "Cost of goods sold": 241304,
        "Gross Profit": 41841,
        "Financial expenses": 13573,
        "Of which: Interest expense": -499,
        "Cost of sales": 5896,
        "Enterprise cost management": 20177,
        "Total Operating Expenses": 39646,
        "Total revenue financing activities": 14730,
        "Net profit from business activities": 16925,
        "Profit": 3126,
        "Profit before tax": 20051,
        "Present corporate income tax expenses": 7253,
        "Deferred income taxes expenses": 3179,
        "The interests of minority shareholders": 371,
        "Total Cost of profits": 10803,
        "Profit after tax corporate income": 9247,
        "Volume": 43000000,
        "Close of Quarter": 37,
        "EPS": 2204,
        "Non-adjusted EPS": 2204,
        "PE": 16.8,
        "Book Price": 61.5
      }
    },
    {
      "quarter": "Q3 2016",
      "income status": {
        "Net sales": 218187,
        "Cost of goods sold": 182286,
        "Gross Profit": 35901,
        "Financial expenses": 3052,
        "Of which: Interest expense": 839,
        "Cost of sales": 3789,
        "Enterprise cost management": 14959,
        "Total Operating Expenses": 21800,
        "Total revenue financing activities": 14436,
        "Net profit from business activities": 28537,
        "Profit": 2640,
        "Profit before tax": 31177,
        "Present corporate income tax expenses": 3510,
        "Deferred income taxes expenses": "N/A",
        "The interests of minority shareholders": -349,
        "Total Cost of profits": 3161,
        "Profit after tax corporate income": 28016,
        "Volume": 43000000,
        "Close of Quarter": 32.6,
        "EPS": 2105,
        "Non-adjusted EPS": 2105,
        "PE": 15.5,
        "Book Price": 60.5
      }
    },
    {
      "quarter": "Q2 2016",
      "income status": {
        "Net sales": 186563,
        "Cost of goods sold": 149254,
        "Gross Profit": 37308,
        "Financial expenses": 3749,
        "Of which: Interest expense": 803,
        "Cost of sales": 2591,
        "Enterprise cost management": 13436,
        "Total Operating Expenses": 19776,
        "Total revenue financing activities": 13790,
        "Net profit from business activities": 31322,
        "Profit": 1492,
        "Profit before tax": 32815,
        "Present corporate income tax expenses": 5122,
        "Deferred income taxes expenses": -2880,
        "The interests of minority shareholders": -113,
        "Total Cost of profits": 2129,
        "Profit after tax corporate income": 30686,
        "Volume": 43000000,
        "Close of Quarter": 32.7,
        "EPS": 2331,
        "Non-adjusted EPS": 2331,
        "PE": 14.0,
        "Book Price": 59.7
      }
    },
    {
      "quarter": "Q1 2016",
      "income status": {
        "Net sales": 118865,
        "Cost of goods sold": 73762,
        "Gross Profit": 45103,
        "Financial expenses": 880,
        "Of which: Interest expense": 521,
        "Cost of sales": 2752,
        "Enterprise cost management": 12226,
        "Total Operating Expenses": 15858,
        "Total revenue financing activities": 10424,
        "Net profit from business activities": 39669,
        "Profit": 1874,
        "Profit before tax": 41543,
        "Present corporate income tax expenses": 10323,
        "Deferred income taxes expenses": 2591,
        "The interests of minority shareholders": 1812,
        "Total Cost of profits": 14726,
        "Profit after tax corporate income": 26817,
        "Volume": 43000000,
        "Close of Quarter": 30.3,
        "EPS": 3343,
        "Non-adjusted EPS": 3343,
        "PE": 9.1,
        "Book Price": 63.4
      }
    },
    {
      "quarter": "Q4 2015",
      "income status": {
        "Net sales": 356959,
        "Cost of goods sold": 261659,
        "Gross Profit": 95300,
        "Financial expenses": 12362,
        "Of which: Interest expense": -85,
        "Cost of sales": 5786,
        "Enterprise cost management": 19406,
        "Total Operating Expenses": 37554,
        "Total revenue financing activities": 14735,
        "Net profit from business activities": 72481,
        "Profit": -56143,
        "Profit before tax": 16338,
        "Present corporate income tax expenses": 6815,
        "Deferred income taxes expenses": 3174,
        "The interests of minority shareholders": 1347,
        "Total Cost of profits": 11336,
        "Profit after tax corporate income": 5002,
        "Volume": 43000000,
        "Close of Quarter": 31.7,
        "EPS": 3392,
        "Non-adjusted EPS": 3392,
        "PE": 9.4,
        "Book Price": 62.2
      }
    },
    {
      "quarter": "Q3 2015",
      "income status": {
        "Net sales": 246343,
        "Cost of goods sold": 204654,
        "Gross Profit": 41689,
        "Financial expenses": 665,
        "Of which: Interest expense": 1672,
        "Cost of sales": 3512,
        "Enterprise cost management": 18300,
        "Total Operating Expenses": 22477,
        "Total revenue financing activities": 11596,
        "Net profit from business activities": 30807,
        "Profit": 13360,
        "Profit before tax": 44167,
        "Present corporate income tax expenses": 6402,
        "Deferred income taxes expenses": -3955,
        "The interests of minority shareholders": 4006,
        "Total Cost of profits": 6453,
        "Profit after tax corporate income": 37714,
        "Volume": 43000000,
        "Close of Quarter": 27.1,
        "EPS": 4819,
        "Non-adjusted EPS": 4819,
        "PE": 5.6,
        "Book Price": 62.9
      }
    },
    {
      "quarter": "Q2 2015",
      "income status": {
        "Net sales": 123810,
        "Cost of goods sold": 80717,
        "Gross Profit": 43094,
        "Financial expenses": -4570,
        "Of which: Interest expense": 88,
        "Cost of sales": 3150,
        "Enterprise cost management": 15889,
        "Total Operating Expenses": 14469,
        "Total revenue financing activities": 16801,
        "Net profit from business activities": 45425,
        "Profit": 48909,
        "Profit before tax": 94334,
        "Present corporate income tax expenses": 15871,
        "Deferred income taxes expenses": -3712,
        "The interests of minority shareholders": 7947,
        "Total Cost of profits": 20106,
        "Profit after tax corporate income": 74228,
        "Volume": 43000000,
        "Close of Quarter": 26.9,
        "EPS": 5650,
        "Non-adjusted EPS": 5650,
        "PE": 4.8,
        "Book Price": 61.7
      }
    },
    {
      "quarter": "Q1 2015",
      "income status": {
        "Net sales": 126612,
        "Cost of goods sold": 105049,
        "Gross Profit": 21563,
        "Financial expenses": 6575,
        "Of which: Interest expense": 1190,
        "Cost of sales": 3587,
        "Enterprise cost management": 11080,
        "Total Operating Expenses": 21242,
        "Total revenue financing activities": 11757,
        "Net profit from business activities": 12078,
        "Profit": 25629,
        "Profit before tax": 37707,
        "Present corporate income tax expenses": 8158,
        "Deferred income taxes expenses": 1871,
        "The interests of minority shareholders": -1229,
        "Total Cost of profits": 8800,
        "Profit after tax corporate income": 28907,
        "Volume": 43000000,
        "Close of Quarter": 29.1,
        "EPS": 4566,
        "Non-adjusted EPS": 4566,
        "PE": 6.4,
        "Book Price": 62.8
      }
    },
    {
      "quarter": "Q4 2014",
      "income status": {
        "Net sales": 392019,
        "Cost of goods sold": 321709,
        "Gross Profit": 70310,
        "Financial expenses": 1266,
        "Of which: Interest expense": 2234,
        "Cost of sales": 8601,
        "Enterprise cost management": 16685,
        "Total Operating Expenses": 26552,
        "Total revenue financing activities": 16016,
        "Net profit from business activities": 59545,
        "Profit": 2522,
        "Profit before tax": 62067,
        "Present corporate income tax expenses": 9606,
        "Deferred income taxes expenses": "N/A",
        "The interests of minority shareholders": -13919,
        "Total Cost of profits": -4313,
        "Profit after tax corporate income": 66380,
        "Volume": 43000000,
        "Close of Quarter": 30.7,
        "EPS": 4985,
        "Non-adjusted EPS": 4985,
        "PE": 6.2,
        "Book Price": 61.8
      }
    },
    {
      "quarter": "Q3 2014",
      "income status": {
        "Net sales": 316648,
        "Cost of goods sold": 215010,
        "Gross Profit": 101638,
        "Financial expenses": 3956,
        "Of which: Interest expense": 1107,
        "Cost of sales": 3917,
        "Enterprise cost management": 13759,
        "Total Operating Expenses": 21632,
        "Total revenue financing activities": 9439,
        "Net profit from business activities": 89516,
        "Profit": 2182,
        "Profit before tax": 91698,
        "Present corporate income tax expenses": 18419,
        "Deferred income taxes expenses": "N/A",
        "The interests of minority shareholders": -143,
        "Total Cost of profits": 18276,
        "Profit after tax corporate income": 73422,
        "Volume": 43000000,
        "Close of Quarter": 33.6,
        "EPS": 6674,
        "Non-adjusted EPS": 6674,
        "PE": 5.0,
        "Book Price": 62.9
      }
    },
    {
      "quarter": "Q2 2014",
      "income status": {
        "Net sales": 152237,
        "Cost of goods sold": 117769,
        "Gross Profit": 34468,
        "Financial expenses": 1513,
        "Of which: Interest expense": 954,
        "Cost of sales": 3805,
        "Enterprise cost management": 11825,
        "Total Operating Expenses": 17143,
        "Total revenue financing activities": 16959,
        "Net profit from business activities": 34226,
        "Profit": 1715,
        "Profit before tax": 35941,
        "Present corporate income tax expenses": 8499,
        "Deferred income taxes expenses": "N/A",
        "The interests of minority shareholders": -169,
        "Total Cost of profits": 8330,
        "Profit after tax corporate income": 27611,
        "Volume": 43000000,
        "Close of Quarter": 30.2,
        "EPS": 6736,
        "Non-adjusted EPS": 6736,
        "PE": 4.5,
        "Book Price": 61
      }
    },
    {
      "quarter": "Q1 2014",
      "income status": {
        "Net sales": 176246,
        "Cost of goods sold": 121116,
        "Gross Profit": 55130,
        "Financial expenses": 1172,
        "Of which: Interest expense": 1439,
        "Cost of sales": 3251,
        "Enterprise cost management": 11496,
        "Total Operating Expenses": 15919,
        "Total revenue financing activities": 12786,
        "Net profit from business activities": 52213,
        "Profit": 238,
        "Profit before tax": 52451,
        "Present corporate income tax expenses": 5745,
        "Deferred income taxes expenses": -3,
        "The interests of minority shareholders": -230,
        "Total Cost of profits": 5512,
        "Profit after tax corporate income": 46938,
        "Volume": 43000000,
        "Close of Quarter": 32.2,
        "EPS": 8126,
        "Non-adjusted EPS": 8126,
        "PE": 4.0,
        "Book Price": 64.3
      }
    },
    {
      "quarter": "Q4 2013",
      "income status": {
        "Net sales": 384814,
        "Cost of goods sold": 222254,
        "Gross Profit": 162560,
        "Financial expenses": 11246,
        "Of which: Interest expense": 502,
        "Cost of sales": 7083,
        "Enterprise cost management": 18688,
        "Total Operating Expenses": 37017,
        "Total revenue financing activities": 26237,
        "Net profit from business activities": 151780,
        "Profit": 904,
        "Profit before tax": 153617,
        "Present corporate income tax expenses": 13871,
        "Deferred income taxes expenses": 2,
        "The interests of minority shareholders": 722,
        "Total Cost of profits": 14595,
        "Profit after tax corporate income": 139022,
        "Volume": 43000000,
        "Close of Quarter": 34.3,
        "EPS": 8660,
        "Non-adjusted EPS": 8660,
        "PE": 4.0,
        "Book Price": 53.2
      }
    },
    {
      "quarter": "Q3 2013",
      "income status": {
        "Net sales": 323575,
        "Cost of goods sold": 220609,
        "Gross Profit": 102967,
        "Financial expenses": 14533,
        "Of which: Interest expense": 1361,
        "Cost of sales": 4417,
        "Enterprise cost management": 11183,
        "Total Operating Expenses": 30133,
        "Total revenue financing activities": 6890,
        "Net profit from business activities": 79723,
        "Profit": 1341,
        "Profit before tax": 81258,
        "Present corporate income tax expenses": 5199,
        "Deferred income taxes expenses": "N/A",
        "The interests of minority shareholders": -8,
        "Total Cost of profits": 5191,
        "Profit after tax corporate income": 76067,
        "Volume": 43000000,
        "Close of Quarter": 32.3,
        "EPS": 9395,
        "Non-adjusted EPS": 9395,
        "PE": 3.4,
        "Book Price": 51.6
      }
    },
    {
      "quarter": "Q2 2013",
      "income status": {
        "Net sales": 175996,
        "Cost of goods sold": 89736,
        "Gross Profit": 86260,
        "Financial expenses": -271,
        "Of which: Interest expense": -314,
        "Cost of sales": 4030,
        "Enterprise cost management": 10472,
        "Total Operating Expenses": 14231,
        "Total revenue financing activities": 25642,
        "Net profit from business activities": 97671,
        "Profit": 1032,
        "Profit before tax": 98379,
        "Present corporate income tax expenses": 12188,
        "Deferred income taxes expenses": -7,
        "The interests of minority shareholders": -1182,
        "Total Cost of profits": 10999,
        "Profit after tax corporate income": 87379,
        "Volume": 43000000,
        "Close of Quarter": 34.3,
        "EPS": 11444,
        "Non-adjusted EPS": 11444,
        "PE": 3,
        "Book Price": 50.6
      }
    },
    {
      "quarter": "Q1 2013",
      "income status": {
        "Net sales": 228148,
        "Cost of goods sold": 146128,
        "Gross Profit": 82020,
        "Financial expenses": 2495,
        "Of which: Interest expense": 2981,
        "Cost of sales": 2668,
        "Enterprise cost management": 13497,
        "Total Operating Expenses": 18660,
        "Total revenue financing activities": 13950,
        "Net profit from business activities": 77309,
        "Profit": 1147,
        "Profit before tax": 78336,
        "Present corporate income tax expenses": 7998,
        "Deferred income taxes expenses": 7,
        "The interests of minority shareholders": 405,
        "Total Cost of profits": 8410,
        "Profit after tax corporate income": 69926,
        "Volume": 43000000,
        "Close of Quarter": 38.2,
        "EPS": 11466,
        "Non-adjusted EPS": 11466,
        "PE": 3.3,
        "Book Price": 51.6
      }
    },
    {
      "quarter": "Q4 2012",
      "income status": {
        "Net sales": 436329,
        "Cost of goods sold": 251626,
        "Gross Profit": 184703,
        "Financial expenses": 3778,
        "Of which: Interest expense": 1390,
        "Cost of sales": 7769,
        "Enterprise cost management": 20479,
        "Total Operating Expenses": 32026,
        "Total revenue financing activities": 25939,
        "Net profit from business activities": 178617,
        "Profit": 2408,
        "Profit before tax": 183815,
        "Present corporate income tax expenses": 14836,
        "Deferred income taxes expenses": -135,
        "The interests of minority shareholders": -1519,
        "Total Cost of profits": 13182,
        "Profit after tax corporate income": 170633,
        "Volume": 43000000,
        "Close of Quarter": 36.5,
        "EPS": 12110,
        "Non-adjusted EPS": 12110,
        "PE": 3.0,
        "Book Price": 50.2
      }
    },
    {
      "quarter": "Q3 2012",
      "income status": {
        "Net sales": 459424,
        "Cost of goods sold": 284378,
        "Gross Profit": 175046,
        "Financial expenses": 2107,
        "Of which: Interest expense": 1306,
        "Cost of sales": 2882,
        "Enterprise cost management": 11628,
        "Total Operating Expenses": 16617,
        "Total revenue financing activities": 13879,
        "Net profit from business activities": 172308,
        "Profit": 2161,
        "Profit before tax": 173070,
        "Present corporate income tax expenses": 8180,
        "Deferred income taxes expenses": "N/A",
        "The interests of minority shareholders": 736,
        "Total Cost of profits": 8916,
        "Profit after tax corporate income": 164153,
        "Volume": 43000000,
        "Close of Quarter": 34.7,
        "EPS": 16245,
        "Non-adjusted EPS": 16245,
        "PE": 2.1,
        "Book Price": 47.9
      }
    },
    {
      "quarter": "Q2 2012",
      "income status": {
        "Net sales": 189318,
        "Cost of goods sold": 100419,
        "Gross Profit": 88899,
        "Financial expenses": 3943,
        "Of which: Interest expense": 220,
        "Cost of sales": 406,
        "Enterprise cost management": 11841,
        "Total Operating Expenses": 16190,
        "Total revenue financing activities": 28576,
        "Net profit from business activities": 101285,
        "Profit": 349,
        "Profit before tax": 100773,
        "Present corporate income tax expenses": 11956,
        "Deferred income taxes expenses": "N/A",
        "The interests of minority shareholders": 505,
        "Total Cost of profits": 12461,
        "Profit after tax corporate income": 88313,
        "Volume": 43000000,
        "Close of Quarter": 32.8,
        "EPS": 17603,
        "Non-adjusted EPS": 17603,
        "PE": 1.9,
        "Book Price": 43.9
      }
    },
    {
      "quarter": "Q1 2012",
      "income status": {
        "Net sales": 301080,
        "Cost of goods sold": 209377,
        "Gross Profit": 91702,
        "Financial expenses": -4666,
        "Of which: Interest expense": "N/A",
        "Cost of sales": 3894,
        "Enterprise cost management": 11425,
        "Total Operating Expenses": 10653,
        "Total revenue financing activities": 29601,
        "Net profit from business activities": 110650,
        "Profit": 2557,
        "Profit before tax": 113207,
        "Present corporate income tax expenses": 14732,
        "Deferred income taxes expenses": "N/A",
        "The interests of minority shareholders": 859,
        "Total Cost of profits": 15591,
        "Profit after tax corporate income": 97616,
        "Volume": 43000000,
        "Close of Quarter": 33.4,
        "EPS": 18436,
        "Non-adjusted EPS": 18436,
        "PE": 1.8,
        "Book Price": 45.5
      }
    },
    {
      "quarter": "Q4 2011",
      "income status": {
        "Net sales": 543712,
        "Cost of goods sold": 182768,
        "Gross Profit": 360943,
        "Financial expenses": 1692,
        "Of which: Interest expense": -722,
        "Cost of sales": 4887,
        "Enterprise cost management": -23361,
        "Total Operating Expenses": -16782,
        "Total revenue financing activities": 44041,
        "Net profit from business activities": 421766,
        "Profit": -46964,
        "Profit before tax": 374801,
        "Present corporate income tax expenses": 25102,
        "Deferred income taxes expenses": "N/A",
        "The interests of minority shareholders": 1263,
        "Total Cost of profits": 26365,
        "Profit after tax corporate income": 348437,
        "Volume": 43000000,
        "Close of Quarter": 28.4,
        "EPS": 19717,
        "Non-adjusted EPS": 19717,
        "PE": 1.4,
        "Book Price": 44
      }
    },
    {
      "quarter": "Q3 2011",
      "income status": {
        "Net sales": 626158,
        "Cost of goods sold": 401022,
        "Gross Profit": 225136,
        "Financial expenses": 1066,
        "Of which: Interest expense": 722,
        "Cost of sales": 4346,
        "Enterprise cost management": 15721,
        "Total Operating Expenses": 21133,
        "Total revenue financing activities": 9906,
        "Net profit from business activities": 213909,
        "Profit": 36191,
        "Profit before tax": 250100,
        "Present corporate income tax expenses": 26633,
        "Deferred income taxes expenses": "N/A",
        "The interests of minority shareholders": 918,
        "Total Cost of profits": 27551,
        "Profit after tax corporate income": 222549,
        "Volume": 43000000,
        "Close of Quarter": 30.4,
        "EPS": 15717,
        "Non-adjusted EPS": 15717,
        "PE": 1.9,
        "Book Price": 37.7
      }
    },
    {
      "quarter": "Q2 2011",
      "income status": {
        "Net sales": 212861,
        "Cost of goods sold": 102377,
        "Gross Profit": 110484,
        "Financial expenses": 1875,
        "Of which: Interest expense": 284,
        "Cost of sales": 1923,
        "Enterprise cost management": 9863,
        "Total Operating Expenses": 13661,
        "Total revenue financing activities": 32963,
        "Net profit from business activities": 129786,
        "Profit": 14184,
        "Profit before tax": 143364,
        "Present corporate income tax expenses": 18720,
        "Deferred income taxes expenses": "N/A",
        "The interests of minority shareholders": 503,
        "Total Cost of profits": 19223,
        "Profit after tax corporate income": 124140,
        "Volume": 43000000,
        "Close of Quarter": 33.3,
        "EPS": 13353,
        "Non-adjusted EPS": 13353,
        "PE": 2.5,
        "Book Price": 32.8
      }
    },
    {
      "quarter": "Q1 2011",
      "income status": {
        "Net sales": 441540,
        "Cost of goods sold": 275069,
        "Gross Profit": 166471,
        "Financial expenses": 3852,
        "Of which: Interest expense": 1923,
        "Cost of sales": 3235,
        "Enterprise cost management": 14336,
        "Total Operating Expenses": 21423,
        "Total revenue financing activities": 17607,
        "Net profit from business activities": 162656,
        "Profit": 6365,
        "Profit before tax": 169021,
        "Present corporate income tax expenses": 16124,
        "Deferred income taxes expenses": "N/A",
        "The interests of minority shareholders": 204,
        "Total Cost of profits": 16328,
        "Profit after tax corporate income": 152693,
        "Volume": 43000000,
        "Close of Quarter": 34.5,
        "EPS": 11753,
        "Non-adjusted EPS": 11753,
        "PE": 2.9,
        "Book Price": 29.9
      }
    },
    {
      "quarter": "Q4 2010",
      "income status": {
        "Net sales": 355787,
        "Cost of goods sold": 169208,
        "Gross Profit": 186579,
        "Financial expenses": 1690,
        "Of which: Interest expense": 1328,
        "Cost of sales": 4988,
        "Enterprise cost management": 26403,
        "Total Operating Expenses": 33081,
        "Total revenue financing activities": 11948,
        "Net profit from business activities": 165444,
        "Profit": 29941,
        "Profit before tax": 195386,
        "Present corporate income tax expenses": 18929,
        "Deferred income taxes expenses": "N/A",
        "The interests of minority shareholders": "N/A",
        "Total Cost of profits": 18929,
        "Profit after tax corporate income": 176457,
        "Volume": 43000000,
        "Close of Quarter": 39.4,
        "EPS": 9331,
        "Non-adjusted EPS": 9331,
        "PE": 4.2,
        "Book Price": 28.6
      }
    },
    {
      "quarter": "Q3 2010",
      "income status": {
        "Net sales": 363722,
        "Cost of goods sold": 212768,
        "Gross Profit": 150954,
        "Financial expenses": 4156,
        "Of which: Interest expense": 860,
        "Cost of sales": 3594,
        "Enterprise cost management": 22238,
        "Total Operating Expenses": 29988,
        "Total revenue financing activities": 7702,
        "Net profit from business activities": 128668,
        "Profit": 3322,
        "Profit before tax": 131990,
        "Present corporate income tax expenses": 11099,
        "Deferred income taxes expenses": "N/A",
        "The interests of minority shareholders": "N/A",
        "Total Cost of profits": 11099,
        "Profit after tax corporate income": 120891,
        "Volume": 43000000,
        "Close of Quarter": 33.1,
        "EPS": 7670,
        "Non-adjusted EPS": 7670,
        "PE": 4.3,
        "Book Price": 26.1
      }
    },
    {
      "quarter": "Q2 2010",
      "income status": {
        "Net sales": 152199,
        "Cost of goods sold": 87939,
        "Gross Profit": 64260,
        "Financial expenses": 2439,
        "Of which: Interest expense": 2659,
        "Cost of sales": 2666,
        "Enterprise cost management": 8236,
        "Total Operating Expenses": 13341,
        "Total revenue financing activities": 10475,
        "Net profit from business activities": 61394,
        "Profit": 538,
        "Profit before tax": 61932,
        "Present corporate income tax expenses": 6614,
        "Deferred income taxes expenses": "N/A",
        "The interests of minority shareholders": "N/A",
        "Total Cost of profits": 6614,
        "Profit after tax corporate income": 55318,
        "Volume": 40000000,
        "Close of Quarter": 35.9,
        "EPS": 6383.3,
        "Non-adjusted EPS": 6862,
        "PE": 5.2,
        "Book Price": 23.4
      }
    },
    {
      "quarter": "Q1 2010",
      "income status": {
        "Net sales": 156713,
        "Cost of goods sold": 94319,
        "Gross Profit": 62394,
        "Financial expenses": 4684,
        "Of which: Interest expense": 4003,
        "Cost of sales": 973,
        "Enterprise cost management": 9379,
        "Total Operating Expenses": 15036,
        "Total revenue financing activities": 6096,
        "Net profit from business activities": 53453,
        "Profit": 744,
        "Profit before tax": 54196,
        "Present corporate income tax expenses": 5648,
        "Deferred income taxes expenses": "N/A",
        "The interests of minority shareholders": 1,
        "Total Cost of profits": 5649,
        "Profit after tax corporate income": 48548,
        "Volume": 40000000,
        "Close of Quarter": 34.2,
        "EPS": 5545.1,
        "Non-adjusted EPS": 5961,
        "PE": 5.7,
        "Book Price": 20.7
      }
    },
    {
      "quarter": "Q4 2009",
      "income status": {
        "Net sales": 276683,
        "Cost of goods sold": 161815,
        "Gross Profit": 114868,
        "Financial expenses": 6113,
        "Of which: Interest expense": 168,
        "Cost of sales": 2595,
        "Enterprise cost management": 7975,
        "Total Operating Expenses": 16683,
        "Total revenue financing activities": 9232,
        "Net profit from business activities": 107416,
        "Profit": -486,
        "Profit before tax": 106930,
        "Present corporate income tax expenses": 1865,
        "Deferred income taxes expenses": "N/A",
        "The interests of minority shareholders": "N/A",
        "Total Cost of profits": 1865,
        "Profit after tax corporate income": 105065,
        "Volume": 40000000,
        "Close of Quarter": 31.8,
        "EPS": 5060.5,
        "Non-adjusted EPS": 5440,
        "PE": 5.8,
        "Book Price": 20.5
      }
    },
    {
      "quarter": "Q3 2009",
      "income status": {
        "Net sales": 196699,
        "Cost of goods sold": 124645,
        "Gross Profit": 72054,
        "Financial expenses": -1246,
        "Of which: Interest expense": 4131,
        "Cost of sales": 1092,
        "Enterprise cost management": 6302,
        "Total Operating Expenses": 6148,
        "Total revenue financing activities": 6456,
        "Net profit from business activities": 72362,
        "Profit": -6810,
        "Profit before tax": 65552,
        "Present corporate income tax expenses": 22,
        "Deferred income taxes expenses": "N/A",
        "The interests of minority shareholders": "N/A",
        "Total Cost of profits": 22,
        "Profit after tax corporate income": 65530,
        "Volume": 40000000,
        "Close of Quarter": 32.8,
        "EPS": 3569.3,
        "Non-adjusted EPS": 3837,
        "PE": 8.6,
        "Book Price": 18.0
      }
    },
    {
      "quarter": "Q2 2009",
      "income status": {
        "Net sales": 70729,
        "Cost of goods sold": 48529,
        "Gross Profit": 22200,
        "Financial expenses": 1307,
        "Of which: Interest expense": 4955,
        "Cost of sales": 905,
        "Enterprise cost management": 5760,
        "Total Operating Expenses": 7972,
        "Total revenue financing activities": 6484,
        "Net profit from business activities": 20712,
        "Profit": 3703,
        "Profit before tax": 24415,
        "Present corporate income tax expenses": 5099,
        "Deferred income taxes expenses": "N/A",
        "The interests of minority shareholders": "N/A",
        "Total Cost of profits": 5099,
        "Profit after tax corporate income": 19316,
        "Volume": 40000000,
        "Close of Quarter": 23.3,
        "EPS": 4482.8,
        "Non-adjusted EPS": 4819,
        "PE": 4.8,
        "Book Price": 16.6
      }
    },
    {
      "quarter": "Q1 2009",
      "income status": {
        "Net sales": 104199,
        "Cost of goods sold": 80547,
        "Gross Profit": 23652,
        "Financial expenses": 2253,
        "Of which: Interest expense": 2246,
        "Cost of sales": 869,
        "Enterprise cost management": 4917,
        "Total Operating Expenses": 8039,
        "Total revenue financing activities": 4288,
        "Net profit from business activities": 19901,
        "Profit": 7770,
        "Profit before tax": 27671,
        "Present corporate income tax expenses": "N/A",
        "Deferred income taxes expenses": "N/A",
        "The interests of minority shareholders": "N/A",
        "Total Cost of profits": 0,
        "Profit after tax corporate income": 27671,
        "Volume": 40000000,
        "Close of Quarter": 16.6,
        "EPS": 5112.6,
        "Non-adjusted EPS": 5496,
        "PE": 3.0,
        "Book Price": 16.2
      }
    },
    {
      "quarter": "Q4 2008",
      "income status": {
        "Net sales": 199492,
        "Cost of goods sold": 151059,
        "Gross Profit": 48433,
        "Financial expenses": 6939,
        "Of which: Interest expense": 1164,
        "Cost of sales": 2941,
        "Enterprise cost management": 9390,
        "Total Operating Expenses": 19270,
        "Total revenue financing activities": 14612,
        "Net profit from business activities": 43775,
        "Profit": -2830,
        "Profit before tax": 40946,
        "Present corporate income tax expenses": "N/A",
        "Deferred income taxes expenses": "N/A",
        "The interests of minority shareholders": "N/A",
        "Total Cost of profits": 0,
        "Profit after tax corporate income": 40946,
        "Volume": 40000000,
        "Close of Quarter": 16.6,
        "EPS": 5494.0,
        "Non-adjusted EPS": 5906,
        "PE": 2.8,
        "Book Price": 15.9
      }
    },
    {
      "quarter": "Q3 2008",
      "income status": {
        "Net sales": 303432,
        "Cost of goods sold": 199700,
        "Gross Profit": 103732,
        "Financial expenses": 2397,
        "Of which: Interest expense": 1045,
        "Cost of sales": 4658,
        "Enterprise cost management": 8886,
        "Total Operating Expenses": 15941,
        "Total revenue financing activities": 4519,
        "Net profit from business activities": 92310,
        "Profit": 12529,
        "Profit before tax": 104839,
        "Present corporate income tax expenses": "N/A",
        "Deferred income taxes expenses": "N/A",
        "The interests of minority shareholders": "N/A",
        "Total Cost of profits": 0,
        "Profit after tax corporate income": 104839,
        "Volume": 40000000,
        "Close of Quarter": 31.9,
        "EPS": 6212.1,
        "Non-adjusted EPS": 6678,
        "PE": 4.8,
        "Book Price": 16.9
      }
    },
    {
      "quarter": "Q2 2008",
      "income status": {
        "Net sales": 95854,
        "Cost of goods sold": 47053,
        "Gross Profit": 48801,
        "Financial expenses": 11816,
        "Of which: Interest expense": 1282,
        "Cost of sales": 1689,
        "Enterprise cost management": 6283,
        "Total Operating Expenses": 19788,
        "Total revenue financing activities": 2316,
        "Net profit from business activities": 31329,
        "Profit": 15051,
        "Profit before tax": 46381,
        "Present corporate income tax expenses": "N/A",
        "Deferred income taxes expenses": "N/A",
        "The interests of minority shareholders": "N/A",
        "Total Cost of profits": 0,
        "Profit after tax corporate income": 46381,
        "Volume": 40000000,
        "Close of Quarter": 27,
        "EPS": 5004.7,
        "Non-adjusted EPS": 5380,
        "PE": 5.0,
        "Book Price": 14.5
      }
    },
    {
      "quarter": "Q1 2008",
      "income status": {
        "Net sales": 127581,
        "Cost of goods sold": 76265,
        "Gross Profit": 51316,
        "Financial expenses": 2236,
        "Of which: Interest expense": "N/A",
        "Cost of sales": 1911,
        "Enterprise cost management": 5294,
        "Total Operating Expenses": 9441,
        "Total revenue financing activities": 1830,
        "Net profit from business activities": 43704,
        "Profit": 382,
        "Profit before tax": 44086,
        "Present corporate income tax expenses": "N/A",
        "Deferred income taxes expenses": "N/A",
        "The interests of minority shareholders": "N/A",
        "Total Cost of profits": 0,
        "Profit after tax corporate income": 44086,
        "Volume": 40000000,
        "Close of Quarter": 24.5,
        "EPS": 3926.5,
        "Non-adjusted EPS": 4221,
        "PE": 5.8,
        "Book Price": 15.8
      }
    },
    {
      "quarter": "Q4 2007",
      "income status": {
        "Net sales": 253618,
        "Cost of goods sold": 182140,
        "Gross Profit": 71478,
        "Financial expenses": 3486,
        "Of which: Interest expense": "N/A",
        "Cost of sales": 6365,
        "Enterprise cost management": 10298,
        "Total Operating Expenses": 20149,
        "Total revenue financing activities": 13141,
        "Net profit from business activities": 64469,
        "Profit": 7344,
        "Profit before tax": 71814,
        "Present corporate income tax expenses": "N/A",
        "Deferred income taxes expenses": "N/A",
        "The interests of minority shareholders": "N/A",
        "Total Cost of profits": 0,
        "Profit after tax corporate income": 71814,
        "Volume": 40000000,
        "Close of Quarter": 41.7,
        "EPS": 2901.4,
        "Non-adjusted EPS": 3119,
        "PE": 13.4,
        "Book Price": 15.5
      }
    },
    {
      "quarter": "Q3 2007",
      "income status": {
        "Net sales": 234750,
        "Cost of goods sold": 167099,
        "Gross Profit": 67651,
        "Financial expenses": 4957,
        "Of which: Interest expense": 2055,
        "Cost of sales": 2381,
        "Enterprise cost management": 9054,
        "Total Operating Expenses": 16392,
        "Total revenue financing activities": 1535,
        "Net profit from business activities": 52795,
        "Profit": 141,
        "Profit before tax": 52936,
        "Present corporate income tax expenses": "N/A",
        "Deferred income taxes expenses": "N/A",
        "The interests of minority shareholders": "N/A",
        "Total Cost of profits": 0,
        "Profit after tax corporate income": 52936,
        "Volume": 40000000,
        "Close of Quarter": "N/A",
        "EPS": 1230.7,
        "Non-adjusted EPS": 1323,
        "PE": "N/A",
        "Book Price": 14.0
      }
    }
  ]
}