{
  "ticker": "NHS",
  "data": [
    {
      "quarter": "Q2 2015",
      "income status": {
        "Net sales": 448549,
        "Cost of goods sold": 370090,
        "Gross Profit": 78459,
        "Financial expenses": 57385,
        "Of which: Interest expense": 21865,
        "Cost of sales": 7731,
        "Enterprise cost management": 20043,
        "Total Operating Expenses": 85159,
        "Total revenue financing activities": 12774,
        "Net profit from business activities": 6912,
        "Profit": 164,
        "Profit before tax": 7076,
        "Present corporate income tax expenses": -2219,
        "Deferred income taxes expenses": -590,
        "The interests of minority shareholders": 754,
        "Total Cost of profits": -2055,
        "Profit after tax corporate income": 9132,
        "Volume": 60750000,
        "Close of Quarter": 13.5,
        "EPS": 434,
        "Non-adjusted EPS": 434,
        "PE": 31.1,
        "Book Price": 16.1
      }
    },
    {
      "quarter": "Q1 2015",
      "income status": {
        "Net sales": 370682,
        "Cost of goods sold": 323142,
        "Gross Profit": 47540,
        "Financial expenses": 74968,
        "Of which: Interest expense": 14450,
        "Cost of sales": 6480,
        "Enterprise cost management": 19204,
        "Total Operating Expenses": 100652,
        "Total revenue financing activities": 8483,
        "Net profit from business activities": -43432,
        "Profit": 275,
        "Profit before tax": -43157,
        "Present corporate income tax expenses": 2992,
        "Deferred income taxes expenses": -1386,
        "The interests of minority shareholders": 20,
        "Total Cost of profits": 1626,
        "Profit after tax corporate income": -44783,
        "Volume": 60750000,
        "Close of Quarter": 10.4,
        "EPS": 1675,
        "Non-adjusted EPS": 1675,
        "PE": 6.2,
        "Book Price": 16.2
      }
    },
    {
      "quarter": "Q4 2014",
      "income status": {
        "Net sales": 217686,
        "Cost of goods sold": 154372,
        "Gross Profit": 63314,
        "Financial expenses": 15030,
        "Of which: Interest expense": 14577,
        "Cost of sales": 6045,
        "Enterprise cost management": 16468,
        "Total Operating Expenses": 37543,
        "Total revenue financing activities": 17916,
        "Net profit from business activities": 46005,
        "Profit": 2473,
        "Profit before tax": 48478,
        "Present corporate income tax expenses": -7168,
        "Deferred income taxes expenses": -2130,
        "The interests of minority shareholders": 1344,
        "Total Cost of profits": -7954,
        "Profit after tax corporate income": 56432,
        "Volume": 60750000,
        "Close of Quarter": 12.5,
        "EPS": 2814,
        "Non-adjusted EPS": 2814,
        "PE": 4.4,
        "Book Price": 17.2
      }
    },
    {
      "quarter": "Q3 2014",
      "income status": {
        "Net sales": 271598,
        "Cost of goods sold": 244189,
        "Gross Profit": 27409,
        "Financial expenses": 16593,
        "Of which: Interest expense": 16593,
        "Cost of sales": 4909,
        "Enterprise cost management": 12440,
        "Total Operating Expenses": 33942,
        "Total revenue financing activities": 10268,
        "Net profit from business activities": 8977,
        "Profit": 751,
        "Profit before tax": 9728,
        "Present corporate income tax expenses": 4692,
        "Deferred income taxes expenses": 790,
        "The interests of minority shareholders": -1344,
        "Total Cost of profits": 4138,
        "Profit after tax corporate income": 5591,
        "Volume": 60750000,
        "Close of Quarter": 11,
        "EPS": 1962,
        "Non-adjusted EPS": 1962,
        "PE": 5.6,
        "Book Price": 16.5
      }
    },
    {
      "quarter": "Q2 2014",
      "income status": {
        "Net sales": 518886,
        "Cost of goods sold": 397219,
        "Gross Profit": 121667,
        "Financial expenses": 17682,
        "Of which: Interest expense": 17275,
        "Cost of sales": 8376,
        "Enterprise cost management": 10342,
        "Total Operating Expenses": 36400,
        "Total revenue financing activities": 14501,
        "Net profit from business activities": 118494,
        "Profit": 1028,
        "Profit before tax": 119523,
        "Present corporate income tax expenses": 23437,
        "Deferred income taxes expenses": -1383,
        "The interests of minority shareholders": 12959,
        "Total Cost of profits": 35013,
        "Profit after tax corporate income": 84509,
        "Volume": 60750000,
        "Close of Quarter": 11.8,
        "EPS": 2353,
        "Non-adjusted EPS": 2353,
        "PE": 5.0,
        "Book Price": 16.6
      }
    },
    {
      "quarter": "Q1 2014",
      "income status": {
        "Net sales": 387636,
        "Cost of goods sold": 323543,
        "Gross Profit": 64093,
        "Financial expenses": 17650,
        "Of which: Interest expense": 17572,
        "Cost of sales": 6179,
        "Enterprise cost management": 19541,
        "Total Operating Expenses": 43370,
        "Total revenue financing activities": 10031,
        "Net profit from business activities": 34186,
        "Profit": -413,
        "Profit before tax": 33772,
        "Present corporate income tax expenses": 3094,
        "Deferred income taxes expenses": 2957,
        "The interests of minority shareholders": 3316,
        "Total Cost of profits": 9367,
        "Profit after tax corporate income": 24405,
        "Volume": 60750000,
        "Close of Quarter": 11.5,
        "EPS": 1639,
        "Non-adjusted EPS": 1639,
        "PE": 7.0,
        "Book Price": 15.6
      }
    },
    {
      "quarter": "Q4 2013",
      "income status": {
        "Net sales": 71289,
        "Cost of goods sold": 53732,
        "Gross Profit": 17557,
        "Financial expenses": 9082,
        "Of which: Interest expense": 8556,
        "Cost of sales": 1104,
        "Enterprise cost management": 21251,
        "Total Operating Expenses": 31437,
        "Total revenue financing activities": 17950,
        "Net profit from business activities": 4069,
        "Profit": 384,
        "Profit before tax": 5604,
        "Present corporate income tax expenses": -1326,
        "Deferred income taxes expenses": 2280,
        "The interests of minority shareholders": -56,
        "Total Cost of profits": 898,
        "Profit after tax corporate income": 4706,
        "Volume": 30375000,
        "Close of Quarter": 11.7,
        "EPS": 1659,
        "Non-adjusted EPS": 3318,
        "PE": 3.5,
        "Book Price": 14.8
      }
    },
    {
      "quarter": "Q3 2013",
      "income status": {
        "Net sales": 320358,
        "Cost of goods sold": 262082,
        "Gross Profit": 58276,
        "Financial expenses": 8883,
        "Of which: Interest expense": 7870,
        "Cost of sales": 11008,
        "Enterprise cost management": 7887,
        "Total Operating Expenses": 27778,
        "Total revenue financing activities": 2926,
        "Net profit from business activities": 33424,
        "Profit": 169,
        "Profit before tax": 37897,
        "Present corporate income tax expenses": 8243,
        "Deferred income taxes expenses": 300,
        "The interests of minority shareholders": 25,
        "Total Cost of profits": 8568,
        "Profit after tax corporate income": 29330,
        "Volume": 30375000,
        "Close of Quarter": 10.7,
        "EPS": 1670,
        "Non-adjusted EPS": 3340,
        "PE": 3.2,
        "Book Price": 10.5
      }
    },
    {
      "quarter": "Q2 2013",
      "income status": {
        "Net sales": 367219,
        "Cost of goods sold": 317283,
        "Gross Profit": 49937,
        "Financial expenses": 6857,
        "Of which: Interest expense": 6816,
        "Cost of sales": 6206,
        "Enterprise cost management": 7051,
        "Total Operating Expenses": 20114,
        "Total revenue financing activities": 10394,
        "Net profit from business activities": 40217,
        "Profit": 8919,
        "Profit before tax": 50730,
        "Present corporate income tax expenses": 7319,
        "Deferred income taxes expenses": 2300,
        "The interests of minority shareholders": -22,
        "Total Cost of profits": 9597,
        "Profit after tax corporate income": 41133,
        "Volume": 30375000,
        "Close of Quarter": 9.8,
        "EPS": 1241.5,
        "Non-adjusted EPS": 2483,
        "PE": 3.9,
        "Book Price": 10.1
      }
    },
    {
      "quarter": "Q1 2013",
      "income status": {
        "Net sales": 284712,
        "Cost of goods sold": 249581,
        "Gross Profit": 35131,
        "Financial expenses": 7064,
        "Of which: Interest expense": 7064,
        "Cost of sales": 5006,
        "Enterprise cost management": 7365,
        "Total Operating Expenses": 19435,
        "Total revenue financing activities": 1270,
        "Net profit from business activities": 16966,
        "Profit": 723,
        "Profit before tax": 30434,
        "Present corporate income tax expenses": 7398,
        "Deferred income taxes expenses": -2600,
        "The interests of minority shareholders": 31,
        "Total Cost of profits": 4829,
        "Profit after tax corporate income": 25605,
        "Volume": 30375000,
        "Close of Quarter": 10.3,
        "EPS": 1417.5,
        "Non-adjusted EPS": 2835,
        "PE": 3.6,
        "Book Price": 9.4
      }
    },
    {
      "quarter": "Q4 2012",
      "income status": {
        "Net sales": 227436,
        "Cost of goods sold": 199817,
        "Gross Profit": 27619,
        "Financial expenses": 25277,
        "Of which: Interest expense": 6820,
        "Cost of sales": 3541,
        "Enterprise cost management": 8932,
        "Total Operating Expenses": 37750,
        "Total revenue financing activities": 16196,
        "Net profit from business activities": 6065,
        "Profit": 723,
        "Profit before tax": 7352,
        "Present corporate income tax expenses": 2600,
        "Deferred income taxes expenses": "N/A",
        "The interests of minority shareholders": -638,
        "Total Cost of profits": 1962,
        "Profit after tax corporate income": 5390,
        "Volume": 10125000,
        "Close of Quarter": 10.8,
        "EPS": 1192.5,
        "Non-adjusted EPS": 7155,
        "PE": 1.5,
        "Book Price": 8.8
      }
    },
    {
      "quarter": "Q3 2012",
      "income status": {
        "Net sales": 261729,
        "Cost of goods sold": 225993,
        "Gross Profit": 35736,
        "Financial expenses": 17114,
        "Of which: Interest expense": 14189,
        "Cost of sales": 3514,
        "Enterprise cost management": 6788,
        "Total Operating Expenses": 27416,
        "Total revenue financing activities": 4215,
        "Net profit from business activities": 12533,
        "Profit": 986,
        "Profit before tax": 4395,
        "Present corporate income tax expenses": 1256,
        "Deferred income taxes expenses": "N/A",
        "The interests of minority shareholders": -144,
        "Total Cost of profits": 1112,
        "Profit after tax corporate income": 3282,
        "Volume": 10125000,
        "Close of Quarter": 12.1,
        "EPS": 1298.2,
        "Non-adjusted EPS": 7789,
        "PE": 1.6,
        "Book Price": 6.1
      }
    },
    {
      "quarter": "Q2 2012",
      "income status": {
        "Net sales": 284163,
        "Cost of goods sold": 238067,
        "Gross Profit": 46096,
        "Financial expenses": 14965,
        "Of which: Interest expense": 12718,
        "Cost of sales": 1925,
        "Enterprise cost management": 7450,
        "Total Operating Expenses": 24340,
        "Total revenue financing activities": 26963,
        "Net profit from business activities": 48719,
        "Profit": 732,
        "Profit before tax": 59944,
        "Present corporate income tax expenses": 8196,
        "Deferred income taxes expenses": "N/A",
        "The interests of minority shareholders": -84,
        "Total Cost of profits": 8112,
        "Profit after tax corporate income": 51832,
        "Volume": 10125000,
        "Close of Quarter": 9.9,
        "EPS": 2038.7,
        "Non-adjusted EPS": 12232,
        "PE": 0.8,
        "Book Price": 6.0
      }
    },
    {
      "quarter": "Q1 2012",
      "income status": {
        "Net sales": 162058,
        "Cost of goods sold": 137005,
        "Gross Profit": 25053,
        "Financial expenses": 10110,
        "Of which: Interest expense": 11942,
        "Cost of sales": 977,
        "Enterprise cost management": 4572,
        "Total Operating Expenses": 15659,
        "Total revenue financing activities": 5364,
        "Net profit from business activities": 14758,
        "Profit": 1154,
        "Profit before tax": 15913,
        "Present corporate income tax expenses": 4062,
        "Deferred income taxes expenses": "N/A",
        "The interests of minority shareholders": -86,
        "Total Cost of profits": 3976,
        "Profit after tax corporate income": 11936,
        "Volume": 8100000,
        "Close of Quarter": 9.0,
        "EPS": 1495.1,
        "Non-adjusted EPS": 11213,
        "PE": 0.8,
        "Book Price": 5.0
      }
    },
    {
      "quarter": "Q4 2011",
      "income status": {
        "Net sales": 41349,
        "Cost of goods sold": 38247,
        "Gross Profit": 3102,
        "Financial expenses": 7763,
        "Of which: Interest expense": 8389,
        "Cost of sales": -178,
        "Enterprise cost management": 2373,
        "Total Operating Expenses": 9958,
        "Total revenue financing activities": 9433,
        "Net profit from business activities": 2576,
        "Profit": 4660,
        "Profit before tax": 7236,
        "Present corporate income tax expenses": -4577,
        "Deferred income taxes expenses": "N/A",
        "The interests of minority shareholders": "N/A",
        "Total Cost of profits": -4577,
        "Profit after tax corporate income": 11813,
        "Volume": 8100000,
        "Close of Quarter": 11.0,
        "EPS": 1323.7,
        "Non-adjusted EPS": 9928,
        "PE": 1.1,
        "Book Price": 4.5
      }
    },
    {
      "quarter": "Q3 2011",
      "income status": {
        "Net sales": 297615,
        "Cost of goods sold": 233533,
        "Gross Profit": 64082,
        "Financial expenses": 43,
        "Of which: Interest expense": 11260,
        "Cost of sales": 1464,
        "Enterprise cost management": 1923,
        "Total Operating Expenses": 3430,
        "Total revenue financing activities": 2730,
        "Net profit from business activities": 63382,
        "Profit": 1039,
        "Profit before tax": 64421,
        "Present corporate income tax expenses": 16155,
        "Deferred income taxes expenses": "N/A",
        "The interests of minority shareholders": "N/A",
        "Total Cost of profits": 16155,
        "Profit after tax corporate income": 48266,
        "Volume": 8100000,
        "Close of Quarter": 8.8,
        "EPS": 1281.3,
        "Non-adjusted EPS": 9610,
        "PE": 0.9,
        "Book Price": 4.7
      }
    },
    {
      "quarter": "Q2 2011",
      "income status": {
        "Net sales": 332372,
        "Cost of goods sold": 278161,
        "Gross Profit": 54211,
        "Financial expenses": 25139,
        "Of which: Interest expense": 16735,
        "Cost of sales": 3877,
        "Enterprise cost management": 3649,
        "Total Operating Expenses": 32665,
        "Total revenue financing activities": 1901,
        "Net profit from business activities": 23447,
        "Profit": 1059,
        "Profit before tax": 24505,
        "Present corporate income tax expenses": 5691,
        "Deferred income taxes expenses": "N/A",
        "The interests of minority shareholders": "N/A",
        "Total Cost of profits": 5691,
        "Profit after tax corporate income": 18814,
        "Volume": 8100000,
        "Close of Quarter": 8.4,
        "EPS": 1148,
        "Non-adjusted EPS": 8610,
        "PE": 1.0,
        "Book Price": 3.9
      }
    },
    {
      "quarter": "Q1 2011",
      "income status": {
        "Net sales": 111145,
        "Cost of goods sold": 89680,
        "Gross Profit": 21465,
        "Financial expenses": 14552,
        "Of which: Interest expense": 8545,
        "Cost of sales": 1356,
        "Enterprise cost management": 4876,
        "Total Operating Expenses": 20784,
        "Total revenue financing activities": 541,
        "Net profit from business activities": 1222,
        "Profit": 824,
        "Profit before tax": 2046,
        "Present corporate income tax expenses": 525,
        "Deferred income taxes expenses": "N/A",
        "The interests of minority shareholders": "N/A",
        "Total Cost of profits": 525,
        "Profit after tax corporate income": 1521,
        "Volume": 8100000,
        "Close of Quarter": 10.5,
        "EPS": 1118.3,
        "Non-adjusted EPS": 8387,
        "PE": 1.3,
        "Book Price": 3.9
      }
    },
    {
      "quarter": "Q4 2010",
      "income status": {
        "Net sales": 30884,
        "Cost of goods sold": 21084,
        "Gross Profit": 9800,
        "Financial expenses": 2580,
        "Of which: Interest expense": 492,
        "Cost of sales": 512,
        "Enterprise cost management": 2600,
        "Total Operating Expenses": 5692,
        "Total revenue financing activities": 4549,
        "Net profit from business activities": 8657,
        "Profit": 1911,
        "Profit before tax": 10568,
        "Present corporate income tax expenses": 1327,
        "Deferred income taxes expenses": "N/A",
        "The interests of minority shareholders": "N/A",
        "Total Cost of profits": 1327,
        "Profit after tax corporate income": 9241,
        "Volume": 8100000,
        "Close of Quarter": 11.1,
        "EPS": 1459.1,
        "Non-adjusted EPS": 10943,
        "PE": 1.0,
        "Book Price": 3.9
      }
    },
    {
      "quarter": "Q3 2010",
      "income status": {
        "Net sales": 196751,
        "Cost of goods sold": 139729,
        "Gross Profit": 57022,
        "Financial expenses": 2851,
        "Of which: Interest expense": 392,
        "Cost of sales": 2643,
        "Enterprise cost management": 5663,
        "Total Operating Expenses": 11157,
        "Total revenue financing activities": 107,
        "Net profit from business activities": 45972,
        "Profit": -11,
        "Profit before tax": 45962,
        "Present corporate income tax expenses": 5799,
        "Deferred income taxes expenses": "N/A",
        "The interests of minority shareholders": "N/A",
        "Total Cost of profits": 5799,
        "Profit after tax corporate income": 40163,
        "Volume": 8100000,
        "Close of Quarter": 10.3,
        "EPS": 1798.9,
        "Non-adjusted EPS": 13492,
        "PE": 0.8,
        "Book Price": 4.1
      }
    },
    {
      "quarter": "Q2 2010",
      "income status": {
        "Net sales": 114967,
        "Cost of goods sold": 91486,
        "Gross Profit": 23481,
        "Financial expenses": 3995,
        "Of which: Interest expense": 3397,
        "Cost of sales": 2083,
        "Enterprise cost management": 2510,
        "Total Operating Expenses": 8588,
        "Total revenue financing activities": 5084,
        "Net profit from business activities": 19977,
        "Profit": 119,
        "Profit before tax": 20096,
        "Present corporate income tax expenses": 3089,
        "Deferred income taxes expenses": "N/A",
        "The interests of minority shareholders": "N/A",
        "Total Cost of profits": 3089,
        "Profit after tax corporate income": 17007,
        "Volume": 8100000,
        "Close of Quarter": "N/A",
        "EPS": 1349.6,
        "Non-adjusted EPS": 10122,
        "PE": "N/A",
        "Book Price": 3.5
      }
    },
    {
      "quarter": "Q1 2010",
      "income status": {
        "Net sales": 94605,
        "Cost of goods sold": 64034,
        "Gross Profit": 30571,
        "Financial expenses": 2525,
        "Of which: Interest expense": 772,
        "Cost of sales": 1779,
        "Enterprise cost management": 2018,
        "Total Operating Expenses": 6322,
        "Total revenue financing activities": 1194,
        "Net profit from business activities": 25442,
        "Profit": 23,
        "Profit before tax": 25465,
        "Present corporate income tax expenses": 3238,
        "Deferred income taxes expenses": "N/A",
        "The interests of minority shareholders": "N/A",
        "Total Cost of profits": 3238,
        "Profit after tax corporate income": 22227,
        "Volume": 8100000,
        "Close of Quarter": "N/A",
        "EPS": 1260.9,
        "Non-adjusted EPS": 9457,
        "PE": "N/A",
        "Book Price": 2.8
      }
    },
    {
      "quarter": "Q3 2009",
      "income status": {
        "Net sales": 104918,
        "Cost of goods sold": 67973,
        "Gross Profit": 36945,
        "Financial expenses": 336,
        "Of which: Interest expense": 336,
        "Cost of sales": 1647,
        "Enterprise cost management": 3005,
        "Total Operating Expenses": 4988,
        "Total revenue financing activities": 383,
        "Net profit from business activities": 32340,
        "Profit": 502,
        "Profit before tax": 32842,
        "Present corporate income tax expenses": 2952,
        "Deferred income taxes expenses": "N/A",
        "The interests of minority shareholders": "N/A",
        "Total Cost of profits": 2952,
        "Profit after tax corporate income": 29890,
        "Volume": 8100000,
        "Close of Quarter": "N/A",
        "EPS": 895.1,
        "Non-adjusted EPS": 6713,
        "PE": "N/A",
        "Book Price": "N/A"
      }
    },
    {
      "quarter": "Q2 2009",
      "income status": {
        "Net sales": 82334,
        "Cost of goods sold": 66389,
        "Gross Profit": 15946,
        "Financial expenses": 233,
        "Of which: Interest expense": 233,
        "Cost of sales": 1295,
        "Enterprise cost management": 1581,
        "Total Operating Expenses": 3109,
        "Total revenue financing activities": 1218,
        "Net profit from business activities": 14055,
        "Profit": 51,
        "Profit before tax": 14106,
        "Present corporate income tax expenses": 1238,
        "Deferred income taxes expenses": "N/A",
        "The interests of minority shareholders": "N/A",
        "Total Cost of profits": 1238,
        "Profit after tax corporate income": 12868,
        "Volume": 8100000,
        "Close of Quarter": "N/A",
        "EPS": 403.1,
        "Non-adjusted EPS": 3023,
        "PE": "N/A",
        "Book Price": "N/A"
      }
    },
    {
      "quarter": "Q1 2009",
      "income status": {
        "Net sales": 73944,
        "Cost of goods sold": 57464,
        "Gross Profit": 16481,
        "Financial expenses": 1112,
        "Of which: Interest expense": 307,
        "Cost of sales": 1842,
        "Enterprise cost management": 1357,
        "Total Operating Expenses": 4311,
        "Total revenue financing activities": 550,
        "Net profit from business activities": 12719,
        "Profit": 16,
        "Profit before tax": 12736,
        "Present corporate income tax expenses": 1120,
        "Deferred income taxes expenses": "N/A",
        "The interests of minority shareholders": "N/A",
        "Total Cost of profits": 1120,
        "Profit after tax corporate income": 11615,
        "Volume": 8100000,
        "Close of Quarter": "N/A",
        "EPS": 191.2,
        "Non-adjusted EPS": 1434,
        "PE": "N/A",
        "Book Price": "N/A"
      }
    }
  ]
}