{
  "ticker": "PVS",
  "data": [
    {
      "quarter": "Q1 2017",
      "income status": {
        "Net sales": 3374559,
        "Cost of goods sold": 3087501,
        "Gross Profit": 287058,
        "Financial expenses": 27911,
        "Of which: Interest expense": 10519,
        "Cost of sales": 18251,
        "Enterprise cost management": 126887,
        "Total Operating Expenses": 173049,
        "Total revenue financing activities": 61388,
        "Net profit from business activities": 345498,
        "Profit": -1738,
        "Profit before tax": 343760,
        "Present corporate income tax expenses": 245634,
        "Deferred income taxes expenses": -177313,
        "The interests of minority shareholders": 19646,
        "Total Cost of profits": 87967,
        "Profit after tax corporate income": 255793,
        "Volume": 446700421,
        "Close of Quarter": 17.6,
        "EPS": 2150,
        "Non-adjusted EPS": 2150,
        "PE": 8.2,
        "Book Price": 26.9
      }
    },
    {
      "quarter": "Q4 2016",
      "income status": {
        "Net sales": 4802027,
        "Cost of goods sold": 4785451,
        "Gross Profit": 16576,
        "Financial expenses": 50009,
        "Of which: Interest expense": 12295,
        "Cost of sales": 42316,
        "Enterprise cost management": 132203,
        "Total Operating Expenses": 224528,
        "Total revenue financing activities": 87552,
        "Net profit from business activities": 56377,
        "Profit": 182286,
        "Profit before tax": 238663,
        "Present corporate income tax expenses": 56040,
        "Deferred income taxes expenses": 73738,
        "The interests of minority shareholders": -62403,
        "Total Cost of profits": 67375,
        "Profit after tax corporate income": 171288,
        "Volume": 446700421,
        "Close of Quarter": 16.4,
        "EPS": 2210,
        "Non-adjusted EPS": 2210,
        "PE": 7.4,
        "Book Price": 26.2
      }
    },
    {
      "quarter": "Q3 2016",
      "income status": {
        "Net sales": 4772021,
        "Cost of goods sold": 4576756,
        "Gross Profit": 195265,
        "Financial expenses": 24334,
        "Of which: Interest expense": 12892,
        "Cost of sales": 19317,
        "Enterprise cost management": 182870,
        "Total Operating Expenses": 226521,
        "Total revenue financing activities": 68379,
        "Net profit from business activities": 129621,
        "Profit": 18666,
        "Profit before tax": 148287,
        "Present corporate income tax expenses": 11531,
        "Deferred income taxes expenses": 75402,
        "The interests of minority shareholders": -63198,
        "Total Cost of profits": 23735,
        "Profit after tax corporate income": 124552,
        "Volume": 446700421,
        "Close of Quarter": 20.6,
        "EPS": 2366,
        "Non-adjusted EPS": 2366,
        "PE": 8.7,
        "Book Price": 26.5
      }
    },
    {
      "quarter": "Q2 2016",
      "income status": {
        "Net sales": 4702906,
        "Cost of goods sold": 4370675,
        "Gross Profit": 332230,
        "Financial expenses": 36683,
        "Of which: Interest expense": 14330,
        "Cost of sales": 14939,
        "Enterprise cost management": 142212,
        "Total Operating Expenses": 193834,
        "Total revenue financing activities": 91372,
        "Net profit from business activities": 437335,
        "Profit": 100109,
        "Profit before tax": 537444,
        "Present corporate income tax expenses": 52816,
        "Deferred income taxes expenses": 41211,
        "The interests of minority shareholders": 34817,
        "Total Cost of profits": 128844,
        "Profit after tax corporate income": 408600,
        "Volume": 446700421,
        "Close of Quarter": 16.6,
        "EPS": 2919,
        "Non-adjusted EPS": 2919,
        "PE": 5.7,
        "Book Price": 26.4
      }
    },
    {
      "quarter": "Q1 2016",
      "income status": {
        "Net sales": 4442622,
        "Cost of goods sold": 4212143,
        "Gross Profit": 230479,
        "Financial expenses": 43154,
        "Of which: Interest expense": 16325,
        "Cost of sales": 14846,
        "Enterprise cost management": 126051,
        "Total Operating Expenses": 184051,
        "Total revenue financing activities": 58634,
        "Net profit from business activities": 306348,
        "Profit": 8938,
        "Profit before tax": 315286,
        "Present corporate income tax expenses": 33122,
        "Deferred income taxes expenses": 37247,
        "The interests of minority shareholders": -37981,
        "Total Cost of profits": 32388,
        "Profit after tax corporate income": 282898,
        "Volume": 446700421,
        "Close of Quarter": 13.9,
        "EPS": 3236,
        "Non-adjusted EPS": 3236,
        "PE": 4.3,
        "Book Price": 27.1
      }
    },
    {
      "quarter": "Q4 2015",
      "income status": {
        "Net sales": 4039247,
        "Cost of goods sold": 3580353,
        "Gross Profit": 458893,
        "Financial expenses": 114254,
        "Of which: Interest expense": 16816,
        "Cost of sales": 32656,
        "Enterprise cost management": 305225,
        "Total Operating Expenses": 452135,
        "Total revenue financing activities": 91775,
        "Net profit from business activities": 285287,
        "Profit": 13718,
        "Profit before tax": 299005,
        "Present corporate income tax expenses": 118301,
        "Deferred income taxes expenses": 4989,
        "The interests of minority shareholders": -64987,
        "Total Cost of profits": 58303,
        "Profit after tax corporate income": 240701,
        "Volume": 446700421,
        "Close of Quarter": 15.2,
        "EPS": 3338,
        "Non-adjusted EPS": 3338,
        "PE": 4.6,
        "Book Price": 26.5
      }
    },
    {
      "quarter": "Q3 2015",
      "income status": {
        "Net sales": 6818689,
        "Cost of goods sold": 6268236,
        "Gross Profit": 550453,
        "Financial expenses": 115960,
        "Of which: Interest expense": 17388,
        "Cost of sales": 23761,
        "Enterprise cost management": 234337,
        "Total Operating Expenses": 374058,
        "Total revenue financing activities": 124407,
        "Net profit from business activities": 503777,
        "Profit": 65806,
        "Profit before tax": 569583,
        "Present corporate income tax expenses": 73310,
        "Deferred income taxes expenses": 87113,
        "The interests of minority shareholders": 37218,
        "Total Cost of profits": 197641,
        "Profit after tax corporate income": 371942,
        "Volume": 446700421,
        "Close of Quarter": 18.9,
        "EPS": 4125,
        "Non-adjusted EPS": 4125,
        "PE": 4.6,
        "Book Price": 25.8
      }
    },
    {
      "quarter": "Q2 2015",
      "income status": {
        "Net sales": 7550745,
        "Cost of goods sold": 6771306,
        "Gross Profit": 779440,
        "Financial expenses": 68519,
        "Of which: Interest expense": 18458,
        "Cost of sales": 25506,
        "Enterprise cost management": 182110,
        "Total Operating Expenses": 276135,
        "Total revenue financing activities": 90242,
        "Net profit from business activities": 772826,
        "Profit": -8288,
        "Profit before tax": 764538,
        "Present corporate income tax expenses": 117275,
        "Deferred income taxes expenses": 40613,
        "The interests of minority shareholders": 56495,
        "Total Cost of profits": 214383,
        "Profit after tax corporate income": 550156,
        "Volume": 446700421,
        "Close of Quarter": 23.3,
        "EPS": 3143,
        "Non-adjusted EPS": 3143,
        "PE": 7.4,
        "Book Price": 24.3
      }
    },
    {
      "quarter": "Q1 2015",
      "income status": {
        "Net sales": 4954912,
        "Cost of goods sold": 4601781,
        "Gross Profit": 353131,
        "Financial expenses": 50900,
        "Of which: Interest expense": 18261,
        "Cost of sales": 16520,
        "Enterprise cost management": 143787,
        "Total Operating Expenses": 211207,
        "Total revenue financing activities": 44877,
        "Net profit from business activities": 356652,
        "Profit": 12978,
        "Profit before tax": 369630,
        "Present corporate income tax expenses": 63717,
        "Deferred income taxes expenses": 29969,
        "The interests of minority shareholders": -52328,
        "Total Cost of profits": 41358,
        "Profit after tax corporate income": 328273,
        "Volume": 446700421,
        "Close of Quarter": 19.6,
        "EPS": 3105,
        "Non-adjusted EPS": 3105,
        "PE": 6.3,
        "Book Price": 24.7
      }
    },
    {
      "quarter": "Q4 2014",
      "income status": {
        "Net sales": 8450729,
        "Cost of goods sold": 7666810,
        "Gross Profit": 783919,
        "Financial expenses": 51174,
        "Of which: Interest expense": 20770,
        "Cost of sales": 31427,
        "Enterprise cost management": 230457,
        "Total Operating Expenses": 313058,
        "Total revenue financing activities": 65544,
        "Net profit from business activities": 678427,
        "Profit": 47922,
        "Profit before tax": 726348,
        "Present corporate income tax expenses": 134959,
        "Deferred income taxes expenses": 10905,
        "The interests of minority shareholders": -11924,
        "Total Cost of profits": 133940,
        "Profit after tax corporate income": 592409,
        "Volume": 446700421,
        "Close of Quarter": 23.3,
        "EPS": 2966,
        "Non-adjusted EPS": 2966,
        "PE": 7.9,
        "Book Price": 24
      }
    },
    {
      "quarter": "Q3 2014",
      "income status": {
        "Net sales": 9525533,
        "Cost of goods sold": 9093973,
        "Gross Profit": 431560,
        "Financial expenses": 40170,
        "Of which: Interest expense": 22123,
        "Cost of sales": 22966,
        "Enterprise cost management": 174160,
        "Total Operating Expenses": 237296,
        "Total revenue financing activities": 42931,
        "Net profit from business activities": 422421,
        "Profit": 12985,
        "Profit before tax": 435406,
        "Present corporate income tax expenses": 103125,
        "Deferred income taxes expenses": 31212,
        "The interests of minority shareholders": 368086,
        "Total Cost of profits": 502423,
        "Profit after tax corporate income": -67017,
        "Volume": 446700421,
        "Close of Quarter": 34.9,
        "EPS": 2741,
        "Non-adjusted EPS": 2741,
        "PE": 12.7,
        "Book Price": 22.7
      }
    },
    {
      "quarter": "Q2 2014",
      "income status": {
        "Net sales": 7684110,
        "Cost of goods sold": 6875759,
        "Gross Profit": 808351,
        "Financial expenses": 62594,
        "Of which: Interest expense": 25607,
        "Cost of sales": 37301,
        "Enterprise cost management": 152676,
        "Total Operating Expenses": 252571,
        "Total revenue financing activities": 61731,
        "Net profit from business activities": 751624,
        "Profit": 53523,
        "Profit before tax": 805147,
        "Present corporate income tax expenses": 119332,
        "Deferred income taxes expenses": 39505,
        "The interests of minority shareholders": 113032,
        "Total Cost of profits": 271869,
        "Profit after tax corporate income": 533278,
        "Volume": 446700421,
        "Close of Quarter": 24.5,
        "EPS": 3970,
        "Non-adjusted EPS": 3970,
        "PE": 6.2,
        "Book Price": 22.1
      }
    },
    {
      "quarter": "Q1 2014",
      "income status": {
        "Net sales": 5713060,
        "Cost of goods sold": 5333656,
        "Gross Profit": 379404,
        "Financial expenses": 30529,
        "Of which: Interest expense": 26991,
        "Cost of sales": 11074,
        "Enterprise cost management": 146044,
        "Total Operating Expenses": 187647,
        "Total revenue financing activities": 39608,
        "Net profit from business activities": 314747,
        "Profit": 10268,
        "Profit before tax": 325015,
        "Present corporate income tax expenses": 71634,
        "Deferred income taxes expenses": 15836,
        "The interests of minority shareholders": -28787,
        "Total Cost of profits": 58683,
        "Profit after tax corporate income": 266332,
        "Volume": 446700421,
        "Close of Quarter": 24.5,
        "EPS": 3403,
        "Non-adjusted EPS": 3403,
        "PE": 7.2,
        "Book Price": 22.2
      }
    },
    {
      "quarter": "Q4 2013",
      "income status": {
        "Net sales": 6096125,
        "Cost of goods sold": 5173756,
        "Gross Profit": 922369,
        "Financial expenses": 84486,
        "Of which: Interest expense": 32323,
        "Cost of sales": 30709,
        "Enterprise cost management": 200076,
        "Total Operating Expenses": 315271,
        "Total revenue financing activities": 58908,
        "Net profit from business activities": 666005,
        "Profit": -5702,
        "Profit before tax": 744359,
        "Present corporate income tax expenses": 167661,
        "Deferred income taxes expenses": 43693,
        "The interests of minority shareholders": 41193,
        "Total Cost of profits": 252547,
        "Profit after tax corporate income": 491811,
        "Volume": 446700421,
        "Close of Quarter": 17,
        "EPS": 3394,
        "Non-adjusted EPS": 3394,
        "PE": 5.0,
        "Book Price": 18.4
      }
    },
    {
      "quarter": "Q3 2013",
      "income status": {
        "Net sales": 7665169,
        "Cost of goods sold": 6952850,
        "Gross Profit": 712319,
        "Financial expenses": 83881,
        "Of which: Interest expense": 53891,
        "Cost of sales": 8988,
        "Enterprise cost management": 163809,
        "Total Operating Expenses": 256678,
        "Total revenue financing activities": 81101,
        "Net profit from business activities": 536741,
        "Profit": 19007,
        "Profit before tax": 665016,
        "Present corporate income tax expenses": 162980,
        "Deferred income taxes expenses": -289,
        "The interests of minority shareholders": 20128,
        "Total Cost of profits": 182819,
        "Profit after tax corporate income": 482197,
        "Volume": 446700421,
        "Close of Quarter": 13.6,
        "EPS": 2748,
        "Non-adjusted EPS": 2748,
        "PE": 4.9,
        "Book Price": 17.1
      }
    },
    {
      "quarter": "Q2 2013",
      "income status": {
        "Net sales": 6829993,
        "Cost of goods sold": 6335549,
        "Gross Profit": 494444,
        "Financial expenses": 50463,
        "Of which: Interest expense": 39847,
        "Cost of sales": 55202,
        "Enterprise cost management": 156230,
        "Total Operating Expenses": 261895,
        "Total revenue financing activities": 64188,
        "Net profit from business activities": 296736,
        "Profit": 35098,
        "Profit before tax": 420098,
        "Present corporate income tax expenses": 140421,
        "Deferred income taxes expenses": -11552,
        "The interests of minority shareholders": 11424,
        "Total Cost of profits": 140293,
        "Profit after tax corporate income": 279805,
        "Volume": 446700421,
        "Close of Quarter": 12.6,
        "EPS": 2325,
        "Non-adjusted EPS": 2325,
        "PE": 5.4,
        "Book Price": 16
      }
    },
    {
      "quarter": "Q1 2013",
      "income status": {
        "Net sales": 4794540,
        "Cost of goods sold": 4271823,
        "Gross Profit": 522717,
        "Financial expenses": 62977,
        "Of which: Interest expense": 43042,
        "Cost of sales": 13120,
        "Enterprise cost management": 138201,
        "Total Operating Expenses": 214298,
        "Total revenue financing activities": 61023,
        "Net profit from business activities": 369442,
        "Profit": 684,
        "Profit before tax": 407294,
        "Present corporate income tax expenses": 18564,
        "Deferred income taxes expenses": 87354,
        "The interests of minority shareholders": 38977,
        "Total Cost of profits": 144895,
        "Profit after tax corporate income": 262400,
        "Volume": 297802094,
        "Close of Quarter": 11.5,
        "EPS": 2494.7,
        "Non-adjusted EPS": 3742,
        "PE": 3.1,
        "Book Price": 16.3
      }
    },
    {
      "quarter": "Q4 2012",
      "income status": {
        "Net sales": 6389000,
        "Cost of goods sold": 6248063,
        "Gross Profit": 140937,
        "Financial expenses": 74844,
        "Of which: Interest expense": 47032,
        "Cost of sales": 20636,
        "Enterprise cost management": 185934,
        "Total Operating Expenses": 281414,
        "Total revenue financing activities": 54127,
        "Net profit from business activities": -86351,
        "Profit": 440279,
        "Profit before tax": 423129,
        "Present corporate income tax expenses": 146796,
        "Deferred income taxes expenses": 46599,
        "The interests of minority shareholders": 26733,
        "Total Cost of profits": 220128,
        "Profit after tax corporate income": 203002,
        "Volume": 297802094,
        "Close of Quarter": 10.4,
        "EPS": 2432.0,
        "Non-adjusted EPS": 3648,
        "PE": 2.9,
        "Book Price": 13.9
      }
    },
    {
      "quarter": "Q3 2012",
      "income status": {
        "Net sales": 6720534,
        "Cost of goods sold": 6098218,
        "Gross Profit": 622316,
        "Financial expenses": 62201,
        "Of which: Interest expense": 49759,
        "Cost of sales": 13130,
        "Enterprise cost management": 176490,
        "Total Operating Expenses": 251821,
        "Total revenue financing activities": 58609,
        "Net profit from business activities": 429104,
        "Profit": -5210,
        "Profit before tax": 479064,
        "Present corporate income tax expenses": 131052,
        "Deferred income taxes expenses": -3787,
        "The interests of minority shareholders": 58426,
        "Total Cost of profits": 185691,
        "Profit after tax corporate income": 293373,
        "Volume": 297802094,
        "Close of Quarter": 9.5,
        "EPS": 3204.0,
        "Non-adjusted EPS": 4806,
        "PE": 2.0,
        "Book Price": 13.5
      }
    },
    {
      "quarter": "Q2 2012",
      "income status": {
        "Net sales": 6086798,
        "Cost of goods sold": 5518996,
        "Gross Profit": 567802,
        "Financial expenses": 102633,
        "Of which: Interest expense": 65322,
        "Cost of sales": 14944,
        "Enterprise cost management": 146665,
        "Total Operating Expenses": 264242,
        "Total revenue financing activities": 116990,
        "Net profit from business activities": 420549,
        "Profit": -17119,
        "Profit before tax": 453130,
        "Present corporate income tax expenses": 117590,
        "Deferred income taxes expenses": -63585,
        "The interests of minority shareholders": 43468,
        "Total Cost of profits": 97473,
        "Profit after tax corporate income": 355658,
        "Volume": 297802094,
        "Close of Quarter": 9.6,
        "EPS": 3169.4,
        "Non-adjusted EPS": 4754,
        "PE": 2.0,
        "Book Price": 12.8
      }
    },
    {
      "quarter": "Q1 2012",
      "income status": {
        "Net sales": 5342352,
        "Cost of goods sold": 4982981,
        "Gross Profit": 359371,
        "Financial expenses": 87466,
        "Of which: Interest expense": 51774,
        "Cost of sales": 12742,
        "Enterprise cost management": 142815,
        "Total Operating Expenses": 243023,
        "Total revenue financing activities": 105002,
        "Net profit from business activities": 221351,
        "Profit": 40929,
        "Profit before tax": 340127,
        "Present corporate income tax expenses": 85907,
        "Deferred income taxes expenses": 18190,
        "The interests of minority shareholders": 1670,
        "Total Cost of profits": 105767,
        "Profit after tax corporate income": 234359,
        "Volume": 297802094,
        "Close of Quarter": 9.0,
        "EPS": 3135.4,
        "Non-adjusted EPS": 4703,
        "PE": 1.9,
        "Book Price": 13.8
      }
    },
    {
      "quarter": "Q4 2011",
      "income status": {
        "Net sales": 6822568,
        "Cost of goods sold": 6194819,
        "Gross Profit": 627749,
        "Financial expenses": 441626,
        "Of which: Interest expense": 82557,
        "Cost of sales": 15603,
        "Enterprise cost management": 292166,
        "Total Operating Expenses": 749395,
        "Total revenue financing activities": 207917,
        "Net profit from business activities": 86270,
        "Profit": 549977,
        "Profit before tax": 822635,
        "Present corporate income tax expenses": 278976,
        "Deferred income taxes expenses": -20456,
        "The interests of minority shareholders": 16128,
        "Total Cost of profits": 274648,
        "Profit after tax corporate income": 547986,
        "Volume": 297802094,
        "Close of Quarter": 7.4,
        "EPS": 2798.7,
        "Non-adjusted EPS": 4198,
        "PE": 1.8,
        "Book Price": 12.9
      }
    },
    {
      "quarter": "Q3 2011",
      "income status": {
        "Net sales": 6378147,
        "Cost of goods sold": 5878699,
        "Gross Profit": 499449,
        "Financial expenses": 93008,
        "Of which: Interest expense": 58507,
        "Cost of sales": 4780,
        "Enterprise cost management": 152916,
        "Total Operating Expenses": 250704,
        "Total revenue financing activities": 104347,
        "Net profit from business activities": 353092,
        "Profit": -31624,
        "Profit before tax": 898721,
        "Present corporate income tax expenses": 56694,
        "Deferred income taxes expenses": 15731,
        "The interests of minority shareholders": 12353,
        "Total Cost of profits": 84778,
        "Profit after tax corporate income": 277846,
        "Volume": 297802094,
        "Close of Quarter": 8.1,
        "EPS": 2220.0,
        "Non-adjusted EPS": 3330,
        "PE": 2.4,
        "Book Price": 11.4
      }
    },
    {
      "quarter": "Q2 2011",
      "income status": {
        "Net sales": 7841829,
        "Cost of goods sold": 7221520,
        "Gross Profit": 620309,
        "Financial expenses": 206537,
        "Of which: Interest expense": 34364,
        "Cost of sales": 17860,
        "Enterprise cost management": 131967,
        "Total Operating Expenses": 356364,
        "Total revenue financing activities": 101177,
        "Net profit from business activities": 365122,
        "Profit": 95706,
        "Profit before tax": 413180,
        "Present corporate income tax expenses": 45571,
        "Deferred income taxes expenses": 13788,
        "The interests of minority shareholders": 13368,
        "Total Cost of profits": 72727,
        "Profit after tax corporate income": 340453,
        "Volume": 297802094,
        "Close of Quarter": 9.5,
        "EPS": 2062.7,
        "Non-adjusted EPS": 3094,
        "PE": 3.1,
        "Book Price": 10.9
      }
    },
    {
      "quarter": "Q1 2011",
      "income status": {
        "Net sales": 3255256,
        "Cost of goods sold": 3047579,
        "Gross Profit": 207677,
        "Financial expenses": 307859,
        "Of which: Interest expense": 99868,
        "Cost of sales": 7676,
        "Enterprise cost management": 93000,
        "Total Operating Expenses": 408535,
        "Total revenue financing activities": 205554,
        "Net profit from business activities": 4696,
        "Profit": 116263,
        "Profit before tax": 122150,
        "Present corporate income tax expenses": 42317,
        "Deferred income taxes expenses": 32,
        "The interests of minority shareholders": -4179,
        "Total Cost of profits": 38170,
        "Profit after tax corporate income": 83980,
        "Volume": 297802094,
        "Close of Quarter": 10.6,
        "EPS": 1820.7,
        "Non-adjusted EPS": 2731,
        "PE": 3.9,
        "Book Price": 10.3
      }
    },
    {
      "quarter": "Q4 2010",
      "income status": {
        "Net sales": 5023496,
        "Cost of goods sold": 4588564,
        "Gross Profit": 434932,
        "Financial expenses": 56752,
        "Of which: Interest expense": 62776,
        "Cost of sales": 17388,
        "Enterprise cost management": 136223,
        "Total Operating Expenses": 210363,
        "Total revenue financing activities": 96975,
        "Net profit from business activities": 321544,
        "Profit": 40005,
        "Profit before tax": 359402,
        "Present corporate income tax expenses": 53397,
        "Deferred income taxes expenses": 6735,
        "The interests of minority shareholders": 9928,
        "Total Cost of profits": 70060,
        "Profit after tax corporate income": 289341,
        "Volume": 198803431,
        "Close of Quarter": 10.4,
        "EPS": 2018.7,
        "Non-adjusted EPS": 4536,
        "PE": 2.3,
        "Book Price": 8.8
      }
    },
    {
      "quarter": "Q3 2010",
      "income status": {
        "Net sales": 4245257,
        "Cost of goods sold": 3914356,
        "Gross Profit": 330901,
        "Financial expenses": 194513,
        "Of which: Interest expense": 2664,
        "Cost of sales": 13102,
        "Enterprise cost management": 96466,
        "Total Operating Expenses": 304081,
        "Total revenue financing activities": 135369,
        "Net profit from business activities": 162189,
        "Profit": 71276,
        "Profit before tax": 259164,
        "Present corporate income tax expenses": 42151,
        "Deferred income taxes expenses": 6131,
        "The interests of minority shareholders": 3173,
        "Total Cost of profits": 51455,
        "Profit after tax corporate income": 207709,
        "Volume": 198803431,
        "Close of Quarter": 10.2,
        "EPS": 1709.4,
        "Non-adjusted EPS": 3841,
        "PE": 2.6,
        "Book Price": 7.9
      }
    },
    {
      "quarter": "Q2 2010",
      "income status": {
        "Net sales": 5398814,
        "Cost of goods sold": 5129306,
        "Gross Profit": 269508,
        "Financial expenses": 70046,
        "Of which: Interest expense": 45506,
        "Cost of sales": 11955,
        "Enterprise cost management": 96968,
        "Total Operating Expenses": 178969,
        "Total revenue financing activities": 120735,
        "Net profit from business activities": 211274,
        "Profit": 912,
        "Profit before tax": 264796,
        "Present corporate income tax expenses": 23623,
        "Deferred income taxes expenses": 13818,
        "The interests of minority shareholders": -4845,
        "Total Cost of profits": 32596,
        "Profit after tax corporate income": 232200,
        "Volume": 198803431,
        "Close of Quarter": 11.7,
        "EPS": 1579.5,
        "Non-adjusted EPS": 3549,
        "PE": 3.3,
        "Book Price": 7.5
      }
    },
    {
      "quarter": "Q1 2010",
      "income status": {
        "Net sales": 2171262,
        "Cost of goods sold": 2038373,
        "Gross Profit": 132889,
        "Financial expenses": 168537,
        "Of which: Interest expense": 29330,
        "Cost of sales": 4058,
        "Enterprise cost management": 52104,
        "Total Operating Expenses": 224699,
        "Total revenue financing activities": 146285,
        "Net profit from business activities": 54475,
        "Profit": 20648,
        "Profit before tax": 226559,
        "Present corporate income tax expenses": 19975,
        "Deferred income taxes expenses": 36496,
        "The interests of minority shareholders": -2441,
        "Total Cost of profits": 54030,
        "Profit after tax corporate income": 172529,
        "Volume": 198803431,
        "Close of Quarter": 10.9,
        "EPS": 1375.7,
        "Non-adjusted EPS": 3091,
        "PE": 3.5,
        "Book Price": 7.1
      }
    },
    {
      "quarter": "Q4 2009",
      "income status": {
        "Net sales": 3340197,
        "Cost of goods sold": 3063319,
        "Gross Profit": 276878,
        "Financial expenses": 138156,
        "Of which: Interest expense": "N/A",
        "Cost of sales": 10010,
        "Enterprise cost management": 61962,
        "Total Operating Expenses": 210128,
        "Total revenue financing activities": 169929,
        "Net profit from business activities": 236679,
        "Profit": 8749,
        "Profit before tax": 259201,
        "Present corporate income tax expenses": 108124,
        "Deferred income taxes expenses": "N/A",
        "The interests of minority shareholders": "N/A",
        "Total Cost of profits": 108124,
        "Profit after tax corporate income": 151077,
        "Volume": 173803431,
        "Close of Quarter": 11.3,
        "EPS": 1180.9,
        "Non-adjusted EPS": 3035,
        "PE": 3.7,
        "Book Price": 7.8
      }
    },
    {
      "quarter": "Q3 2009",
      "income status": {
        "Net sales": 3083532,
        "Cost of goods sold": 2863872,
        "Gross Profit": 219660,
        "Financial expenses": 100980,
        "Of which: Interest expense": 17286,
        "Cost of sales": 22673,
        "Enterprise cost management": 63176,
        "Total Operating Expenses": 186829,
        "Total revenue financing activities": 88902,
        "Net profit from business activities": 121732,
        "Profit": 58335,
        "Profit before tax": 182629,
        "Present corporate income tax expenses": 33331,
        "Deferred income taxes expenses": "N/A",
        "The interests of minority shareholders": -524,
        "Total Cost of profits": 32807,
        "Profit after tax corporate income": 149822,
        "Volume": 173803431,
        "Close of Quarter": 14.4,
        "EPS": 1373.1,
        "Non-adjusted EPS": 3529,
        "PE": 4.1,
        "Book Price": 5.7
      }
    },
    {
      "quarter": "Q2 2009",
      "income status": {
        "Net sales": 2434233,
        "Cost of goods sold": 2173912,
        "Gross Profit": 260321,
        "Financial expenses": 75207,
        "Of which: Interest expense": 16848,
        "Cost of sales": 27208,
        "Enterprise cost management": 62999,
        "Total Operating Expenses": 165414,
        "Total revenue financing activities": 43254,
        "Net profit from business activities": 138160,
        "Profit": 17053,
        "Profit before tax": 155213,
        "Present corporate income tax expenses": 17410,
        "Deferred income taxes expenses": "N/A",
        "The interests of minority shareholders": -692,
        "Total Cost of profits": 16718,
        "Profit after tax corporate income": 141157,
        "Volume": 173803431,
        "Close of Quarter": 12.1,
        "EPS": 1297.6,
        "Non-adjusted EPS": 3335,
        "PE": 3.6,
        "Book Price": 5.5
      }
    },
    {
      "quarter": "Q1 2009",
      "income status": {
        "Net sales": 1847498,
        "Cost of goods sold": 1671442,
        "Gross Profit": 176056,
        "Financial expenses": 32731,
        "Of which: Interest expense": "N/A",
        "Cost of sales": 22848,
        "Enterprise cost management": 76316,
        "Total Operating Expenses": 131895,
        "Total revenue financing activities": 49446,
        "Net profit from business activities": 93607,
        "Profit": 1425,
        "Profit before tax": 97711,
        "Present corporate income tax expenses": 12456,
        "Deferred income taxes expenses": "N/A",
        "The interests of minority shareholders": -238,
        "Total Cost of profits": 12218,
        "Profit after tax corporate income": 85493,
        "Volume": 100000000,
        "Close of Quarter": 9.4,
        "EPS": 1206.2,
        "Non-adjusted EPS": 5388,
        "PE": 1.7,
        "Book Price": 5.3
      }
    },
    {
      "quarter": "Q4 2008",
      "income status": {
        "Net sales": 2859796,
        "Cost of goods sold": 2560176,
        "Gross Profit": 299620,
        "Financial expenses": 48591,
        "Of which: Interest expense": "N/A",
        "Cost of sales": 35866,
        "Enterprise cost management": 115689,
        "Total Operating Expenses": 200146,
        "Total revenue financing activities": 45662,
        "Net profit from business activities": 145136,
        "Profit": 81295,
        "Profit before tax": 238768,
        "Present corporate income tax expenses": 1950,
        "Deferred income taxes expenses": "N/A",
        "The interests of minority shareholders": "N/A",
        "Total Cost of profits": 1950,
        "Profit after tax corporate income": 236818,
        "Volume": 100000000,
        "Close of Quarter": 11.0,
        "EPS": 1167,
        "Non-adjusted EPS": 5213,
        "PE": 2.1,
        "Book Price": 5.4
      }
    },
    {
      "quarter": "Q3 2008",
      "income status": {
        "Net sales": 2642832,
        "Cost of goods sold": 2395289,
        "Gross Profit": 247543,
        "Financial expenses": 87241,
        "Of which: Interest expense": 35414,
        "Cost of sales": 35083,
        "Enterprise cost management": 45387,
        "Total Operating Expenses": 167711,
        "Total revenue financing activities": 38463,
        "Net profit from business activities": 118295,
        "Profit": -1425,
        "Profit before tax": 117438,
        "Present corporate income tax expenses": 1323,
        "Deferred income taxes expenses": "N/A",
        "The interests of minority shareholders": "N/A",
        "Total Cost of profits": 1323,
        "Profit after tax corporate income": 116115,
        "Volume": 100000000,
        "Close of Quarter": 11.7,
        "EPS": 868.1,
        "Non-adjusted EPS": 3878,
        "PE": 3.0,
        "Book Price": 3.3
      }
    },
    {
      "quarter": "Q2 2008",
      "income status": {
        "Net sales": 1923670,
        "Cost of goods sold": 1698304,
        "Gross Profit": 225365,
        "Financial expenses": 78014,
        "Of which: Interest expense": 43725,
        "Cost of sales": 29746,
        "Enterprise cost management": 45896,
        "Total Operating Expenses": 153656,
        "Total revenue financing activities": 29296,
        "Net profit from business activities": 101006,
        "Profit": -1474,
        "Profit before tax": 100326,
        "Present corporate income tax expenses": "N/A",
        "Deferred income taxes expenses": "N/A",
        "The interests of minority shareholders": "N/A",
        "Total Cost of profits": 0,
        "Profit after tax corporate income": 100326,
        "Volume": 100000000,
        "Close of Quarter": 6.1,
        "EPS": 735.6,
        "Non-adjusted EPS": 3286,
        "PE": 1.9,
        "Book Price": 3.0
      }
    },
    {
      "quarter": "Q1 2008",
      "income status": {
        "Net sales": 1235852,
        "Cost of goods sold": 1101034,
        "Gross Profit": 134818,
        "Financial expenses": 41995,
        "Of which: Interest expense": 34006,
        "Cost of sales": 22498,
        "Enterprise cost management": 29469,
        "Total Operating Expenses": 93962,
        "Total revenue financing activities": 25034,
        "Net profit from business activities": 65890,
        "Profit": 2106,
        "Profit before tax": 67997,
        "Present corporate income tax expenses": "N/A",
        "Deferred income taxes expenses": "N/A",
        "The interests of minority shareholders": "N/A",
        "Total Cost of profits": 0,
        "Profit after tax corporate income": 67997,
        "Volume": 100000000,
        "Close of Quarter": 11.6,
        "EPS": 869.9,
        "Non-adjusted EPS": 3886,
        "PE": 3,
        "Book Price": 2.8
      }
    },
    {
      "quarter": "Q4 2007",
      "income status": {
        "Net sales": 1863686,
        "Cost of goods sold": 1643722,
        "Gross Profit": 219964,
        "Financial expenses": 46908,
        "Of which: Interest expense": 41052,
        "Cost of sales": 13294,
        "Enterprise cost management": 79325,
        "Total Operating Expenses": 139527,
        "Total revenue financing activities": 16583,
        "Net profit from business activities": 97020,
        "Profit": 6341,
        "Profit before tax": 103361,
        "Present corporate income tax expenses": "N/A",
        "Deferred income taxes expenses": "N/A",
        "The interests of minority shareholders": "N/A",
        "Total Cost of profits": 0,
        "Profit after tax corporate income": 103361,
        "Volume": 100000000,
        "Close of Quarter": 27.5,
        "EPS": 822.5,
        "Non-adjusted EPS": 3674,
        "PE": 7.5,
        "Book Price": 3.0
      }
    },
    {
      "quarter": "Q3 2007",
      "income status": {
        "Net sales": 1854621,
        "Cost of goods sold": 1736517,
        "Gross Profit": 118104,
        "Financial expenses": 18612,
        "Of which: Interest expense": 14431,
        "Cost of sales": 24403,
        "Enterprise cost management": 36166,
        "Total Operating Expenses": 79181,
        "Total revenue financing activities": 17342,
        "Net profit from business activities": 56266,
        "Profit": 643,
        "Profit before tax": 56908,
        "Present corporate income tax expenses": "N/A",
        "Deferred income taxes expenses": "N/A",
        "The interests of minority shareholders": "N/A",
        "Total Cost of profits": 0,
        "Profit after tax corporate income": 56908,
        "Volume": 100000000,
        "Close of Quarter": 31.9,
        "EPS": 743.9,
        "Non-adjusted EPS": 3323,
        "PE": 9.6,
        "Book Price": 2.8
      }
    },
    {
      "quarter": "Q2 2007",
      "income status": {
        "Net sales": 2327371,
        "Cost of goods sold": 2130047,
        "Gross Profit": 197323,
        "Financial expenses": 38271,
        "Of which: Interest expense": 30046,
        "Cost of sales": 25029,
        "Enterprise cost management": 30060,
        "Total Operating Expenses": 93360,
        "Total revenue financing activities": 55921,
        "Net profit from business activities": 159883,
        "Profit": "N/A",
        "Profit before tax": 160354,
        "Present corporate income tax expenses": "N/A",
        "Deferred income taxes expenses": "N/A",
        "The interests of minority shareholders": "N/A",
        "Total Cost of profits": 0,
        "Profit after tax corporate income": 160354,
        "Volume": 100000000,
        "Close of Quarter": "N/A",
        "EPS": 616.5,
        "Non-adjusted EPS": 2754,
        "PE": "N/A",
        "Book Price": "N/A"
      }
    },
    {
      "quarter": "Q4 2006",
      "income status": {
        "Net sales": 1751487,
        "Cost of goods sold": 1663428,
        "Gross Profit": 88059,
        "Financial expenses": 19096,
        "Of which: Interest expense": 23960,
        "Cost of sales": 14145,
        "Enterprise cost management": 5375,
        "Total Operating Expenses": 38616,
        "Total revenue financing activities": 20400,
        "Net profit from business activities": 69843,
        "Profit": 2996,
        "Profit before tax": 72839,
        "Present corporate income tax expenses": 26035,
        "Deferred income taxes expenses": "N/A",
        "The interests of minority shareholders": "N/A",
        "Total Cost of profits": 26035,
        "Profit after tax corporate income": 46804,
        "Volume": 100000000,
        "Close of Quarter": "N/A",
        "EPS": 257.7,
        "Non-adjusted EPS": 1151,
        "PE": "N/A",
        "Book Price": 2.3
      }
    },
    {
      "quarter": "Q3 2006",
      "income status": {
        "Net sales": 1373426,
        "Cost of goods sold": 1253110,
        "Gross Profit": 120316,
        "Financial expenses": 11951,
        "Of which: Interest expense": "N/A",
        "Cost of sales": 12336,
        "Enterprise cost management": 10422,
        "Total Operating Expenses": 34709,
        "Total revenue financing activities": 6117,
        "Net profit from business activities": 91724,
        "Profit": 2188,
        "Profit before tax": 93912,
        "Present corporate income tax expenses": 25640,
        "Deferred income taxes expenses": "N/A",
        "The interests of minority shareholders": "N/A",
        "Total Cost of profits": 25640,
        "Profit after tax corporate income": 68272,
        "Volume": 100000000,
        "Close of Quarter": "N/A",
        "EPS": 152.9,
        "Non-adjusted EPS": 683,
        "PE": "N/A",
        "Book Price": "N/A"
      }
    }
  ]
}