{
  "ticker": "VTF",
  "data": [
    {
      "quarter": "Q3 2015",
      "income status": {
        "Net sales": 1347514,
        "Cost of goods sold": 1280127,
        "Gross Profit": 67387,
        "Financial expenses": 19348,
        "Of which: Interest expense": 19316,
        "Cost of sales": 6168,
        "Enterprise cost management": 8152,
        "Total Operating Expenses": 33668,
        "Total revenue financing activities": 970,
        "Net profit from business activities": 34689,
        "Profit": 207,
        "Profit before tax": 34896,
        "Present corporate income tax expenses": 6347,
        "Deferred income taxes expenses": -2702,
        "The interests of minority shareholders": "N/A",
        "Total Cost of profits": 3645,
        "Profit after tax corporate income": 31251,
        "Volume": 41812781,
        "Close of Quarter": 12.8,
        "EPS": 3588,
        "Non-adjusted EPS": 3588,
        "PE": 3.6,
        "Book Price": 25.4
      }
    },
    {
      "quarter": "Q2 2015",
      "income status": {
        "Net sales": 1629325,
        "Cost of goods sold": 1534798,
        "Gross Profit": 94527,
        "Financial expenses": 12124,
        "Of which: Interest expense": 11710,
        "Cost of sales": 6339,
        "Enterprise cost management": 5052,
        "Total Operating Expenses": 23515,
        "Total revenue financing activities": 1027,
        "Net profit from business activities": 72039,
        "Profit": 66,
        "Profit before tax": 72105,
        "Present corporate income tax expenses": 18517,
        "Deferred income taxes expenses": -6338,
        "The interests of minority shareholders": "N/A",
        "Total Cost of profits": 12179,
        "Profit after tax corporate income": 59926,
        "Volume": 41812781,
        "Close of Quarter": 11.6,
        "EPS": 4079,
        "Non-adjusted EPS": 4079,
        "PE": 2.8,
        "Book Price": 24.7
      }
    },
    {
      "quarter": "Q1 2015",
      "income status": {
        "Net sales": 1162271,
        "Cost of goods sold": 1116581,
        "Gross Profit": 45690,
        "Financial expenses": 4440,
        "Of which: Interest expense": 3999,
        "Cost of sales": 5903,
        "Enterprise cost management": 5880,
        "Total Operating Expenses": 16223,
        "Total revenue financing activities": 937,
        "Net profit from business activities": 30404,
        "Profit": 444,
        "Profit before tax": 30848,
        "Present corporate income tax expenses": -564,
        "Deferred income taxes expenses": 7529,
        "The interests of minority shareholders": "N/A",
        "Total Cost of profits": 6965,
        "Profit after tax corporate income": 23883,
        "Volume": 41812781,
        "Close of Quarter": 13.8,
        "EPS": 3441,
        "Non-adjusted EPS": 3441,
        "PE": 4,
        "Book Price": 23.3
      }
    },
    {
      "quarter": "Q4 2014",
      "income status": {
        "Net sales": 1454689,
        "Cost of goods sold": 1397538,
        "Gross Profit": 57151,
        "Financial expenses": 7242,
        "Of which: Interest expense": 6851,
        "Cost of sales": 8198,
        "Enterprise cost management": 8584,
        "Total Operating Expenses": 24024,
        "Total revenue financing activities": 1368,
        "Net profit from business activities": 34495,
        "Profit": 1231,
        "Profit before tax": 35726,
        "Present corporate income tax expenses": 8850,
        "Deferred income taxes expenses": -8084,
        "The interests of minority shareholders": "N/A",
        "Total Cost of profits": 766,
        "Profit after tax corporate income": 34960,
        "Volume": 41812781,
        "Close of Quarter": 11.9,
        "EPS": 3687,
        "Non-adjusted EPS": 3687,
        "PE": 3.2,
        "Book Price": 23.9
      }
    },
    {
      "quarter": "Q3 2014",
      "income status": {
        "Net sales": 1033560,
        "Cost of goods sold": 956639,
        "Gross Profit": 76921,
        "Financial expenses": 9014,
        "Of which: Interest expense": 8970,
        "Cost of sales": 4578,
        "Enterprise cost management": 3986,
        "Total Operating Expenses": 17578,
        "Total revenue financing activities": 1247,
        "Net profit from business activities": 60590,
        "Profit": 411,
        "Profit before tax": 61001,
        "Present corporate income tax expenses": 9757,
        "Deferred income taxes expenses": -528,
        "The interests of minority shareholders": "N/A",
        "Total Cost of profits": 9229,
        "Profit after tax corporate income": 51773,
        "Volume": 41812781,
        "Close of Quarter": 8.7,
        "EPS": 3516,
        "Non-adjusted EPS": 3516,
        "PE": 2.5,
        "Book Price": 23.1
      }
    },
    {
      "quarter": "Q2 2014",
      "income status": {
        "Net sales": 1135076,
        "Cost of goods sold": 1081382,
        "Gross Profit": 53694,
        "Financial expenses": 10346,
        "Of which: Interest expense": 10112,
        "Cost of sales": 4787,
        "Enterprise cost management": 4567,
        "Total Operating Expenses": 19700,
        "Total revenue financing activities": 4686,
        "Net profit from business activities": 38680,
        "Profit": 517,
        "Profit before tax": 39197,
        "Present corporate income tax expenses": 8545,
        "Deferred income taxes expenses": -2606,
        "The interests of minority shareholders": "N/A",
        "Total Cost of profits": 5939,
        "Profit after tax corporate income": 33258,
        "Volume": 41812781,
        "Close of Quarter": 7.2,
        "EPS": 2982,
        "Non-adjusted EPS": 2982,
        "PE": 2.4,
        "Book Price": 21.8
      }
    },
    {
      "quarter": "Q1 2014",
      "income status": {
        "Net sales": 799114,
        "Cost of goods sold": 752476,
        "Gross Profit": 46638,
        "Financial expenses": 7845,
        "Of which: Interest expense": 7770,
        "Cost of sales": 3788,
        "Enterprise cost management": 5750,
        "Total Operating Expenses": 17383,
        "Total revenue financing activities": 6138,
        "Net profit from business activities": 35394,
        "Profit": 342,
        "Profit before tax": 35736,
        "Present corporate income tax expenses": 1439,
        "Deferred income taxes expenses": 110,
        "The interests of minority shareholders": "N/A",
        "Total Cost of profits": 1549,
        "Profit after tax corporate income": 34187,
        "Volume": 41812781,
        "Close of Quarter": 7.2,
        "EPS": 2930,
        "Non-adjusted EPS": 2930,
        "PE": 2.4,
        "Book Price": 21
      }
    },
    {
      "quarter": "Q4 2013",
      "income status": {
        "Net sales": 913309,
        "Cost of goods sold": 868097,
        "Gross Profit": 45212,
        "Financial expenses": 7866,
        "Of which: Interest expense": 7714,
        "Cost of sales": 4778,
        "Enterprise cost management": 5225,
        "Total Operating Expenses": 17869,
        "Total revenue financing activities": 2328,
        "Net profit from business activities": 29672,
        "Profit": 538,
        "Profit before tax": 30210,
        "Present corporate income tax expenses": 2786,
        "Deferred income taxes expenses": -374,
        "The interests of minority shareholders": "N/A",
        "Total Cost of profits": 2412,
        "Profit after tax corporate income": 27798,
        "Volume": 41812781,
        "Close of Quarter": 6.1,
        "EPS": 3020,
        "Non-adjusted EPS": 3020,
        "PE": 2.0,
        "Book Price": 21.8
      }
    },
    {
      "quarter": "Q3 2013",
      "income status": {
        "Net sales": 855853,
        "Cost of goods sold": 805294,
        "Gross Profit": 50558,
        "Financial expenses": 11051,
        "Of which: Interest expense": 10913,
        "Cost of sales": 3738,
        "Enterprise cost management": 4647,
        "Total Operating Expenses": 19436,
        "Total revenue financing activities": 243,
        "Net profit from business activities": 31366,
        "Profit": 595,
        "Profit before tax": 31961,
        "Present corporate income tax expenses": 3099,
        "Deferred income taxes expenses": -567,
        "The interests of minority shareholders": "N/A",
        "Total Cost of profits": 2532,
        "Profit after tax corporate income": 29429,
        "Volume": 41812781,
        "Close of Quarter": 5.9,
        "EPS": 3095,
        "Non-adjusted EPS": 3095,
        "PE": 1.9,
        "Book Price": 21.1
      }
    },
    {
      "quarter": "Q2 2013",
      "income status": {
        "Net sales": 1173715,
        "Cost of goods sold": 1118244,
        "Gross Profit": 55471,
        "Financial expenses": 11173,
        "Of which: Interest expense": 10196,
        "Cost of sales": 4881,
        "Enterprise cost management": 6578,
        "Total Operating Expenses": 22632,
        "Total revenue financing activities": 318,
        "Net profit from business activities": 33156,
        "Profit": 616,
        "Profit before tax": 33772,
        "Present corporate income tax expenses": 3275,
        "Deferred income taxes expenses": -620,
        "The interests of minority shareholders": "N/A",
        "Total Cost of profits": 2655,
        "Profit after tax corporate income": 31118,
        "Volume": 31359637,
        "Close of Quarter": 6.7,
        "EPS": 3124.5,
        "Non-adjusted EPS": 4166,
        "PE": 1.6,
        "Book Price": 21.2
      }
    },
    {
      "quarter": "Q1 2013",
      "income status": {
        "Net sales": 1056182,
        "Cost of goods sold": 999914,
        "Gross Profit": 56269,
        "Financial expenses": 8005,
        "Of which: Interest expense": 7859,
        "Cost of sales": 4192,
        "Enterprise cost management": 4388,
        "Total Operating Expenses": 16585,
        "Total revenue financing activities": 665,
        "Net profit from business activities": 40348,
        "Profit": 909,
        "Profit before tax": 41257,
        "Present corporate income tax expenses": 1541,
        "Deferred income taxes expenses": 1766,
        "The interests of minority shareholders": "N/A",
        "Total Cost of profits": 3307,
        "Profit after tax corporate income": 37950,
        "Volume": 21025509,
        "Close of Quarter": 6.2,
        "EPS": 3464.1,
        "Non-adjusted EPS": 6889,
        "PE": 0.9,
        "Book Price": 15.6
      }
    },
    {
      "quarter": "Q4 2012",
      "income status": {
        "Net sales": 1200679,
        "Cost of goods sold": 1147024,
        "Gross Profit": 53655,
        "Financial expenses": 10504,
        "Of which: Interest expense": 9581,
        "Cost of sales": 5484,
        "Enterprise cost management": 5994,
        "Total Operating Expenses": 21982,
        "Total revenue financing activities": 1196,
        "Net profit from business activities": 32869,
        "Profit": 690,
        "Profit before tax": 33559,
        "Present corporate income tax expenses": 2975,
        "Deferred income taxes expenses": -317,
        "The interests of minority shareholders": "N/A",
        "Total Cost of profits": 2658,
        "Profit after tax corporate income": 30900,
        "Volume": 21025509,
        "Close of Quarter": 5.6,
        "EPS": 3494.8,
        "Non-adjusted EPS": 6950,
        "PE": 0.8,
        "Book Price": 14.7
      }
    },
    {
      "quarter": "Q3 2012",
      "income status": {
        "Net sales": 812473,
        "Cost of goods sold": 761260,
        "Gross Profit": 51213,
        "Financial expenses": 11499,
        "Of which: Interest expense": 11067,
        "Cost of sales": 3502,
        "Enterprise cost management": 3650,
        "Total Operating Expenses": 18651,
        "Total revenue financing activities": 161,
        "Net profit from business activities": 32723,
        "Profit": 554,
        "Profit before tax": 33277,
        "Present corporate income tax expenses": 3427,
        "Deferred income taxes expenses": -817,
        "The interests of minority shareholders": "N/A",
        "Total Cost of profits": 2610,
        "Profit after tax corporate income": 30667,
        "Volume": 21025509,
        "Close of Quarter": 6.5,
        "EPS": 3896.1,
        "Non-adjusted EPS": 7748,
        "PE": 0.8,
        "Book Price": 14.0
      }
    },
    {
      "quarter": "Q2 2012",
      "income status": {
        "Net sales": 882926,
        "Cost of goods sold": 810919,
        "Gross Profit": 72008,
        "Financial expenses": 15681,
        "Of which: Interest expense": 14673,
        "Cost of sales": 4486,
        "Enterprise cost management": 4877,
        "Total Operating Expenses": 25044,
        "Total revenue financing activities": 1207,
        "Net profit from business activities": 48171,
        "Profit": 1038,
        "Profit before tax": 49208,
        "Present corporate income tax expenses": 5112,
        "Deferred income taxes expenses": -1232,
        "The interests of minority shareholders": "N/A",
        "Total Cost of profits": 3880,
        "Profit after tax corporate income": 45328,
        "Volume": 18025509,
        "Close of Quarter": 6.7,
        "EPS": 4253.2,
        "Non-adjusted EPS": 9866,
        "PE": 0.7,
        "Book Price": 11.9
      }
    },
    {
      "quarter": "Q1 2012",
      "income status": {
        "Net sales": 806727,
        "Cost of goods sold": 751333,
        "Gross Profit": 55394,
        "Financial expenses": 8011,
        "Of which: Interest expense": 7203,
        "Cost of sales": 3371,
        "Enterprise cost management": 3486,
        "Total Operating Expenses": 14868,
        "Total revenue financing activities": 1282,
        "Net profit from business activities": 41809,
        "Profit": 750,
        "Profit before tax": 42559,
        "Present corporate income tax expenses": 2316,
        "Deferred income taxes expenses": 1019,
        "The interests of minority shareholders": "N/A",
        "Total Cost of profits": 3335,
        "Profit after tax corporate income": 39224,
        "Volume": 18025509,
        "Close of Quarter": 5.4,
        "EPS": 5116.7,
        "Non-adjusted EPS": 11869,
        "PE": 0.5,
        "Book Price": 11.5
      }
    },
    {
      "quarter": "Q4 2011",
      "income status": {
        "Net sales": 834379,
        "Cost of goods sold": 757639,
        "Gross Profit": 76741,
        "Financial expenses": 15224,
        "Of which: Interest expense": 11810,
        "Cost of sales": 6588,
        "Enterprise cost management": 4814,
        "Total Operating Expenses": 26626,
        "Total revenue financing activities": 1361,
        "Net profit from business activities": 51476,
        "Profit": 601,
        "Profit before tax": 190361,
        "Present corporate income tax expenses": 4458,
        "Deferred income taxes expenses": -78,
        "The interests of minority shareholders": "N/A",
        "Total Cost of profits": 4380,
        "Profit after tax corporate income": 47696,
        "Volume": 18025509,
        "Close of Quarter": 4.4,
        "EPS": 4743.8,
        "Non-adjusted EPS": 11004,
        "PE": 0.4,
        "Book Price": 10.7
      }
    },
    {
      "quarter": "Q3 2011",
      "income status": {
        "Net sales": 585462,
        "Cost of goods sold": 528270,
        "Gross Profit": 57192,
        "Financial expenses": 9110,
        "Of which: Interest expense": 6937,
        "Cost of sales": 2941,
        "Enterprise cost management": -485,
        "Total Operating Expenses": 11566,
        "Total revenue financing activities": 3200,
        "Net profit from business activities": 48827,
        "Profit": 1021,
        "Profit before tax": 138284,
        "Present corporate income tax expenses": 4166,
        "Deferred income taxes expenses": 84,
        "The interests of minority shareholders": "N/A",
        "Total Cost of profits": 4250,
        "Profit after tax corporate income": 45597,
        "Volume": 18025509,
        "Close of Quarter": 3.4,
        "EPS": 4628.7,
        "Non-adjusted EPS": 10737,
        "PE": 0.3,
        "Book Price": 10.2
      }
    },
    {
      "quarter": "Q2 2011",
      "income status": {
        "Net sales": 1453970,
        "Cost of goods sold": 1302234,
        "Gross Profit": 151736,
        "Financial expenses": 48748,
        "Of which: Interest expense": 13816,
        "Cost of sales": 6439,
        "Enterprise cost management": 16134,
        "Total Operating Expenses": 71321,
        "Total revenue financing activities": 5277,
        "Net profit from business activities": 85692,
        "Profit": 2745,
        "Profit before tax": 88437,
        "Present corporate income tax expenses": 7666,
        "Deferred income taxes expenses": -656,
        "The interests of minority shareholders": "N/A",
        "Total Cost of profits": 7010,
        "Profit after tax corporate income": 81426,
        "Volume": 18025509,
        "Close of Quarter": 3.1,
        "EPS": 3823.9,
        "Non-adjusted EPS": 8870,
        "PE": 0.3,
        "Book Price": 9.1
      }
    },
    {
      "quarter": "Q1 2011",
      "income status": {
        "Net sales": 646249,
        "Cost of goods sold": 578572,
        "Gross Profit": 67677,
        "Financial expenses": 39953,
        "Of which: Interest expense": 6459,
        "Cost of sales": 3004,
        "Enterprise cost management": 4051,
        "Total Operating Expenses": 47008,
        "Total revenue financing activities": 3206,
        "Net profit from business activities": 23875,
        "Profit": 2000,
        "Profit before tax": 25874,
        "Present corporate income tax expenses": 1476,
        "Deferred income taxes expenses": 764,
        "The interests of minority shareholders": "N/A",
        "Total Cost of profits": 2240,
        "Profit after tax corporate income": 23634,
        "Volume": 18025509,
        "Close of Quarter": 2.7,
        "EPS": 1835.6,
        "Non-adjusted EPS": 4258,
        "PE": 0.6,
        "Book Price": 8.5
      }
    },
    {
      "quarter": "Q4 2010",
      "income status": {
        "Net sales": 587840,
        "Cost of goods sold": 521942,
        "Gross Profit": 65898,
        "Financial expenses": 12695,
        "Of which: Interest expense": 9031,
        "Cost of sales": 3562,
        "Enterprise cost management": 5652,
        "Total Operating Expenses": 21909,
        "Total revenue financing activities": 883,
        "Net profit from business activities": 44872,
        "Profit": 1269,
        "Profit before tax": 46141,
        "Present corporate income tax expenses": 3439,
        "Deferred income taxes expenses": -185,
        "The interests of minority shareholders": "N/A",
        "Total Cost of profits": 3254,
        "Profit after tax corporate income": 42887,
        "Volume": 18025509,
        "Close of Quarter": 2.5,
        "EPS": 1284.7,
        "Non-adjusted EPS": 2980,
        "PE": 0.8,
        "Book Price": 7.9
      }
    },
    {
      "quarter": "Q3 2010",
      "income status": {
        "Net sales": 438028,
        "Cost of goods sold": 399495,
        "Gross Profit": 38533,
        "Financial expenses": 19988,
        "Of which: Interest expense": 11425,
        "Cost of sales": 2466,
        "Enterprise cost management": 3700,
        "Total Operating Expenses": 26154,
        "Total revenue financing activities": 543,
        "Net profit from business activities": 12922,
        "Profit": -4,
        "Profit before tax": 12918,
        "Present corporate income tax expenses": 987,
        "Deferred income taxes expenses": "N/A",
        "The interests of minority shareholders": "N/A",
        "Total Cost of profits": 987,
        "Profit after tax corporate income": 11932,
        "Volume": 18025509,
        "Close of Quarter": 2.8,
        "EPS": 431.5,
        "Non-adjusted EPS": 1001,
        "PE": 2.8,
        "Book Price": 6.9
      }
    },
    {
      "quarter": "Q2 2010",
      "income status": {
        "Net sales": 510149,
        "Cost of goods sold": 484261,
        "Gross Profit": 25888,
        "Financial expenses": 22753,
        "Of which: Interest expense": 9874,
        "Cost of sales": 1913,
        "Enterprise cost management": 3908,
        "Total Operating Expenses": 28574,
        "Total revenue financing activities": 1188,
        "Net profit from business activities": -1497,
        "Profit": -193,
        "Profit before tax": -1690,
        "Present corporate income tax expenses": 10,
        "Deferred income taxes expenses": "N/A",
        "The interests of minority shareholders": "N/A",
        "Total Cost of profits": 10,
        "Profit after tax corporate income": -1700,
        "Volume": 18025509,
        "Close of Quarter": "N/A",
        "EPS": 655.3,
        "Non-adjusted EPS": 1520,
        "PE": "N/A",
        "Book Price": 6.6
      }
    },
    {
      "quarter": "Q1 2010",
      "income status": {
        "Net sales": 517398,
        "Cost of goods sold": 493935,
        "Gross Profit": 23463,
        "Financial expenses": 17159,
        "Of which: Interest expense": 4298,
        "Cost of sales": 1685,
        "Enterprise cost management": 4292,
        "Total Operating Expenses": 23136,
        "Total revenue financing activities": 367,
        "Net profit from business activities": 694,
        "Profit": 220,
        "Profit before tax": 914,
        "Present corporate income tax expenses": 322,
        "Deferred income taxes expenses": "N/A",
        "The interests of minority shareholders": "N/A",
        "Total Cost of profits": 322,
        "Profit after tax corporate income": 592,
        "Volume": 18025509,
        "Close of Quarter": "N/A",
        "EPS": 971.3,
        "Non-adjusted EPS": 2253,
        "PE": "N/A",
        "Book Price": 7.1
      }
    },
    {
      "quarter": "Q4 2009",
      "income status": {
        "Net sales": 502664,
        "Cost of goods sold": 478320,
        "Gross Profit": 24345,
        "Financial expenses": 9025,
        "Of which: Interest expense": 4370,
        "Cost of sales": 2574,
        "Enterprise cost management": 4985,
        "Total Operating Expenses": 16584,
        "Total revenue financing activities": 1396,
        "Net profit from business activities": 9156,
        "Profit": -467,
        "Profit before tax": 8689,
        "Present corporate income tax expenses": 1663,
        "Deferred income taxes expenses": -190,
        "The interests of minority shareholders": "N/A",
        "Total Cost of profits": 1473,
        "Profit after tax corporate income": 7216,
        "Volume": 18025509,
        "Close of Quarter": "N/A",
        "EPS": 972.6,
        "Non-adjusted EPS": 2256,
        "PE": "N/A",
        "Book Price": "N/A"
      }
    },
    {
      "quarter": "Q3 2009",
      "income status": {
        "Net sales": 417549,
        "Cost of goods sold": 373887,
        "Gross Profit": 43663,
        "Financial expenses": 16069,
        "Of which: Interest expense": 5705,
        "Cost of sales": 1125,
        "Enterprise cost management": 3459,
        "Total Operating Expenses": 20653,
        "Total revenue financing activities": 256,
        "Net profit from business activities": 23266,
        "Profit": 121,
        "Profit before tax": 23387,
        "Present corporate income tax expenses": 2701,
        "Deferred income taxes expenses": -611,
        "The interests of minority shareholders": "N/A",
        "Total Cost of profits": 2090,
        "Profit after tax corporate income": 21297,
        "Volume": 18025509,
        "Close of Quarter": "N/A",
        "EPS": 799.7,
        "Non-adjusted EPS": 1855,
        "PE": "N/A",
        "Book Price": "N/A"
      }
    },
    {
      "quarter": "Q2 2009",
      "income status": {
        "Net sales": 430030,
        "Cost of goods sold": 396339,
        "Gross Profit": 33691,
        "Financial expenses": 17191,
        "Of which: Interest expense": 4576,
        "Cost of sales": 1053,
        "Enterprise cost management": 3351,
        "Total Operating Expenses": 21595,
        "Total revenue financing activities": 247,
        "Net profit from business activities": 12342,
        "Profit": 321,
        "Profit before tax": 12663,
        "Present corporate income tax expenses": 1150,
        "Deferred income taxes expenses": "N/A",
        "The interests of minority shareholders": "N/A",
        "Total Cost of profits": 1150,
        "Profit after tax corporate income": 11513,
        "Volume": 18025509,
        "Close of Quarter": "N/A",
        "EPS": 290.6,
        "Non-adjusted EPS": 674,
        "PE": "N/A",
        "Book Price": "N/A"
      }
    },
    {
      "quarter": "Q1 2009",
      "income status": {
        "Net sales": 304252,
        "Cost of goods sold": 293301,
        "Gross Profit": 10951,
        "Financial expenses": 6692,
        "Of which: Interest expense": 3748,
        "Cost of sales": 652,
        "Enterprise cost management": 3237,
        "Total Operating Expenses": 10581,
        "Total revenue financing activities": 236,
        "Net profit from business activities": 606,
        "Profit": 178,
        "Profit before tax": 784,
        "Present corporate income tax expenses": 152,
        "Deferred income taxes expenses": "N/A",
        "The interests of minority shareholders": "N/A",
        "Total Cost of profits": 152,
        "Profit after tax corporate income": 632,
        "Volume": 18025509,
        "Close of Quarter": "N/A",
        "EPS": 15.1,
        "Non-adjusted EPS": 35,
        "PE": "N/A",
        "Book Price": "N/A"
      }
    }
  ]
}