{
  "ticker": "AGC",
  "data": [
    {
      "quarter": "Q1 2012",
      "income status": {
        "Net sales": 3130,
        "Cost of goods sold": 2290,
        "Gross Profit": 840,
        "Financial expenses": 10626,
        "Of which: Interest expense": "N/A",
        "Cost of sales": 180,
        "Enterprise cost management": 449,
        "Total Operating Expenses": 11255,
        "Total revenue financing activities": 1,
        "Net profit from business activities": -10415,
        "Profit": -59,
        "Profit before tax": -10474,
        "Present corporate income tax expenses": "N/A",
        "Deferred income taxes expenses": "N/A",
        "The interests of minority shareholders": "N/A",
        "Total Cost of profits": 0,
        "Profit after tax corporate income": -10474,
        "Volume": 8300000,
        "Close of Quarter": 3.5,
        "EPS": -18764,
        "Non-adjusted EPS": -18764,
        "PE": -0.2,
        "Book Price": -7.7
      }
    },
    {
      "quarter": "Q4 2011",
      "income status": {
        "Net sales": 48120,
        "Cost of goods sold": 107161,
        "Gross Profit": -59042,
        "Financial expenses": 20852,
        "Of which: Interest expense": 19477,
        "Cost of sales": 1662,
        "Enterprise cost management": 13423,
        "Total Operating Expenses": 35937,
        "Total revenue financing activities": 11,
        "Net profit from business activities": -94968,
        "Profit": -7,
        "Profit before tax": -94974,
        "Present corporate income tax expenses": "N/A",
        "Deferred income taxes expenses": "N/A",
        "The interests of minority shareholders": "N/A",
        "Total Cost of profits": 0,
        "Profit after tax corporate income": -94974,
        "Volume": 8300000,
        "Close of Quarter": 2.5,
        "EPS": -17247,
        "Non-adjusted EPS": -17247,
        "PE": -0.1,
        "Book Price": -6.3
      }
    },
    {
      "quarter": "Q3 2011",
      "income status": {
        "Net sales": 6238,
        "Cost of goods sold": 6113,
        "Gross Profit": 124,
        "Financial expenses": 10820,
        "Of which: Interest expense": 10820,
        "Cost of sales": 1952,
        "Enterprise cost management": 1085,
        "Total Operating Expenses": 13857,
        "Total revenue financing activities": 2,
        "Net profit from business activities": -13731,
        "Profit": 29,
        "Profit before tax": -13702,
        "Present corporate income tax expenses": "N/A",
        "Deferred income taxes expenses": "N/A",
        "The interests of minority shareholders": "N/A",
        "Total Cost of profits": 0,
        "Profit after tax corporate income": -13702,
        "Volume": 8300000,
        "Close of Quarter": 5.7,
        "EPS": -5908,
        "Non-adjusted EPS": -5908,
        "PE": -1.0,
        "Book Price": 5.1
      }
    },
    {
      "quarter": "Q2 2011",
      "income status": {
        "Net sales": 37136,
        "Cost of goods sold": 41161,
        "Gross Profit": -4026,
        "Financial expenses": 17359,
        "Of which: Interest expense": 17160,
        "Cost of sales": 813,
        "Enterprise cost management": 16759,
        "Total Operating Expenses": 34931,
        "Total revenue financing activities": 1495,
        "Net profit from business activities": -37461,
        "Profit": 873,
        "Profit before tax": -36588,
        "Present corporate income tax expenses": "N/A",
        "Deferred income taxes expenses": "N/A",
        "The interests of minority shareholders": "N/A",
        "Total Cost of profits": 0,
        "Profit after tax corporate income": -36588,
        "Volume": 8300000,
        "Close of Quarter": 6.8,
        "EPS": -4185,
        "Non-adjusted EPS": -4185,
        "PE": -1.6,
        "Book Price": 7.6
      }
    },
    {
      "quarter": "Q1 2011",
      "income status": {
        "Net sales": 77451,
        "Cost of goods sold": 65495,
        "Gross Profit": 11956,
        "Financial expenses": 4733,
        "Of which: Interest expense": 4386,
        "Cost of sales": 3565,
        "Enterprise cost management": 2451,
        "Total Operating Expenses": 10749,
        "Total revenue financing activities": 599,
        "Net profit from business activities": 1806,
        "Profit": 307,
        "Profit before tax": 2113,
        "Present corporate income tax expenses": "N/A",
        "Deferred income taxes expenses": "N/A",
        "The interests of minority shareholders": "N/A",
        "Total Cost of profits": 0,
        "Profit after tax corporate income": 2113,
        "Volume": 8300000,
        "Close of Quarter": 10.6,
        "EPS": 2444,
        "Non-adjusted EPS": 2444,
        "PE": 4.3,
        "Book Price": 12
      }
    },
    {
      "quarter": "Q4 2010",
      "income status": {
        "Net sales": 207483,
        "Cost of goods sold": 192419,
        "Gross Profit": 15064,
        "Financial expenses": 13673,
        "Of which: Interest expense": 13594,
        "Cost of sales": 2606,
        "Enterprise cost management": 2413,
        "Total Operating Expenses": 18692,
        "Total revenue financing activities": 2725,
        "Net profit from business activities": -904,
        "Profit": 45,
        "Profit before tax": -859,
        "Present corporate income tax expenses": "N/A",
        "Deferred income taxes expenses": "N/A",
        "The interests of minority shareholders": "N/A",
        "Total Cost of profits": 0,
        "Profit after tax corporate income": -859,
        "Volume": 8300000,
        "Close of Quarter": 14.6,
        "EPS": 2249,
        "Non-adjusted EPS": 2249,
        "PE": 6.5,
        "Book Price": 11.9
      }
    },
    {
      "quarter": "Q3 2010",
      "income status": {
        "Net sales": 102051,
        "Cost of goods sold": 93594,
        "Gross Profit": 8457,
        "Financial expenses": 6250,
        "Of which: Interest expense": 5775,
        "Cost of sales": 1251,
        "Enterprise cost management": 588,
        "Total Operating Expenses": 8089,
        "Total revenue financing activities": 410,
        "Net profit from business activities": 777,
        "Profit": -177,
        "Profit before tax": 600,
        "Present corporate income tax expenses": "N/A",
        "Deferred income taxes expenses": "N/A",
        "The interests of minority shareholders": "N/A",
        "Total Cost of profits": 0,
        "Profit after tax corporate income": 600,
        "Volume": 8300000,
        "Close of Quarter": 21,
        "EPS": 4089,
        "Non-adjusted EPS": 4089,
        "PE": 5.1,
        "Book Price": 12
      }
    },
    {
      "quarter": "Q2 2010",
      "income status": {
        "Net sales": 499613,
        "Cost of goods sold": 465500,
        "Gross Profit": 34113,
        "Financial expenses": 12318,
        "Of which: Interest expense": 20323,
        "Cost of sales": 3619,
        "Enterprise cost management": 2266,
        "Total Operating Expenses": 18203,
        "Total revenue financing activities": 2725,
        "Net profit from business activities": 18635,
        "Profit": 1,
        "Profit before tax": 18636,
        "Present corporate income tax expenses": 203,
        "Deferred income taxes expenses": "N/A",
        "The interests of minority shareholders": "N/A",
        "Total Cost of profits": 203,
        "Profit after tax corporate income": 18433,
        "Volume": 8300000,
        "Close of Quarter": 16.7,
        "EPS": 4379,
        "Non-adjusted EPS": 4379,
        "PE": 3.8,
        "Book Price": 12.1
      }
    },
    {
      "quarter": "Q1 2010",
      "income status": {
        "Net sales": 273231,
        "Cost of goods sold": 260806,
        "Gross Profit": 12425,
        "Financial expenses": 10507,
        "Of which: Interest expense": "N/A",
        "Cost of sales": 1631,
        "Enterprise cost management": 2169,
        "Total Operating Expenses": 14307,
        "Total revenue financing activities": 1858,
        "Net profit from business activities": -24,
        "Profit": 518,
        "Profit before tax": 494,
        "Present corporate income tax expenses": "N/A",
        "Deferred income taxes expenses": "N/A",
        "The interests of minority shareholders": "N/A",
        "Total Cost of profits": 0,
        "Profit after tax corporate income": 494,
        "Volume": 8300000,
        "Close of Quarter": 11.8,
        "EPS": 115,
        "Non-adjusted EPS": 115,
        "PE": 102.6,
        "Book Price": 9.7
      }
    },
    {
      "quarter": "Q4 2009",
      "income status": {
        "Net sales": 399245,
        "Cost of goods sold": 405145,
        "Gross Profit": -5900,
        "Financial expenses": 6158,
        "Of which: Interest expense": "N/A",
        "Cost of sales": 4816,
        "Enterprise cost management": 1821,
        "Total Operating Expenses": 12795,
        "Total revenue financing activities": 5938,
        "Net profit from business activities": -12755,
        "Profit": 27167,
        "Profit before tax": 14412,
        "Present corporate income tax expenses": "N/A",
        "Deferred income taxes expenses": "N/A",
        "The interests of minority shareholders": "N/A",
        "Total Cost of profits": 0,
        "Profit after tax corporate income": 14412,
        "Volume": 8300000,
        "Close of Quarter": 12,
        "EPS": 148,
        "Non-adjusted EPS": 148,
        "PE": 81.1,
        "Book Price": 9.6
      }
    },
    {
      "quarter": "Q3 2009",
      "income status": {
        "Net sales": 571483,
        "Cost of goods sold": 557990,
        "Gross Profit": 13493,
        "Financial expenses": 5429,
        "Of which: Interest expense": "N/A",
        "Cost of sales": 4487,
        "Enterprise cost management": 2496,
        "Total Operating Expenses": 12412,
        "Total revenue financing activities": 1909,
        "Net profit from business activities": 2991,
        "Profit": 16,
        "Profit before tax": 3007,
        "Present corporate income tax expenses": "N/A",
        "Deferred income taxes expenses": "N/A",
        "The interests of minority shareholders": "N/A",
        "Total Cost of profits": 0,
        "Profit after tax corporate income": 3007,
        "Volume": 8300000,
        "Close of Quarter": 14.5,
        "EPS": -845,
        "Non-adjusted EPS": -845,
        "PE": -17.2,
        "Book Price": 7.8
      }
    },
    {
      "quarter": "Q2 2009",
      "income status": {
        "Net sales": 620743,
        "Cost of goods sold": 615876,
        "Gross Profit": 4866,
        "Financial expenses": 7752,
        "Of which: Interest expense": 2915,
        "Cost of sales": 10836,
        "Enterprise cost management": 4697,
        "Total Operating Expenses": 23285,
        "Total revenue financing activities": 345,
        "Net profit from business activities": -18073,
        "Profit": 1116,
        "Profit before tax": -16957,
        "Present corporate income tax expenses": "N/A",
        "Deferred income taxes expenses": "N/A",
        "The interests of minority shareholders": "N/A",
        "Total Cost of profits": 0,
        "Profit after tax corporate income": -16957,
        "Volume": 8300000,
        "Close of Quarter": 11.9,
        "EPS": -354,
        "Non-adjusted EPS": -354,
        "PE": -33.6,
        "Book Price": 7.5
      }
    },
    {
      "quarter": "Q1 2009",
      "income status": {
        "Net sales": 668812,
        "Cost of goods sold": 655144,
        "Gross Profit": 13667,
        "Financial expenses": 11701,
        "Of which: Interest expense": 9187,
        "Cost of sales": 3991,
        "Enterprise cost management": 2298,
        "Total Operating Expenses": 17990,
        "Total revenue financing activities": 4980,
        "Net profit from business activities": 657,
        "Profit": 109,
        "Profit before tax": 766,
        "Present corporate income tax expenses": "N/A",
        "Deferred income taxes expenses": "N/A",
        "The interests of minority shareholders": "N/A",
        "Total Cost of profits": 0,
        "Profit after tax corporate income": 766,
        "Volume": 8300000,
        "Close of Quarter": 10.4,
        "EPS": 1689,
        "Non-adjusted EPS": 1689,
        "PE": 6.2,
        "Book Price": 9.5
      }
    },
    {
      "quarter": "Q2 2008",
      "income status": {
        "Net sales": 393603,
        "Cost of goods sold": 387079,
        "Gross Profit": 6525,
        "Financial expenses": 7473,
        "Of which: Interest expense": 6093,
        "Cost of sales": 3331,
        "Enterprise cost management": 1379,
        "Total Operating Expenses": 12183,
        "Total revenue financing activities": 11831,
        "Net profit from business activities": 6172,
        "Profit": -2,
        "Profit before tax": 6170,
        "Present corporate income tax expenses": "N/A",
        "Deferred income taxes expenses": "N/A",
        "The interests of minority shareholders": "N/A",
        "Total Cost of profits": 0,
        "Profit after tax corporate income": 6170,
        "Volume": 8300000,
        "Close of Quarter": "N/A",
        "EPS": 1596,
        "Non-adjusted EPS": 1596,
        "PE": "N/A",
        "Book Price": 13.4
      }
    },
    {
      "quarter": "Q1 2008",
      "income status": {
        "Net sales": 584688,
        "Cost of goods sold": 565971,
        "Gross Profit": 18716,
        "Financial expenses": 5105,
        "Of which: Interest expense": 3980,
        "Cost of sales": 5537,
        "Enterprise cost management": 1076,
        "Total Operating Expenses": 11718,
        "Total revenue financing activities": 81,
        "Net profit from business activities": 7080,
        "Profit": "N/A",
        "Profit before tax": 7080,
        "Present corporate income tax expenses": "N/A",
        "Deferred income taxes expenses": "N/A",
        "The interests of minority shareholders": "N/A",
        "Total Cost of profits": 0,
        "Profit after tax corporate income": 7080,
        "Volume": 8300000,
        "Close of Quarter": "N/A",
        "EPS": 853,
        "Non-adjusted EPS": 853,
        "PE": "N/A",
        "Book Price": 12.6
      }
    }
  ]
}