{
  "ticker": "VSH",
  "data": [
    {
      "quarter": "Q1 2017",
      "income status": {
        "Net sales": 192588,
        "Cost of goods sold": 56153,
        "Gross Profit": 136435,
        "Financial expenses": 782,
        "Of which: Interest expense": 68,
        "Cost of sales": "N/A",
        "Enterprise cost management": 5396,
        "Total Operating Expenses": 6178,
        "Total revenue financing activities": 8532,
        "Net profit from business activities": 138990,
        "Profit": 7,
        "Profit before tax": 138998,
        "Present corporate income tax expenses": 14684,
        "Deferred income taxes expenses": "N/A",
        "The interests of minority shareholders": -1737,
        "Total Cost of profits": 12947,
        "Profit after tax corporate income": 126051,
        "Volume": 202241246,
        "Close of Quarter": 14.9,
        "EPS": 1588,
        "Non-adjusted EPS": 1588,
        "PE": 9.4,
        "Book Price": 14.6
      }
    },
    {
      "quarter": "Q4 2016",
      "income status": {
        "Net sales": 119091,
        "Cost of goods sold": 58717,
        "Gross Profit": 60374,
        "Financial expenses": 9531,
        "Of which: Interest expense": 860,
        "Cost of sales": "N/A",
        "Enterprise cost management": 5626,
        "Total Operating Expenses": 15157,
        "Total revenue financing activities": 21793,
        "Net profit from business activities": 67145,
        "Profit": -79,
        "Profit before tax": 67066,
        "Present corporate income tax expenses": 10826,
        "Deferred income taxes expenses": "N/A",
        "The interests of minority shareholders": "N/A",
        "Total Cost of profits": 10826,
        "Profit after tax corporate income": 56239,
        "Volume": 202241246,
        "Close of Quarter": 14.5,
        "EPS": 1277,
        "Non-adjusted EPS": 1277,
        "PE": 11.4,
        "Book Price": 14
      }
    },
    {
      "quarter": "Q3 2016",
      "income status": {
        "Net sales": 106267,
        "Cost of goods sold": 44115,
        "Gross Profit": 62153,
        "Financial expenses": 2497,
        "Of which: Interest expense": 2019,
        "Cost of sales": "N/A",
        "Enterprise cost management": 5148,
        "Total Operating Expenses": 7645,
        "Total revenue financing activities": 5008,
        "Net profit from business activities": 60407,
        "Profit": 7,
        "Profit before tax": 60414,
        "Present corporate income tax expenses": 3889,
        "Deferred income taxes expenses": "N/A",
        "The interests of minority shareholders": "N/A",
        "Total Cost of profits": 3889,
        "Profit after tax corporate income": 56525,
        "Volume": 202241246,
        "Close of Quarter": 14.5,
        "EPS": 1166,
        "Non-adjusted EPS": 1166,
        "PE": 12.4,
        "Book Price": 13.8
      }
    },
    {
      "quarter": "Q2 2016",
      "income status": {
        "Net sales": 117389,
        "Cost of goods sold": 40739,
        "Gross Profit": 76651,
        "Financial expenses": 3338,
        "Of which: Interest expense": 1605,
        "Cost of sales": "N/A",
        "Enterprise cost management": 5716,
        "Total Operating Expenses": 9054,
        "Total revenue financing activities": 17084,
        "Net profit from business activities": 85342,
        "Profit": 1067,
        "Profit before tax": 86408,
        "Present corporate income tax expenses": 4035,
        "Deferred income taxes expenses": "N/A",
        "The interests of minority shareholders": "N/A",
        "Total Cost of profits": 4035,
        "Profit after tax corporate income": 82373,
        "Volume": 202241246,
        "Close of Quarter": 13.8,
        "EPS": 1103,
        "Non-adjusted EPS": 1103,
        "PE": 12.5,
        "Book Price": 13.5
      }
    },
    {
      "quarter": "Q1 2016",
      "income status": {
        "Net sales": 105427,
        "Cost of goods sold": 37752,
        "Gross Profit": 67675,
        "Financial expenses": 4679,
        "Of which: Interest expense": 714,
        "Cost of sales": "N/A",
        "Enterprise cost management": 5277,
        "Total Operating Expenses": 9956,
        "Total revenue financing activities": 9429,
        "Net profit from business activities": 67064,
        "Profit": 4,
        "Profit before tax": 67068,
        "Present corporate income tax expenses": 4000,
        "Deferred income taxes expenses": "N/A",
        "The interests of minority shareholders": "N/A",
        "Total Cost of profits": 4000,
        "Profit after tax corporate income": 63068,
        "Volume": 202241246,
        "Close of Quarter": 14.1,
        "EPS": 1151,
        "Non-adjusted EPS": 1151,
        "PE": 12.2,
        "Book Price": 14.1
      }
    },
    {
      "quarter": "Q4 2015",
      "income status": {
        "Net sales": 104486,
        "Cost of goods sold": 43083,
        "Gross Profit": 61403,
        "Financial expenses": 10309,
        "Of which: Interest expense": 2378,
        "Cost of sales": "N/A",
        "Enterprise cost management": 7448,
        "Total Operating Expenses": 17757,
        "Total revenue financing activities": 15703,
        "Net profit from business activities": 60739,
        "Profit": -7749,
        "Profit before tax": 52989,
        "Present corporate income tax expenses": 19085,
        "Deferred income taxes expenses": "N/A",
        "The interests of minority shareholders": "N/A",
        "Total Cost of profits": 19085,
        "Profit after tax corporate income": 33905,
        "Volume": 202241246,
        "Close of Quarter": 14.1,
        "EPS": 1237,
        "Non-adjusted EPS": 1237,
        "PE": 11.4,
        "Book Price": 13.8
      }
    },
    {
      "quarter": "Q3 2015",
      "income status": {
        "Net sales": 91792,
        "Cost of goods sold": 40458,
        "Gross Profit": 51335,
        "Financial expenses": 4519,
        "Of which: Interest expense": 3083,
        "Cost of sales": "N/A",
        "Enterprise cost management": 4367,
        "Total Operating Expenses": 8886,
        "Total revenue financing activities": 3387,
        "Net profit from business activities": 45836,
        "Profit": 17,
        "Profit before tax": 45853,
        "Present corporate income tax expenses": 2200,
        "Deferred income taxes expenses": "N/A",
        "The interests of minority shareholders": "N/A",
        "Total Cost of profits": 2200,
        "Profit after tax corporate income": 43653,
        "Volume": 202241246,
        "Close of Quarter": 12,
        "EPS": 2463,
        "Non-adjusted EPS": 2463,
        "PE": 4.9,
        "Book Price": 14.1
      }
    },
    {
      "quarter": "Q2 2015",
      "income status": {
        "Net sales": 144742,
        "Cost of goods sold": 43161,
        "Gross Profit": 101582,
        "Financial expenses": 4405,
        "Of which: Interest expense": 2838,
        "Cost of sales": "N/A",
        "Enterprise cost management": 5443,
        "Total Operating Expenses": 9848,
        "Total revenue financing activities": 6369,
        "Net profit from business activities": 98352,
        "Profit": 4,
        "Profit before tax": 98356,
        "Present corporate income tax expenses": 6129,
        "Deferred income taxes expenses": "N/A",
        "The interests of minority shareholders": "N/A",
        "Total Cost of profits": 6129,
        "Profit after tax corporate income": 92227,
        "Volume": 202241246,
        "Close of Quarter": 11.4,
        "EPS": 2249,
        "Non-adjusted EPS": 2249,
        "PE": 5.1,
        "Book Price": 13.9
      }
    },
    {
      "quarter": "Q1 2015",
      "income status": {
        "Net sales": 126557,
        "Cost of goods sold": 38348,
        "Gross Profit": 88209,
        "Financial expenses": 1890,
        "Of which: Interest expense": 487,
        "Cost of sales": "N/A",
        "Enterprise cost management": 4520,
        "Total Operating Expenses": 6410,
        "Total revenue financing activities": 2637,
        "Net profit from business activities": 84437,
        "Profit": 24,
        "Profit before tax": 84460,
        "Present corporate income tax expenses": 4000,
        "Deferred income taxes expenses": "N/A",
        "The interests of minority shareholders": "N/A",
        "Total Cost of profits": 4000,
        "Profit after tax corporate income": 80460,
        "Volume": 202241246,
        "Close of Quarter": 11.3,
        "EPS": 2020,
        "Non-adjusted EPS": 2020,
        "PE": 5.6,
        "Book Price": 13.5
      }
    },
    {
      "quarter": "Q4 2014",
      "income status": {
        "Net sales": 344094,
        "Cost of goods sold": 43651,
        "Gross Profit": 300444,
        "Financial expenses": 1118,
        "Of which: Interest expense": 1118,
        "Cost of sales": "N/A",
        "Enterprise cost management": 4896,
        "Total Operating Expenses": 6014,
        "Total revenue financing activities": 4399,
        "Net profit from business activities": 299510,
        "Profit": -42,
        "Profit before tax": 299468,
        "Present corporate income tax expenses": 17756,
        "Deferred income taxes expenses": "N/A",
        "The interests of minority shareholders": "N/A",
        "Total Cost of profits": 17756,
        "Profit after tax corporate income": 281712,
        "Volume": 202241246,
        "Close of Quarter": 10.3,
        "EPS": 1860,
        "Non-adjusted EPS": 1860,
        "PE": 5.5,
        "Book Price": 14.7
      }
    },
    {
      "quarter": "Q3 2014",
      "income status": {
        "Net sales": 28371,
        "Cost of goods sold": 30519,
        "Gross Profit": -2148,
        "Financial expenses": 1642,
        "Of which: Interest expense": 1055,
        "Cost of sales": "N/A",
        "Enterprise cost management": 4143,
        "Total Operating Expenses": 5785,
        "Total revenue financing activities": 8420,
        "Net profit from business activities": 488,
        "Profit": 6,
        "Profit before tax": 494,
        "Present corporate income tax expenses": "N/A",
        "Deferred income taxes expenses": "N/A",
        "The interests of minority shareholders": "N/A",
        "Total Cost of profits": 0,
        "Profit after tax corporate income": 494,
        "Volume": 202241246,
        "Close of Quarter": 11.1,
        "EPS": 713,
        "Non-adjusted EPS": 713,
        "PE": 15.6,
        "Book Price": 13.4
      }
    },
    {
      "quarter": "Q2 2014",
      "income status": {
        "Net sales": 91980,
        "Cost of goods sold": 42123,
        "Gross Profit": 49857,
        "Financial expenses": 2199,
        "Of which: Interest expense": 541,
        "Cost of sales": "N/A",
        "Enterprise cost management": 5910,
        "Total Operating Expenses": 8109,
        "Total revenue financing activities": 8386,
        "Net profit from business activities": 50657,
        "Profit": "N/A",
        "Profit before tax": 50657,
        "Present corporate income tax expenses": 4756,
        "Deferred income taxes expenses": "N/A",
        "The interests of minority shareholders": "N/A",
        "Total Cost of profits": 4756,
        "Profit after tax corporate income": 45902,
        "Volume": 202241246,
        "Close of Quarter": 11.9,
        "EPS": 1028,
        "Non-adjusted EPS": 1028,
        "PE": 11.6,
        "Book Price": 13.4
      }
    },
    {
      "quarter": "Q1 2014",
      "income status": {
        "Net sales": 89787,
        "Cost of goods sold": 41659,
        "Gross Profit": 48128,
        "Financial expenses": 581,
        "Of which: Interest expense": 581,
        "Cost of sales": "N/A",
        "Enterprise cost management": 3191,
        "Total Operating Expenses": 3772,
        "Total revenue financing activities": 5782,
        "Net profit from business activities": 50138,
        "Profit": 5,
        "Profit before tax": 50143,
        "Present corporate income tax expenses": 2000,
        "Deferred income taxes expenses": "N/A",
        "The interests of minority shareholders": "N/A",
        "Total Cost of profits": 2000,
        "Profit after tax corporate income": 48143,
        "Volume": 202241246,
        "Close of Quarter": 13.3,
        "EPS": 1039,
        "Non-adjusted EPS": 1039,
        "PE": 12.8,
        "Book Price": 13.1
      }
    },
    {
      "quarter": "Q4 2013",
      "income status": {
        "Net sales": 98219,
        "Cost of goods sold": 41379,
        "Gross Profit": 56839,
        "Financial expenses": 592,
        "Of which: Interest expense": 592,
        "Cost of sales": "N/A",
        "Enterprise cost management": 5960,
        "Total Operating Expenses": 6552,
        "Total revenue financing activities": 9160,
        "Net profit from business activities": 59448,
        "Profit": -59,
        "Profit before tax": 60071,
        "Present corporate income tax expenses": 10467,
        "Deferred income taxes expenses": "N/A",
        "The interests of minority shareholders": "N/A",
        "Total Cost of profits": 10467,
        "Profit after tax corporate income": 49604,
        "Volume": 202241246,
        "Close of Quarter": 11.3,
        "EPS": 976,
        "Non-adjusted EPS": 976,
        "PE": 11.6,
        "Book Price": 12.9
      }
    },
    {
      "quarter": "Q3 2013",
      "income status": {
        "Net sales": 80783,
        "Cost of goods sold": 27613,
        "Gross Profit": 53170,
        "Financial expenses": 713,
        "Of which: Interest expense": 633,
        "Cost of sales": "N/A",
        "Enterprise cost management": 1804,
        "Total Operating Expenses": 2517,
        "Total revenue financing activities": 14032,
        "Net profit from business activities": 64685,
        "Profit": -4,
        "Profit before tax": 64680,
        "Present corporate income tax expenses": 500,
        "Deferred income taxes expenses": "N/A",
        "The interests of minority shareholders": "N/A",
        "Total Cost of profits": 500,
        "Profit after tax corporate income": 64180,
        "Volume": 202241246,
        "Close of Quarter": 10.1,
        "EPS": 974,
        "Non-adjusted EPS": 974,
        "PE": 10.4,
        "Book Price": 13.1
      }
    },
    {
      "quarter": "Q2 2013",
      "income status": {
        "Net sales": 44719,
        "Cost of goods sold": 31048,
        "Gross Profit": 13671,
        "Financial expenses": 2700,
        "Of which: Interest expense": 660,
        "Cost of sales": "N/A",
        "Enterprise cost management": 4174,
        "Total Operating Expenses": 6874,
        "Total revenue financing activities": 57563,
        "Net profit from business activities": 64360,
        "Profit": 31,
        "Profit before tax": 65035,
        "Present corporate income tax expenses": 16763,
        "Deferred income taxes expenses": "N/A",
        "The interests of minority shareholders": "N/A",
        "Total Cost of profits": 16763,
        "Profit after tax corporate income": 48272,
        "Volume": 202241246,
        "Close of Quarter": 9.3,
        "EPS": 881,
        "Non-adjusted EPS": 881,
        "PE": 10.6,
        "Book Price": 12.5
      }
    },
    {
      "quarter": "Q1 2013",
      "income status": {
        "Net sales": 59959,
        "Cost of goods sold": 31358,
        "Gross Profit": 28601,
        "Financial expenses": 1797,
        "Of which: Interest expense": 1797,
        "Cost of sales": "N/A",
        "Enterprise cost management": 3416,
        "Total Operating Expenses": 5213,
        "Total revenue financing activities": 12906,
        "Net profit from business activities": 36293,
        "Profit": 46,
        "Profit before tax": 36339,
        "Present corporate income tax expenses": 1000,
        "Deferred income taxes expenses": "N/A",
        "The interests of minority shareholders": "N/A",
        "Total Cost of profits": 1000,
        "Profit after tax corporate income": 35339,
        "Volume": 202241246,
        "Close of Quarter": 8.8,
        "EPS": 1010,
        "Non-adjusted EPS": 1010,
        "PE": 8.7,
        "Book Price": 12.3
      }
    },
    {
      "quarter": "Q4 2012",
      "income status": {
        "Net sales": 85452,
        "Cost of goods sold": 42115,
        "Gross Profit": 43337,
        "Financial expenses": 194,
        "Of which: Interest expense": 194,
        "Cost of sales": "N/A",
        "Enterprise cost management": 7775,
        "Total Operating Expenses": 7969,
        "Total revenue financing activities": 24916,
        "Net profit from business activities": 60284,
        "Profit": 108,
        "Profit before tax": 66177,
        "Present corporate income tax expenses": 17031,
        "Deferred income taxes expenses": "N/A",
        "The interests of minority shareholders": "N/A",
        "Total Cost of profits": 17031,
        "Profit after tax corporate income": 49146,
        "Volume": 202241246,
        "Close of Quarter": 7.6,
        "EPS": 1160,
        "Non-adjusted EPS": 1160,
        "PE": 6.6,
        "Book Price": 12.1
      }
    },
    {
      "quarter": "Q3 2012",
      "income status": {
        "Net sales": 56857,
        "Cost of goods sold": 31986,
        "Gross Profit": 24871,
        "Financial expenses": 832,
        "Of which: Interest expense": 832,
        "Cost of sales": "N/A",
        "Enterprise cost management": 3518,
        "Total Operating Expenses": 4350,
        "Total revenue financing activities": 25965,
        "Net profit from business activities": 46487,
        "Profit": -34,
        "Profit before tax": 46453,
        "Present corporate income tax expenses": 1000,
        "Deferred income taxes expenses": "N/A",
        "The interests of minority shareholders": "N/A",
        "Total Cost of profits": 1000,
        "Profit after tax corporate income": 45453,
        "Volume": 202241246,
        "Close of Quarter": 7.1,
        "EPS": 1320,
        "Non-adjusted EPS": 1320,
        "PE": 5.4,
        "Book Price": 12.5
      }
    },
    {
      "quarter": "Q2 2012",
      "income status": {
        "Net sales": 94394,
        "Cost of goods sold": 36161,
        "Gross Profit": 58233,
        "Financial expenses": -8862,
        "Of which: Interest expense": 740,
        "Cost of sales": "N/A",
        "Enterprise cost management": 4611,
        "Total Operating Expenses": -4251,
        "Total revenue financing activities": 22698,
        "Net profit from business activities": 85183,
        "Profit": 45,
        "Profit before tax": 86197,
        "Present corporate income tax expenses": 11911,
        "Deferred income taxes expenses": "N/A",
        "The interests of minority shareholders": "N/A",
        "Total Cost of profits": 11911,
        "Profit after tax corporate income": 74286,
        "Volume": 202241246,
        "Close of Quarter": 7.4,
        "EPS": 1377,
        "Non-adjusted EPS": 1377,
        "PE": 5.3,
        "Book Price": 12.3
      }
    },
    {
      "quarter": "Q1 2012",
      "income status": {
        "Net sales": 99496,
        "Cost of goods sold": 46486,
        "Gross Profit": 53010,
        "Financial expenses": 1774,
        "Of which: Interest expense": 1774,
        "Cost of sales": "N/A",
        "Enterprise cost management": 3116,
        "Total Operating Expenses": 4890,
        "Total revenue financing activities": 19625,
        "Net profit from business activities": 67744,
        "Profit": -11,
        "Profit before tax": 67733,
        "Present corporate income tax expenses": 2000,
        "Deferred income taxes expenses": "N/A",
        "The interests of minority shareholders": "N/A",
        "Total Cost of profits": 2000,
        "Profit after tax corporate income": 65733,
        "Volume": 202241246,
        "Close of Quarter": 7.8,
        "EPS": 1471,
        "Non-adjusted EPS": 1471,
        "PE": 5.3,
        "Book Price": 11.9
      }
    },
    {
      "quarter": "Q4 2011",
      "income status": {
        "Net sales": 105856,
        "Cost of goods sold": 45588,
        "Gross Profit": 60269,
        "Financial expenses": 3216,
        "Of which: Interest expense": 3517,
        "Cost of sales": "N/A",
        "Enterprise cost management": 5850,
        "Total Operating Expenses": 9066,
        "Total revenue financing activities": 42730,
        "Net profit from business activities": 93933,
        "Profit": 107,
        "Profit before tax": 94040,
        "Present corporate income tax expenses": 12484,
        "Deferred income taxes expenses": "N/A",
        "The interests of minority shareholders": "N/A",
        "Total Cost of profits": 12484,
        "Profit after tax corporate income": 81556,
        "Volume": 202241246,
        "Close of Quarter": 5.8,
        "EPS": 1706,
        "Non-adjusted EPS": 1706,
        "PE": 3.4,
        "Book Price": 11.6
      }
    },
    {
      "quarter": "Q3 2011",
      "income status": {
        "Net sales": 72107,
        "Cost of goods sold": 36828,
        "Gross Profit": 35279,
        "Financial expenses": 4628,
        "Of which: Interest expense": 1014,
        "Cost of sales": "N/A",
        "Enterprise cost management": 3972,
        "Total Operating Expenses": 8600,
        "Total revenue financing activities": 32092,
        "Net profit from business activities": 58771,
        "Profit": 105,
        "Profit before tax": 285844,
        "Present corporate income tax expenses": 2000,
        "Deferred income taxes expenses": "N/A",
        "The interests of minority shareholders": "N/A",
        "Total Cost of profits": 2000,
        "Profit after tax corporate income": 56875,
        "Volume": 202241246,
        "Close of Quarter": 5.8,
        "EPS": 1814,
        "Non-adjusted EPS": 1814,
        "PE": 3.2,
        "Book Price": 13.3
      }
    },
    {
      "quarter": "Q2 2011",
      "income status": {
        "Net sales": 141805,
        "Cost of goods sold": 39946,
        "Gross Profit": 101859,
        "Financial expenses": 26447,
        "Of which: Interest expense": 20158,
        "Cost of sales": "N/A",
        "Enterprise cost management": 2952,
        "Total Operating Expenses": 29399,
        "Total revenue financing activities": 34647,
        "Net profit from business activities": 107107,
        "Profit": -13,
        "Profit before tax": 107862,
        "Present corporate income tax expenses": 14449,
        "Deferred income taxes expenses": "N/A",
        "The interests of minority shareholders": "N/A",
        "Total Cost of profits": 14449,
        "Profit after tax corporate income": 93413,
        "Volume": 202241246,
        "Close of Quarter": 4.8,
        "EPS": 1650,
        "Non-adjusted EPS": 1650,
        "PE": 2.9,
        "Book Price": 13
      }
    },
    {
      "quarter": "Q1 2011",
      "income status": {
        "Net sales": 128001,
        "Cost of goods sold": 38712,
        "Gross Profit": 89289,
        "Financial expenses": 2094,
        "Of which: Interest expense": 2094,
        "Cost of sales": "N/A",
        "Enterprise cost management": 2525,
        "Total Operating Expenses": 4619,
        "Total revenue financing activities": 34419,
        "Net profit from business activities": 119089,
        "Profit": 18,
        "Profit before tax": 119107,
        "Present corporate income tax expenses": 5955,
        "Deferred income taxes expenses": "N/A",
        "The interests of minority shareholders": "N/A",
        "Total Cost of profits": 5955,
        "Profit after tax corporate income": 113152,
        "Volume": 202241246,
        "Close of Quarter": 6.3,
        "EPS": 1672,
        "Non-adjusted EPS": 1672,
        "PE": 3.7,
        "Book Price": 12.6
      }
    },
    {
      "quarter": "Q4 2010",
      "income status": {
        "Net sales": 124432,
        "Cost of goods sold": 46132,
        "Gross Profit": 78300,
        "Financial expenses": 710,
        "Of which: Interest expense": 710,
        "Cost of sales": "N/A",
        "Enterprise cost management": 3895,
        "Total Operating Expenses": 4605,
        "Total revenue financing activities": 39195,
        "Net profit from business activities": 112890,
        "Profit": -36,
        "Profit before tax": 112854,
        "Present corporate income tax expenses": 9370,
        "Deferred income taxes expenses": "N/A",
        "The interests of minority shareholders": "N/A",
        "Total Cost of profits": 9370,
        "Profit after tax corporate income": 103484,
        "Volume": 202241246,
        "Close of Quarter": 7.1,
        "EPS": 1500,
        "Non-adjusted EPS": 1500,
        "PE": 4.7,
        "Book Price": 12
      }
    },
    {
      "quarter": "Q3 2010",
      "income status": {
        "Net sales": 69007,
        "Cost of goods sold": 46353,
        "Gross Profit": 22654,
        "Financial expenses": 13306,
        "Of which: Interest expense": 1362,
        "Cost of sales": "N/A",
        "Enterprise cost management": 2609,
        "Total Operating Expenses": 15915,
        "Total revenue financing activities": 29691,
        "Net profit from business activities": 36430,
        "Profit": 174,
        "Profit before tax": 36604,
        "Present corporate income tax expenses": 12891,
        "Deferred income taxes expenses": "N/A",
        "The interests of minority shareholders": "N/A",
        "Total Cost of profits": 12891,
        "Profit after tax corporate income": 23713,
        "Volume": 206241246,
        "Close of Quarter": 6.8,
        "EPS": 1393.0,
        "Non-adjusted EPS": 1366,
        "PE": 5.0,
        "Book Price": 11.6
      }
    },
    {
      "quarter": "Q2 2010",
      "income status": {
        "Net sales": 132316,
        "Cost of goods sold": 47504,
        "Gross Profit": 84812,
        "Financial expenses": 928,
        "Of which: Interest expense": 928,
        "Cost of sales": "N/A",
        "Enterprise cost management": 3192,
        "Total Operating Expenses": 4120,
        "Total revenue financing activities": 16462,
        "Net profit from business activities": 97153,
        "Profit": -18,
        "Profit before tax": 97813,
        "Present corporate income tax expenses": "N/A",
        "Deferred income taxes expenses": "N/A",
        "The interests of minority shareholders": "N/A",
        "Total Cost of profits": 0,
        "Profit after tax corporate income": 97813,
        "Volume": 206241246,
        "Close of Quarter": 7.5,
        "EPS": 1303.3,
        "Non-adjusted EPS": 1278,
        "PE": 5.9,
        "Book Price": 12.0
      }
    },
    {
      "quarter": "Q1 2010",
      "income status": {
        "Net sales": 98753,
        "Cost of goods sold": 44717,
        "Gross Profit": 54036,
        "Financial expenses": 1359,
        "Of which: Interest expense": 1359,
        "Cost of sales": "N/A",
        "Enterprise cost management": 2070,
        "Total Operating Expenses": 3429,
        "Total revenue financing activities": 27737,
        "Net profit from business activities": 78344,
        "Profit": 34,
        "Profit before tax": 78377,
        "Present corporate income tax expenses": "N/A",
        "Deferred income taxes expenses": "N/A",
        "The interests of minority shareholders": "N/A",
        "Total Cost of profits": 0,
        "Profit after tax corporate income": 78377,
        "Volume": 206241246,
        "Close of Quarter": 8.3,
        "EPS": 1390.0,
        "Non-adjusted EPS": 1363,
        "PE": 6.1,
        "Book Price": 11.5
      }
    },
    {
      "quarter": "Q4 2009",
      "income status": {
        "Net sales": 126257,
        "Cost of goods sold": 47893,
        "Gross Profit": 78364,
        "Financial expenses": 13965,
        "Of which: Interest expense": "N/A",
        "Cost of sales": "N/A",
        "Enterprise cost management": 8208,
        "Total Operating Expenses": 22173,
        "Total revenue financing activities": 22887,
        "Net profit from business activities": 79079,
        "Profit": 46,
        "Profit before tax": 85602,
        "Present corporate income tax expenses": 4390,
        "Deferred income taxes expenses": -693,
        "The interests of minority shareholders": "N/A",
        "Total Cost of profits": 3697,
        "Profit after tax corporate income": 81905,
        "Volume": 206241246,
        "Close of Quarter": 9.2,
        "EPS": 1601.1,
        "Non-adjusted EPS": 1570,
        "PE": 5.9,
        "Book Price": 10.9
      }
    },
    {
      "quarter": "Q3 2009",
      "income status": {
        "Net sales": 69820,
        "Cost of goods sold": 45567,
        "Gross Profit": 24253,
        "Financial expenses": 1525,
        "Of which: Interest expense": "N/A",
        "Cost of sales": "N/A",
        "Enterprise cost management": 2031,
        "Total Operating Expenses": 3556,
        "Total revenue financing activities": -6319,
        "Net profit from business activities": 14377,
        "Profit": 7,
        "Profit before tax": 14384,
        "Present corporate income tax expenses": 8924,
        "Deferred income taxes expenses": "N/A",
        "The interests of minority shareholders": "N/A",
        "Total Cost of profits": 8924,
        "Profit after tax corporate income": 5460,
        "Volume": 137494258,
        "Close of Quarter": 14,
        "EPS": 1664.3,
        "Non-adjusted EPS": 2448,
        "PE": 5.7,
        "Book Price": 11.2
      }
    },
    {
      "quarter": "Q2 2009",
      "income status": {
        "Net sales": 131286,
        "Cost of goods sold": 46604,
        "Gross Profit": 84682,
        "Financial expenses": 1509,
        "Of which: Interest expense": 1509,
        "Cost of sales": "N/A",
        "Enterprise cost management": 1994,
        "Total Operating Expenses": 3503,
        "Total revenue financing activities": 34062,
        "Net profit from business activities": 115241,
        "Profit": 65,
        "Profit before tax": 115306,
        "Present corporate income tax expenses": "N/A",
        "Deferred income taxes expenses": "N/A",
        "The interests of minority shareholders": "N/A",
        "Total Cost of profits": 0,
        "Profit after tax corporate income": 115306,
        "Volume": 137494258,
        "Close of Quarter": 11.8,
        "EPS": 1936.9,
        "Non-adjusted EPS": 2849,
        "PE": 4.1,
        "Book Price": 11.2
      }
    },
    {
      "quarter": "Q1 2009",
      "income status": {
        "Net sales": 138470,
        "Cost of goods sold": 44254,
        "Gross Profit": 94216,
        "Financial expenses": 2280,
        "Of which: Interest expense": 2280,
        "Cost of sales": "N/A",
        "Enterprise cost management": 2324,
        "Total Operating Expenses": 4604,
        "Total revenue financing activities": 31476,
        "Net profit from business activities": 121087,
        "Profit": -18,
        "Profit before tax": 121069,
        "Present corporate income tax expenses": "N/A",
        "Deferred income taxes expenses": "N/A",
        "The interests of minority shareholders": "N/A",
        "Total Cost of profits": 0,
        "Profit after tax corporate income": 121069,
        "Volume": 137494258,
        "Close of Quarter": 10.3,
        "EPS": 1927.4,
        "Non-adjusted EPS": 2835,
        "PE": 3.6,
        "Book Price": 11.2
      }
    },
    {
      "quarter": "Q4 2008",
      "income status": {
        "Net sales": 132384,
        "Cost of goods sold": 47012,
        "Gross Profit": 85372,
        "Financial expenses": 18746,
        "Of which: Interest expense": "N/A",
        "Cost of sales": "N/A",
        "Enterprise cost management": 4905,
        "Total Operating Expenses": 23651,
        "Total revenue financing activities": 32997,
        "Net profit from business activities": 94719,
        "Profit": 13,
        "Profit before tax": 94732,
        "Present corporate income tax expenses": "N/A",
        "Deferred income taxes expenses": "N/A",
        "The interests of minority shareholders": "N/A",
        "Total Cost of profits": 0,
        "Profit after tax corporate income": 94732,
        "Volume": 137494258,
        "Close of Quarter": 9.7,
        "EPS": 1833.6,
        "Non-adjusted EPS": 2697,
        "PE": 3.6,
        "Book Price": 10.6
      }
    },
    {
      "quarter": "Q3 2008",
      "income status": {
        "Net sales": 55788,
        "Cost of goods sold": 43233,
        "Gross Profit": 12555,
        "Financial expenses": 2961,
        "Of which: Interest expense": "N/A",
        "Cost of sales": "N/A",
        "Enterprise cost management": 1526,
        "Total Operating Expenses": 4487,
        "Total revenue financing activities": 52497,
        "Net profit from business activities": 60564,
        "Profit": 43,
        "Profit before tax": 60607,
        "Present corporate income tax expenses": "N/A",
        "Deferred income taxes expenses": "N/A",
        "The interests of minority shareholders": "N/A",
        "Total Cost of profits": 0,
        "Profit after tax corporate income": 60607,
        "Volume": 137494258,
        "Close of Quarter": 9.6,
        "EPS": 2006.3,
        "Non-adjusted EPS": 2951,
        "PE": 3.3,
        "Book Price": 10.8
      }
    },
    {
      "quarter": "Q2 2008",
      "income status": {
        "Net sales": 150565,
        "Cost of goods sold": 44355,
        "Gross Profit": 106210,
        "Financial expenses": 2806,
        "Of which: Interest expense": 2806,
        "Cost of sales": "N/A",
        "Enterprise cost management": 2309,
        "Total Operating Expenses": 5115,
        "Total revenue financing activities": 12341,
        "Net profit from business activities": 113436,
        "Profit": -5,
        "Profit before tax": 113431,
        "Present corporate income tax expenses": "N/A",
        "Deferred income taxes expenses": "N/A",
        "The interests of minority shareholders": "N/A",
        "Total Cost of profits": 0,
        "Profit after tax corporate income": 113431,
        "Volume": 137494258,
        "Close of Quarter": 7.9,
        "EPS": 1806.4,
        "Non-adjusted EPS": 2657,
        "PE": 3.0,
        "Book Price": 10.5
      }
    },
    {
      "quarter": "Q1 2008",
      "income status": {
        "Net sales": 144942,
        "Cost of goods sold": 43085,
        "Gross Profit": 101858,
        "Financial expenses": 3312,
        "Of which: Interest expense": 3312,
        "Cost of sales": "N/A",
        "Enterprise cost management": 1428,
        "Total Operating Expenses": 4740,
        "Total revenue financing activities": 4953,
        "Net profit from business activities": 102072,
        "Profit": "N/A",
        "Profit before tax": 102072,
        "Present corporate income tax expenses": "N/A",
        "Deferred income taxes expenses": "N/A",
        "The interests of minority shareholders": "N/A",
        "Total Cost of profits": 0,
        "Profit after tax corporate income": 102072,
        "Volume": 137494258,
        "Close of Quarter": 9.7,
        "EPS": 1468.5,
        "Non-adjusted EPS": 2160,
        "PE": 4.5,
        "Book Price": 10.5
      }
    },
    {
      "quarter": "Q4 2007",
      "income status": {
        "Net sales": 139077,
        "Cost of goods sold": 45344,
        "Gross Profit": 93733,
        "Financial expenses": 3655,
        "Of which: Interest expense": 3252,
        "Cost of sales": "N/A",
        "Enterprise cost management": 3876,
        "Total Operating Expenses": 7531,
        "Total revenue financing activities": 43486,
        "Net profit from business activities": 129687,
        "Profit": 6,
        "Profit before tax": 129693,
        "Present corporate income tax expenses": "N/A",
        "Deferred income taxes expenses": "N/A",
        "The interests of minority shareholders": "N/A",
        "Total Cost of profits": 0,
        "Profit after tax corporate income": 129693,
        "Volume": 137494258,
        "Close of Quarter": 14.9,
        "EPS": 1257.7,
        "Non-adjusted EPS": 1850,
        "PE": 8.1,
        "Book Price": 10.0
      }
    },
    {
      "quarter": "Q3 2007",
      "income status": {
        "Net sales": 53196,
        "Cost of goods sold": 41520,
        "Gross Profit": 11676,
        "Financial expenses": 4073,
        "Of which: Interest expense": "N/A",
        "Cost of sales": "N/A",
        "Enterprise cost management": 1184,
        "Total Operating Expenses": 5257,
        "Total revenue financing activities": 13686,
        "Net profit from business activities": 20105,
        "Profit": "N/A",
        "Profit before tax": 20105,
        "Present corporate income tax expenses": "N/A",
        "Deferred income taxes expenses": "N/A",
        "The interests of minority shareholders": "N/A",
        "Total Cost of profits": 0,
        "Profit after tax corporate income": 20105,
        "Volume": 125000000,
        "Close of Quarter": 18.4,
        "EPS": 938.9,
        "Non-adjusted EPS": 1519,
        "PE": 12.1,
        "Book Price": 7.1
      }
    },
    {
      "quarter": "Q2 2007",
      "income status": {
        "Net sales": 85305,
        "Cost of goods sold": 40962,
        "Gross Profit": 44343,
        "Financial expenses": 4216,
        "Of which: Interest expense": 4094,
        "Cost of sales": "N/A",
        "Enterprise cost management": 1456,
        "Total Operating Expenses": 5672,
        "Total revenue financing activities": 6489,
        "Net profit from business activities": 45161,
        "Profit": "N/A",
        "Profit before tax": 45161,
        "Present corporate income tax expenses": "N/A",
        "Deferred income taxes expenses": "N/A",
        "The interests of minority shareholders": "N/A",
        "Total Cost of profits": 0,
        "Profit after tax corporate income": 45161,
        "Volume": 125000000,
        "Close of Quarter": 19.5,
        "EPS": 866.5,
        "Non-adjusted EPS": 1402,
        "PE": 13.9,
        "Book Price": 7.4
      }
    },
    {
      "quarter": "Q1 2007",
      "income status": {
        "Net sales": 92583,
        "Cost of goods sold": 40214,
        "Gross Profit": 52370,
        "Financial expenses": 4036,
        "Of which: Interest expense": 3997,
        "Cost of sales": "N/A",
        "Enterprise cost management": 1090,
        "Total Operating Expenses": 5126,
        "Total revenue financing activities": 12174,
        "Net profit from business activities": 59417,
        "Profit": 3,
        "Profit before tax": 59420,
        "Present corporate income tax expenses": "N/A",
        "Deferred income taxes expenses": "N/A",
        "The interests of minority shareholders": "N/A",
        "Total Cost of profits": 0,
        "Profit after tax corporate income": 59420,
        "Volume": 125000000,
        "Close of Quarter": 23.7,
        "EPS": 1066.8,
        "Non-adjusted EPS": 1726,
        "PE": 13.7,
        "Book Price": 6.9
      }
    },
    {
      "quarter": "Q4 2006",
      "income status": {
        "Net sales": 68757,
        "Cost of goods sold": 41548,
        "Gross Profit": 27209,
        "Financial expenses": 13930,
        "Of which: Interest expense": "N/A",
        "Cost of sales": "N/A",
        "Enterprise cost management": 1296,
        "Total Operating Expenses": 15226,
        "Total revenue financing activities": 53236,
        "Net profit from business activities": 65219,
        "Profit": "N/A",
        "Profit before tax": 65219,
        "Present corporate income tax expenses": "N/A",
        "Deferred income taxes expenses": "N/A",
        "The interests of minority shareholders": "N/A",
        "Total Cost of profits": 0,
        "Profit after tax corporate income": 65219,
        "Volume": 125000000,
        "Close of Quarter": 15.4,
        "EPS": 1338.8,
        "Non-adjusted EPS": 2166,
        "PE": 7.1,
        "Book Price": 6.6
      }
    },
    {
      "quarter": "Q3 2006",
      "income status": {
        "Net sales": 45092,
        "Cost of goods sold": 40426,
        "Gross Profit": 4667,
        "Financial expenses": 1666,
        "Of which: Interest expense": 1666,
        "Cost of sales": "N/A",
        "Enterprise cost management": 1287,
        "Total Operating Expenses": 2953,
        "Total revenue financing activities": 3729,
        "Net profit from business activities": 5443,
        "Profit": "N/A",
        "Profit before tax": 5443,
        "Present corporate income tax expenses": "N/A",
        "Deferred income taxes expenses": "N/A",
        "The interests of minority shareholders": "N/A",
        "Total Cost of profits": 0,
        "Profit after tax corporate income": 5443,
        "Volume": 125000000,
        "Close of Quarter": 11.7,
        "EPS": 1016.1,
        "Non-adjusted EPS": 1644,
        "PE": 7.1,
        "Book Price": 6.8
      }
    },
    {
      "quarter": "Q2 2006",
      "income status": {
        "Net sales": 143874,
        "Cost of goods sold": 49579,
        "Gross Profit": 94296,
        "Financial expenses": 7439,
        "Of which: Interest expense": "N/A",
        "Cost of sales": "N/A",
        "Enterprise cost management": 1443,
        "Total Operating Expenses": 8882,
        "Total revenue financing activities": 308,
        "Net profit from business activities": 85721,
        "Profit": "N/A",
        "Profit before tax": 85721,
        "Present corporate income tax expenses": "N/A",
        "Deferred income taxes expenses": "N/A",
        "The interests of minority shareholders": "N/A",
        "Total Cost of profits": 0,
        "Profit after tax corporate income": 85721,
        "Volume": 125000000,
        "Close of Quarter": 10.7,
        "EPS": 988.9,
        "Non-adjusted EPS": 1600,
        "PE": 6.7,
        "Book Price": 6.7
      }
    },
    {
      "quarter": "Q1 2006",
      "income status": {
        "Net sales": 151551,
        "Cost of goods sold": 34509,
        "Gross Profit": 117042,
        "Financial expenses": 1884,
        "Of which: Interest expense": "N/A",
        "Cost of sales": "N/A",
        "Enterprise cost management": 957,
        "Total Operating Expenses": 2841,
        "Total revenue financing activities": 121,
        "Net profit from business activities": 114322,
        "Profit": "N/A",
        "Profit before tax": 114322,
        "Present corporate income tax expenses": "N/A",
        "Deferred income taxes expenses": "N/A",
        "The interests of minority shareholders": "N/A",
        "Total Cost of profits": 0,
        "Profit after tax corporate income": 114322,
        "Volume": 125000000,
        "Close of Quarter": 8.5,
        "EPS": 565.5,
        "Non-adjusted EPS": 915,
        "PE": 9.3,
        "Book Price": 6.8
      }
    }
  ]
}