{
  "ticker": "HBC",
  "data": [
    {
      "quarter": "Q1 2017",
      "income status": {
        "Net sales": 3032378,
        "Cost of goods sold": 2712201,
        "Gross Profit": 320178,
        "Financial expenses": 26979,
        "Of which: Interest expense": 49724,
        "Cost of sales": 13352,
        "Enterprise cost management": 94519,
        "Total Operating Expenses": 134850,
        "Total revenue financing activities": 31603,
        "Net profit from business activities": 220894,
        "Profit": 5697,
        "Profit before tax": 226592,
        "Present corporate income tax expenses": 51105,
        "Deferred income taxes expenses": -5626,
        "The interests of minority shareholders": 250,
        "Total Cost of profits": 45729,
        "Profit after tax corporate income": 180863,
        "Volume": 95446457,
        "Close of Quarter": 57.4,
        "EPS": 7357,
        "Non-adjusted EPS": 7357,
        "PE": 7.8,
        "Book Price": 20.5
      }
    },
    {
      "quarter": "Q4 2016",
      "income status": {
        "Net sales": 3764288,
        "Cost of goods sold": 3257949,
        "Gross Profit": 506339,
        "Financial expenses": 47320,
        "Of which: Interest expense": 42332,
        "Cost of sales": 66055,
        "Enterprise cost management": 129176,
        "Total Operating Expenses": 242551,
        "Total revenue financing activities": 26460,
        "Net profit from business activities": 289665,
        "Profit": 2522,
        "Profit before tax": 292187,
        "Present corporate income tax expenses": 32172,
        "Deferred income taxes expenses": 8253,
        "The interests of minority shareholders": -1492,
        "Total Cost of profits": 38933,
        "Profit after tax corporate income": 253254,
        "Volume": 94447467,
        "Close of Quarter": 30.4,
        "EPS": 5992.6,
        "Non-adjusted EPS": 6056,
        "PE": 5.0,
        "Book Price": 19.3
      }
    },
    {
      "quarter": "Q3 2016",
      "income status": {
        "Net sales": 2937359,
        "Cost of goods sold": 2614914,
        "Gross Profit": 322445,
        "Financial expenses": 38023,
        "Of which: Interest expense": 37991,
        "Cost of sales": 9463,
        "Enterprise cost management": 77619,
        "Total Operating Expenses": 125105,
        "Total revenue financing activities": 25542,
        "Net profit from business activities": 224501,
        "Profit": 2810,
        "Profit before tax": 227310,
        "Present corporate income tax expenses": 39669,
        "Deferred income taxes expenses": 7373,
        "The interests of minority shareholders": -1468,
        "Total Cost of profits": 45574,
        "Profit after tax corporate income": 181736,
        "Volume": 94447467,
        "Close of Quarter": 30.6,
        "EPS": 3704.8,
        "Non-adjusted EPS": 3744,
        "PE": 8.2,
        "Book Price": 15.2
      }
    },
    {
      "quarter": "Q2 2016",
      "income status": {
        "Net sales": 2447388,
        "Cost of goods sold": 2179852,
        "Gross Profit": 267536,
        "Financial expenses": 36124,
        "Of which: Interest expense": 33945,
        "Cost of sales": 23202,
        "Enterprise cost management": 117153,
        "Total Operating Expenses": 176479,
        "Total revenue financing activities": 27787,
        "Net profit from business activities": 119602,
        "Profit": 6132,
        "Profit before tax": 125735,
        "Present corporate income tax expenses": 16080,
        "Deferred income taxes expenses": 22035,
        "The interests of minority shareholders": 1260,
        "Total Cost of profits": 39375,
        "Profit after tax corporate income": 86360,
        "Volume": 75559837,
        "Close of Quarter": 21.7,
        "EPS": 1920.5,
        "Non-adjusted EPS": 2426,
        "PE": 8.9,
        "Book Price": 13.6
      }
    },
    {
      "quarter": "Q1 2016",
      "income status": {
        "Net sales": 1617789,
        "Cost of goods sold": 1484158,
        "Gross Profit": 133631,
        "Financial expenses": 31216,
        "Of which: Interest expense": 30875,
        "Cost of sales": 7039,
        "Enterprise cost management": 51182,
        "Total Operating Expenses": 89437,
        "Total revenue financing activities": 18670,
        "Net profit from business activities": 64221,
        "Profit": -77,
        "Profit before tax": 64144,
        "Present corporate income tax expenses": 10933,
        "Deferred income taxes expenses": 1586,
        "The interests of minority shareholders": 1009,
        "Total Cost of profits": 13528,
        "Profit after tax corporate income": 50616,
        "Volume": 75559837,
        "Close of Quarter": 15.0,
        "EPS": 1140.8,
        "Non-adjusted EPS": 1441,
        "PE": 10.4,
        "Book Price": 11.8
      }
    },
    {
      "quarter": "Q4 2015",
      "income status": {
        "Net sales": 1562459,
        "Cost of goods sold": 1460876,
        "Gross Profit": 101582,
        "Financial expenses": 14029,
        "Of which: Interest expense": 32173,
        "Cost of sales": 17695,
        "Enterprise cost management": 48539,
        "Total Operating Expenses": 80263,
        "Total revenue financing activities": 22410,
        "Net profit from business activities": 44688,
        "Profit": 616,
        "Profit before tax": 45304,
        "Present corporate income tax expenses": 12618,
        "Deferred income taxes expenses": -2304,
        "The interests of minority shareholders": 113,
        "Total Cost of profits": 10427,
        "Profit after tax corporate income": 34877,
        "Volume": 75559837,
        "Close of Quarter": 15.2,
        "EPS": 954.7,
        "Non-adjusted EPS": 1206,
        "PE": 12.6,
        "Book Price": 11.2
      }
    },
    {
      "quarter": "Q3 2015",
      "income status": {
        "Net sales": 1182312,
        "Cost of goods sold": 1120195,
        "Gross Profit": 62117,
        "Financial expenses": 44465,
        "Of which: Interest expense": 31216,
        "Cost of sales": 3097,
        "Enterprise cost management": 20921,
        "Total Operating Expenses": 68483,
        "Total revenue financing activities": 18833,
        "Net profit from business activities": 20848,
        "Profit": -7592,
        "Profit before tax": 13256,
        "Present corporate income tax expenses": 5685,
        "Deferred income taxes expenses": -3172,
        "The interests of minority shareholders": -722,
        "Total Cost of profits": 1791,
        "Profit after tax corporate income": 11464,
        "Volume": 74578007,
        "Close of Quarter": 13.6,
        "EPS": 1203.3,
        "Non-adjusted EPS": 1540,
        "PE": 8.8,
        "Book Price": 10.9
      }
    },
    {
      "quarter": "Q2 2015",
      "income status": {
        "Net sales": 1290064,
        "Cost of goods sold": 1229119,
        "Gross Profit": 60946,
        "Financial expenses": 31058,
        "Of which: Interest expense": 30961,
        "Cost of sales": 5328,
        "Enterprise cost management": 32367,
        "Total Operating Expenses": 68753,
        "Total revenue financing activities": 22027,
        "Net profit from business activities": 14322,
        "Profit": 12864,
        "Profit before tax": 27186,
        "Present corporate income tax expenses": 10192,
        "Deferred income taxes expenses": 3088,
        "The interests of minority shareholders": 1948,
        "Total Cost of profits": 15228,
        "Profit after tax corporate income": 11958,
        "Volume": 57368567,
        "Close of Quarter": 13.8,
        "EPS": 1113.2,
        "Non-adjusted EPS": 1852,
        "PE": 7.5,
        "Book Price": 10.9
      }
    },
    {
      "quarter": "Q1 2015",
      "income status": {
        "Net sales": 1050057,
        "Cost of goods sold": 973916,
        "Gross Profit": 76140,
        "Financial expenses": 28373,
        "Of which: Interest expense": 27878,
        "Cost of sales": 652,
        "Enterprise cost management": 29577,
        "Total Operating Expenses": 58602,
        "Total revenue financing activities": 23937,
        "Net profit from business activities": 39955,
        "Profit": -120,
        "Profit before tax": 39835,
        "Present corporate income tax expenses": 8521,
        "Deferred income taxes expenses": 529,
        "The interests of minority shareholders": -2024,
        "Total Cost of profits": 7026,
        "Profit after tax corporate income": 32808,
        "Volume": 53396077,
        "Close of Quarter": 10.4,
        "EPS": 1072.4,
        "Non-adjusted EPS": 1917,
        "PE": 5.4,
        "Book Price": 10.7
      }
    },
    {
      "quarter": "Q4 2014",
      "income status": {
        "Net sales": 1037712,
        "Cost of goods sold": 882670,
        "Gross Profit": 155042,
        "Financial expenses": 29406,
        "Of which: Interest expense": 28481,
        "Cost of sales": 3184,
        "Enterprise cost management": 74292,
        "Total Operating Expenses": 106882,
        "Total revenue financing activities": 20573,
        "Net profit from business activities": 66124,
        "Profit": 8561,
        "Profit before tax": 74685,
        "Present corporate income tax expenses": 17342,
        "Deferred income taxes expenses": -1048,
        "The interests of minority shareholders": -245,
        "Total Cost of profits": 16049,
        "Profit after tax corporate income": 58636,
        "Volume": 53396077,
        "Close of Quarter": 8.5,
        "EPS": 744.6,
        "Non-adjusted EPS": 1331,
        "PE": 6.4,
        "Book Price": 10.5
      }
    },
    {
      "quarter": "Q3 2014",
      "income status": {
        "Net sales": 1060609,
        "Cost of goods sold": 951278,
        "Gross Profit": 109331,
        "Financial expenses": 26471,
        "Of which: Interest expense": 34521,
        "Cost of sales": 2270,
        "Enterprise cost management": 98809,
        "Total Operating Expenses": 127550,
        "Total revenue financing activities": 17443,
        "Net profit from business activities": -1269,
        "Profit": 4172,
        "Profit before tax": 2903,
        "Present corporate income tax expenses": 2638,
        "Deferred income taxes expenses": -1800,
        "The interests of minority shareholders": -762,
        "Total Cost of profits": 76,
        "Profit after tax corporate income": 2826,
        "Volume": 52692487,
        "Close of Quarter": 9.1,
        "EPS": 367.7,
        "Non-adjusted EPS": 666,
        "PE": 13.7,
        "Book Price": 9.9
      }
    },
    {
      "quarter": "Q2 2014",
      "income status": {
        "Net sales": 800802,
        "Cost of goods sold": 701974,
        "Gross Profit": 98828,
        "Financial expenses": 22069,
        "Of which: Interest expense": 19943,
        "Cost of sales": 1002,
        "Enterprise cost management": 85939,
        "Total Operating Expenses": 109010,
        "Total revenue financing activities": 18281,
        "Net profit from business activities": 9249,
        "Profit": -251,
        "Profit before tax": 8998,
        "Present corporate income tax expenses": 1368,
        "Deferred income taxes expenses": 240,
        "The interests of minority shareholders": -706,
        "Total Cost of profits": 902,
        "Profit after tax corporate income": 8095,
        "Volume": 47903004,
        "Close of Quarter": 8.5,
        "EPS": 457.2,
        "Non-adjusted EPS": 911,
        "PE": 9.4,
        "Book Price": 9.8
      }
    },
    {
      "quarter": "Q1 2014",
      "income status": {
        "Net sales": 606788,
        "Cost of goods sold": 562645,
        "Gross Profit": 44143,
        "Financial expenses": 21129,
        "Of which: Interest expense": 22742,
        "Cost of sales": 2174,
        "Enterprise cost management": 31055,
        "Total Operating Expenses": 54358,
        "Total revenue financing activities": 13381,
        "Net profit from business activities": 2043,
        "Profit": -334,
        "Profit before tax": 1708,
        "Present corporate income tax expenses": 817,
        "Deferred income taxes expenses": -364,
        "The interests of minority shareholders": -274,
        "Total Cost of profits": 179,
        "Profit after tax corporate income": 1529,
        "Volume": 47903004,
        "Close of Quarter": 11.2,
        "EPS": 414.1,
        "Non-adjusted EPS": 825,
        "PE": 13.6,
        "Book Price": 10.0
      }
    },
    {
      "quarter": "Q4 2013",
      "income status": {
        "Net sales": 686497,
        "Cost of goods sold": 604494,
        "Gross Profit": 82003,
        "Financial expenses": 21487,
        "Of which: Interest expense": 25224,
        "Cost of sales": 3083,
        "Enterprise cost management": 43425,
        "Total Operating Expenses": 67995,
        "Total revenue financing activities": 9371,
        "Net profit from business activities": 23378,
        "Profit": 1871,
        "Profit before tax": 26558,
        "Present corporate income tax expenses": 4101,
        "Deferred income taxes expenses": 47,
        "The interests of minority shareholders": -230,
        "Total Cost of profits": 3918,
        "Profit after tax corporate income": 22639,
        "Volume": 47903004,
        "Close of Quarter": 7.4,
        "EPS": 588.7,
        "Non-adjusted EPS": 1173,
        "PE": 6.3,
        "Book Price": 10.2
      }
    },
    {
      "quarter": "Q3 2013",
      "income status": {
        "Net sales": 817850,
        "Cost of goods sold": 746517,
        "Gross Profit": 71334,
        "Financial expenses": 23796,
        "Of which: Interest expense": 19866,
        "Cost of sales": 3680,
        "Enterprise cost management": 30771,
        "Total Operating Expenses": 58247,
        "Total revenue financing activities": 5414,
        "Net profit from business activities": 18501,
        "Profit": -3237,
        "Profit before tax": 14942,
        "Present corporate income tax expenses": 3137,
        "Deferred income taxes expenses": 72,
        "The interests of minority shareholders": 373,
        "Total Cost of profits": 3582,
        "Profit after tax corporate income": 11360,
        "Volume": 47608174,
        "Close of Quarter": 7.3,
        "EPS": 1350.2,
        "Non-adjusted EPS": 2707,
        "PE": 2.7,
        "Book Price": 10.0
      }
    },
    {
      "quarter": "Q2 2013",
      "income status": {
        "Net sales": 981478,
        "Cost of goods sold": 882853,
        "Gross Profit": 98625,
        "Financial expenses": 22249,
        "Of which: Interest expense": 22119,
        "Cost of sales": 4742,
        "Enterprise cost management": 45486,
        "Total Operating Expenses": 72477,
        "Total revenue financing activities": 1829,
        "Net profit from business activities": 27977,
        "Profit": -6696,
        "Profit before tax": 16132,
        "Present corporate income tax expenses": 12733,
        "Deferred income taxes expenses": 427,
        "The interests of minority shareholders": -1002,
        "Total Cost of profits": 12158,
        "Profit after tax corporate income": 3974,
        "Volume": 47608174,
        "Close of Quarter": 8.3,
        "EPS": 1406.6,
        "Non-adjusted EPS": 2820,
        "PE": 3.0,
        "Book Price": 9.9
      }
    },
    {
      "quarter": "Q1 2013",
      "income status": {
        "Net sales": 1000812,
        "Cost of goods sold": 926017,
        "Gross Profit": 74795,
        "Financial expenses": 42560,
        "Of which: Interest expense": 42207,
        "Cost of sales": 3793,
        "Enterprise cost management": 30756,
        "Total Operating Expenses": 77109,
        "Total revenue financing activities": 24145,
        "Net profit from business activities": 21830,
        "Profit": -63,
        "Profit before tax": 22555,
        "Present corporate income tax expenses": 5588,
        "Deferred income taxes expenses": 224,
        "The interests of minority shareholders": -1482,
        "Total Cost of profits": 4330,
        "Profit after tax corporate income": 18225,
        "Volume": 37333644,
        "Close of Quarter": 8.1,
        "EPS": 1405.8,
        "Non-adjusted EPS": 3594,
        "PE": 2.3,
        "Book Price": 8.3
      }
    },
    {
      "quarter": "Q4 2012",
      "income status": {
        "Net sales": 1429792,
        "Cost of goods sold": 1274404,
        "Gross Profit": 155388,
        "Financial expenses": 36019,
        "Of which: Interest expense": 36984,
        "Cost of sales": 4024,
        "Enterprise cost management": 47405,
        "Total Operating Expenses": 87448,
        "Total revenue financing activities": 16276,
        "Net profit from business activities": 84216,
        "Profit": 7690,
        "Profit before tax": 114073,
        "Present corporate income tax expenses": 18365,
        "Deferred income taxes expenses": 1941,
        "The interests of minority shareholders": -1527,
        "Total Cost of profits": 18779,
        "Profit after tax corporate income": 95294,
        "Volume": 37333644,
        "Close of Quarter": 6.3,
        "EPS": 1413.6,
        "Non-adjusted EPS": 3614,
        "PE": 1.7,
        "Book Price": 8.1
      }
    },
    {
      "quarter": "Q3 2012",
      "income status": {
        "Net sales": 1212086,
        "Cost of goods sold": 1144649,
        "Gross Profit": 67437,
        "Financial expenses": 30103,
        "Of which: Interest expense": 28201,
        "Cost of sales": 2906,
        "Enterprise cost management": 30783,
        "Total Operating Expenses": 63792,
        "Total revenue financing activities": 4422,
        "Net profit from business activities": 8066,
        "Profit": 3827,
        "Profit before tax": 17075,
        "Present corporate income tax expenses": 765,
        "Deferred income taxes expenses": -445,
        "The interests of minority shareholders": -28,
        "Total Cost of profits": 292,
        "Profit after tax corporate income": 16783,
        "Volume": 37333644,
        "Close of Quarter": 6.1,
        "EPS": 740.4,
        "Non-adjusted EPS": 1893,
        "PE": 3.2,
        "Book Price": 7.2
      }
    },
    {
      "quarter": "Q2 2012",
      "income status": {
        "Net sales": 770532,
        "Cost of goods sold": 708620,
        "Gross Profit": 61913,
        "Financial expenses": 51483,
        "Of which: Interest expense": 49856,
        "Cost of sales": 1929,
        "Enterprise cost management": 32800,
        "Total Operating Expenses": 86212,
        "Total revenue financing activities": -426,
        "Net profit from business activities": -24726,
        "Profit": 19272,
        "Profit before tax": 1032,
        "Present corporate income tax expenses": 29,
        "Deferred income taxes expenses": -2555,
        "The interests of minority shareholders": -330,
        "Total Cost of profits": -2856,
        "Profit after tax corporate income": 3888,
        "Volume": 16970046,
        "Close of Quarter": 7.7,
        "EPS": 858.6,
        "Non-adjusted EPS": 4829,
        "PE": 1.6,
        "Book Price": 7.0
      }
    },
    {
      "quarter": "Q1 2012",
      "income status": {
        "Net sales": 654997,
        "Cost of goods sold": 570300,
        "Gross Profit": 84696,
        "Financial expenses": 41270,
        "Of which: Interest expense": 40378,
        "Cost of sales": 1650,
        "Enterprise cost management": 31421,
        "Total Operating Expenses": 74341,
        "Total revenue financing activities": 15153,
        "Net profit from business activities": 25508,
        "Profit": -2740,
        "Profit before tax": 26037,
        "Present corporate income tax expenses": 7003,
        "Deferred income taxes expenses": 75,
        "The interests of minority shareholders": -10,
        "Total Cost of profits": 7068,
        "Profit after tax corporate income": 18970,
        "Volume": 18788166,
        "Close of Quarter": 5.8,
        "EPS": 1198.2,
        "Non-adjusted EPS": 6087,
        "PE": 1.0,
        "Book Price": 7.2
      }
    },
    {
      "quarter": "Q4 2011",
      "income status": {
        "Net sales": 878479,
        "Cost of goods sold": 751462,
        "Gross Profit": 127017,
        "Financial expenses": 50316,
        "Of which: Interest expense": 49677,
        "Cost of sales": 3261,
        "Enterprise cost management": 38374,
        "Total Operating Expenses": 91951,
        "Total revenue financing activities": 6133,
        "Net profit from business activities": 41200,
        "Profit": -6905,
        "Profit before tax": 166843,
        "Present corporate income tax expenses": 6344,
        "Deferred income taxes expenses": 149,
        "The interests of minority shareholders": 261,
        "Total Cost of profits": 6754,
        "Profit after tax corporate income": 31040,
        "Volume": 19288166,
        "Close of Quarter": 4.9,
        "EPS": 1337.2,
        "Non-adjusted EPS": 6617,
        "PE": 0.7,
        "Book Price": 7.6
      }
    },
    {
      "quarter": "Q3 2011",
      "income status": {
        "Net sales": 873498,
        "Cost of goods sold": 770089,
        "Gross Profit": 103409,
        "Financial expenses": 37780,
        "Of which: Interest expense": 37011,
        "Cost of sales": 1083,
        "Enterprise cost management": 30463,
        "Total Operating Expenses": 69326,
        "Total revenue financing activities": 4598,
        "Net profit from business activities": 38681,
        "Profit": 435,
        "Profit before tax": 129049,
        "Present corporate income tax expenses": 11155,
        "Deferred income taxes expenses": 438,
        "The interests of minority shareholders": 278,
        "Total Cost of profits": 11871,
        "Profit after tax corporate income": 28055,
        "Volume": 19288166,
        "Close of Quarter": 5.6,
        "EPS": 1476.2,
        "Non-adjusted EPS": 7305,
        "PE": 0.8,
        "Book Price": 7.5
      }
    },
    {
      "quarter": "Q2 2011",
      "income status": {
        "Net sales": 754647,
        "Cost of goods sold": 649162,
        "Gross Profit": 105485,
        "Financial expenses": 43611,
        "Of which: Interest expense": 42197,
        "Cost of sales": 2753,
        "Enterprise cost management": 30572,
        "Total Operating Expenses": 76936,
        "Total revenue financing activities": 13729,
        "Net profit from business activities": 42277,
        "Profit": 372,
        "Profit before tax": 47495,
        "Present corporate income tax expenses": 12518,
        "Deferred income taxes expenses": -1511,
        "The interests of minority shareholders": 190,
        "Total Cost of profits": 11197,
        "Profit after tax corporate income": 36298,
        "Volume": 20288166,
        "Close of Quarter": 5.7,
        "EPS": 1601.2,
        "Non-adjusted EPS": 7533,
        "PE": 0.8,
        "Book Price": 7.5
      }
    },
    {
      "quarter": "Q1 2011",
      "income status": {
        "Net sales": 570778,
        "Cost of goods sold": 499483,
        "Gross Profit": 71295,
        "Financial expenses": 20527,
        "Of which: Interest expense": 20127,
        "Cost of sales": 575,
        "Enterprise cost management": 24230,
        "Total Operating Expenses": 45332,
        "Total revenue financing activities": 8196,
        "Net profit from business activities": 34159,
        "Profit": 2108,
        "Profit before tax": 41629,
        "Present corporate income tax expenses": 9292,
        "Deferred income taxes expenses": 49,
        "The interests of minority shareholders": 56,
        "Total Cost of profits": 9397,
        "Profit after tax corporate income": 32233,
        "Volume": 20288166,
        "Close of Quarter": 6.6,
        "EPS": 1599.9,
        "Non-adjusted EPS": 7527,
        "PE": 0.9,
        "Book Price": 7.3
      }
    },
    {
      "quarter": "Q4 2010",
      "income status": {
        "Net sales": 649660,
        "Cost of goods sold": 545804,
        "Gross Profit": 103857,
        "Financial expenses": 17342,
        "Of which: Interest expense": 15910,
        "Cost of sales": 639,
        "Enterprise cost management": 29838,
        "Total Operating Expenses": 47819,
        "Total revenue financing activities": 3060,
        "Net profit from business activities": 59097,
        "Profit": 441,
        "Profit before tax": 60043,
        "Present corporate income tax expenses": 15488,
        "Deferred income taxes expenses": 22,
        "The interests of minority shareholders": 222,
        "Total Cost of profits": 15732,
        "Profit after tax corporate income": 44310,
        "Volume": 16231003,
        "Close of Quarter": 7.0,
        "EPS": 1435.3,
        "Non-adjusted EPS": 8440,
        "PE": 0.8,
        "Book Price": 7.0
      }
    },
    {
      "quarter": "Q3 2010",
      "income status": {
        "Net sales": 437982,
        "Cost of goods sold": 356005,
        "Gross Profit": 81977,
        "Financial expenses": 11760,
        "Of which: Interest expense": 11881,
        "Cost of sales": 867,
        "Enterprise cost management": 19472,
        "Total Operating Expenses": 32099,
        "Total revenue financing activities": 3042,
        "Net profit from business activities": 52920,
        "Profit": 650,
        "Profit before tax": 53139,
        "Present corporate income tax expenses": 12973,
        "Deferred income taxes expenses": -41,
        "The interests of minority shareholders": 225,
        "Total Cost of profits": 13157,
        "Profit after tax corporate income": 39983,
        "Volume": 16231003,
        "Close of Quarter": 6.6,
        "EPS": 1250.2,
        "Non-adjusted EPS": 7352,
        "PE": 0.9,
        "Book Price": 6.5
      }
    },
    {
      "quarter": "Q2 2010",
      "income status": {
        "Net sales": 394255,
        "Cost of goods sold": 328066,
        "Gross Profit": 66189,
        "Financial expenses": 9645,
        "Of which: Interest expense": 9382,
        "Cost of sales": 360,
        "Enterprise cost management": 17470,
        "Total Operating Expenses": 27475,
        "Total revenue financing activities": 10208,
        "Net profit from business activities": 48923,
        "Profit": 837,
        "Profit before tax": 48741,
        "Present corporate income tax expenses": 12503,
        "Deferred income taxes expenses": 23,
        "The interests of minority shareholders": 25,
        "Total Cost of profits": 12551,
        "Profit after tax corporate income": 36190,
        "Volume": 14619540,
        "Close of Quarter": 5.7,
        "EPS": 995.5,
        "Non-adjusted EPS": 6499,
        "PE": 0.9,
        "Book Price": 6.3
      }
    },
    {
      "quarter": "Q1 2010",
      "income status": {
        "Net sales": 352261,
        "Cost of goods sold": 309566,
        "Gross Profit": 42695,
        "Financial expenses": 11290,
        "Of which: Interest expense": 11167,
        "Cost of sales": 4,
        "Enterprise cost management": 14469,
        "Total Operating Expenses": 25763,
        "Total revenue financing activities": 5281,
        "Net profit from business activities": 22213,
        "Profit": 95,
        "Profit before tax": 21743,
        "Present corporate income tax expenses": 5175,
        "Deferred income taxes expenses": -36,
        "The interests of minority shareholders": 105,
        "Total Cost of profits": 5244,
        "Profit after tax corporate income": 16499,
        "Volume": 14619540,
        "Close of Quarter": 5.3,
        "EPS": 556.6,
        "Non-adjusted EPS": 3634,
        "PE": 1.5,
        "Book Price": 6.0
      }
    },
    {
      "quarter": "Q4 2009",
      "income status": {
        "Net sales": 433250,
        "Cost of goods sold": 380185,
        "Gross Profit": 53065,
        "Financial expenses": 7167,
        "Of which: Interest expense": 7146,
        "Cost of sales": 9,
        "Enterprise cost management": 16538,
        "Total Operating Expenses": 23714,
        "Total revenue financing activities": 7495,
        "Net profit from business activities": 36846,
        "Profit": -377,
        "Profit before tax": 35873,
        "Present corporate income tax expenses": 8470,
        "Deferred income taxes expenses": 636,
        "The interests of minority shareholders": 114,
        "Total Cost of profits": 9220,
        "Profit after tax corporate income": 26653,
        "Volume": 15119540,
        "Close of Quarter": 5.0,
        "EPS": 472.7,
        "Non-adjusted EPS": 2984,
        "PE": 1.7,
        "Book Price": 6.1
      }
    },
    {
      "quarter": "Q3 2009",
      "income status": {
        "Net sales": 408799,
        "Cost of goods sold": 376691,
        "Gross Profit": 32108,
        "Financial expenses": 5029,
        "Of which: Interest expense": 4964,
        "Cost of sales": 145,
        "Enterprise cost management": 10772,
        "Total Operating Expenses": 15946,
        "Total revenue financing activities": 3402,
        "Net profit from business activities": 19565,
        "Profit": 170,
        "Profit before tax": 20567,
        "Present corporate income tax expenses": 5473,
        "Deferred income taxes expenses": -660,
        "The interests of minority shareholders": 83,
        "Total Cost of profits": 4896,
        "Profit after tax corporate income": 15671,
        "Volume": 15119540,
        "Close of Quarter": 5.3,
        "EPS": 208.6,
        "Non-adjusted EPS": 1317,
        "PE": 4.0,
        "Book Price": 5.8
      }
    },
    {
      "quarter": "Q2 2009",
      "income status": {
        "Net sales": 629246,
        "Cost of goods sold": 628838,
        "Gross Profit": 407,
        "Financial expenses": 7723,
        "Of which: Interest expense": 7649,
        "Cost of sales": "N/A",
        "Enterprise cost management": 5674,
        "Total Operating Expenses": 13397,
        "Total revenue financing activities": 4989,
        "Net profit from business activities": -8001,
        "Profit": -390,
        "Profit before tax": -7473,
        "Present corporate income tax expenses": -2074,
        "Deferred income taxes expenses": "N/A",
        "The interests of minority shareholders": 293,
        "Total Cost of profits": -1781,
        "Profit after tax corporate income": -5692,
        "Volume": 15119540,
        "Close of Quarter": 4.1,
        "EPS": 98.4,
        "Non-adjusted EPS": 621,
        "PE": 6.6,
        "Book Price": 5.6
      }
    },
    {
      "quarter": "Q1 2009",
      "income status": {
        "Net sales": 297765,
        "Cost of goods sold": 271014,
        "Gross Profit": 26751,
        "Financial expenses": 3186,
        "Of which: Interest expense": 3151,
        "Cost of sales": "N/A",
        "Enterprise cost management": 11944,
        "Total Operating Expenses": 15130,
        "Total revenue financing activities": 1109,
        "Net profit from business activities": 12730,
        "Profit": -1117,
        "Profit before tax": 11412,
        "Present corporate income tax expenses": 2798,
        "Deferred income taxes expenses": "N/A",
        "The interests of minority shareholders": 130,
        "Total Cost of profits": 2928,
        "Profit after tax corporate income": 8485,
        "Volume": 15119540,
        "Close of Quarter": 2.3,
        "EPS": 206.3,
        "Non-adjusted EPS": 1302,
        "PE": 1.8,
        "Book Price": 5.7
      }
    },
    {
      "quarter": "Q4 2008",
      "income status": {
        "Net sales": 274634,
        "Cost of goods sold": 259551,
        "Gross Profit": 15083,
        "Financial expenses": 5547,
        "Of which: Interest expense": "N/A",
        "Cost of sales": -107,
        "Enterprise cost management": 5432,
        "Total Operating Expenses": 10872,
        "Total revenue financing activities": 115,
        "Net profit from business activities": 4327,
        "Profit": 1041,
        "Profit before tax": 2425,
        "Present corporate income tax expenses": 833,
        "Deferred income taxes expenses": "N/A",
        "The interests of minority shareholders": 140,
        "Total Cost of profits": 973,
        "Profit after tax corporate income": 1452,
        "Volume": 15119540,
        "Close of Quarter": 2.4,
        "EPS": 128.5,
        "Non-adjusted EPS": 811,
        "PE": 2.9,
        "Book Price": 5.7
      }
    },
    {
      "quarter": "Q3 2008",
      "income status": {
        "Net sales": 162712,
        "Cost of goods sold": 145266,
        "Gross Profit": 17446,
        "Financial expenses": 5265,
        "Of which: Interest expense": "N/A",
        "Cost of sales": 47,
        "Enterprise cost management": 8531,
        "Total Operating Expenses": 13843,
        "Total revenue financing activities": 1391,
        "Net profit from business activities": 4993,
        "Profit": 841,
        "Profit before tax": 5834,
        "Present corporate income tax expenses": 612,
        "Deferred income taxes expenses": "N/A",
        "The interests of minority shareholders": 84,
        "Total Cost of profits": 696,
        "Profit after tax corporate income": 5138,
        "Volume": 15119540,
        "Close of Quarter": 3.5,
        "EPS": 137.2,
        "Non-adjusted EPS": 866,
        "PE": 4.0,
        "Book Price": 5.7
      }
    },
    {
      "quarter": "Q2 2008",
      "income status": {
        "Net sales": 148891,
        "Cost of goods sold": 129176,
        "Gross Profit": 19715,
        "Financial expenses": 6684,
        "Of which: Interest expense": 4104,
        "Cost of sales": "N/A",
        "Enterprise cost management": 9090,
        "Total Operating Expenses": 15774,
        "Total revenue financing activities": 1630,
        "Net profit from business activities": 5571,
        "Profit": 66,
        "Profit before tax": 5637,
        "Present corporate income tax expenses": 979,
        "Deferred income taxes expenses": "N/A",
        "The interests of minority shareholders": 46,
        "Total Cost of profits": 1025,
        "Profit after tax corporate income": 4612,
        "Volume": 13500000,
        "Close of Quarter": 4.4,
        "EPS": 169.6,
        "Non-adjusted EPS": 1199,
        "PE": 3.7,
        "Book Price": 5.6
      }
    },
    {
      "quarter": "Q1 2008",
      "income status": {
        "Net sales": 107011,
        "Cost of goods sold": 92693,
        "Gross Profit": 14319,
        "Financial expenses": 7727,
        "Of which: Interest expense": 2107,
        "Cost of sales": 135,
        "Enterprise cost management": 5982,
        "Total Operating Expenses": 13844,
        "Total revenue financing activities": 835,
        "Net profit from business activities": 1310,
        "Profit": 52,
        "Profit before tax": 1362,
        "Present corporate income tax expenses": 293,
        "Deferred income taxes expenses": "N/A",
        "The interests of minority shareholders": 3,
        "Total Cost of profits": 296,
        "Profit after tax corporate income": 1066,
        "Volume": 13500000,
        "Close of Quarter": 8.1,
        "EPS": 204.2,
        "Non-adjusted EPS": 1444,
        "PE": 5.6,
        "Book Price": 5.6
      }
    },
    {
      "quarter": "Q4 2007",
      "income status": {
        "Net sales": 137197,
        "Cost of goods sold": 115923,
        "Gross Profit": 21274,
        "Financial expenses": 12543,
        "Of which: Interest expense": "N/A",
        "Cost of sales": 32,
        "Enterprise cost management": 8462,
        "Total Operating Expenses": 21037,
        "Total revenue financing activities": 3152,
        "Net profit from business activities": 3389,
        "Profit": -581,
        "Profit before tax": 2809,
        "Present corporate income tax expenses": 494,
        "Deferred income taxes expenses": "N/A",
        "The interests of minority shareholders": 39,
        "Total Cost of profits": 533,
        "Profit after tax corporate income": 2276,
        "Volume": 10000000,
        "Close of Quarter": 15.4,
        "EPS": 291.7,
        "Non-adjusted EPS": 2784,
        "PE": 5.5,
        "Book Price": 5.6
      }
    },
    {
      "quarter": "Q3 2007",
      "income status": {
        "Net sales": 115114,
        "Cost of goods sold": 98936,
        "Gross Profit": 16178,
        "Financial expenses": 2546,
        "Of which: Interest expense": "N/A",
        "Cost of sales": 26,
        "Enterprise cost management": 4616,
        "Total Operating Expenses": 7188,
        "Total revenue financing activities": 1457,
        "Net profit from business activities": 10447,
        "Profit": -786,
        "Profit before tax": 9661,
        "Present corporate income tax expenses": 1409,
        "Deferred income taxes expenses": "N/A",
        "The interests of minority shareholders": 19,
        "Total Cost of profits": 1428,
        "Profit after tax corporate income": 8233,
        "Volume": 9944100,
        "Close of Quarter": 14.8,
        "EPS": 311.5,
        "Non-adjusted EPS": 2990,
        "PE": 5.0,
        "Book Price": 2.8
      }
    },
    {
      "quarter": "Q2 2007",
      "income status": {
        "Net sales": 127226,
        "Cost of goods sold": 111527,
        "Gross Profit": 15699,
        "Financial expenses": 1482,
        "Of which: Interest expense": 1174,
        "Cost of sales": 3,
        "Enterprise cost management": 5394,
        "Total Operating Expenses": 6879,
        "Total revenue financing activities": 390,
        "Net profit from business activities": 9210,
        "Profit": -1,
        "Profit before tax": 9209,
        "Present corporate income tax expenses": 1267,
        "Deferred income taxes expenses": "N/A",
        "The interests of minority shareholders": 17,
        "Total Cost of profits": 1284,
        "Profit after tax corporate income": 7925,
        "Volume": 5584090,
        "Close of Quarter": 10.9,
        "EPS": 248.6,
        "Non-adjusted EPS": 4249,
        "PE": 2.6,
        "Book Price": 0.9
      }
    },
    {
      "quarter": "Q1 2007",
      "income status": {
        "Net sales": 80096,
        "Cost of goods sold": 70843,
        "Gross Profit": 9252,
        "Financial expenses": 2473,
        "Of which: Interest expense": 635,
        "Cost of sales": 38,
        "Enterprise cost management": 3627,
        "Total Operating Expenses": 6138,
        "Total revenue financing activities": 7834,
        "Net profit from business activities": 10948,
        "Profit": "N/A",
        "Profit before tax": 10948,
        "Present corporate income tax expenses": 1573,
        "Deferred income taxes expenses": "N/A",
        "The interests of minority shareholders": -26,
        "Total Cost of profits": 1547,
        "Profit after tax corporate income": 9401,
        "Volume": 5639990,
        "Close of Quarter": 8.1,
        "EPS": 181.9,
        "Non-adjusted EPS": 3079,
        "PE": 2.6,
        "Book Price": 0.8
      }
    },
    {
      "quarter": "Q4 2006",
      "income status": {
        "Net sales": 77201,
        "Cost of goods sold": 67979,
        "Gross Profit": 9223,
        "Financial expenses": 330,
        "Of which: Interest expense": "N/A",
        "Cost of sales": 15,
        "Enterprise cost management": 3526,
        "Total Operating Expenses": 3871,
        "Total revenue financing activities": 120,
        "Net profit from business activities": 5472,
        "Profit": "N/A",
        "Profit before tax": 5472,
        "Present corporate income tax expenses": 1293,
        "Deferred income taxes expenses": "N/A",
        "The interests of minority shareholders": "N/A",
        "Total Cost of profits": 1293,
        "Profit after tax corporate income": 4178,
        "Volume": 5639990,
        "Close of Quarter": 8.8,
        "EPS": 94.4,
        "Non-adjusted EPS": 1597,
        "PE": 5.5,
        "Book Price": 0.7
      }
    },
    {
      "quarter": "Q3 2006",
      "income status": {
        "Net sales": 52330,
        "Cost of goods sold": 46645,
        "Gross Profit": 5686,
        "Financial expenses": 146,
        "Of which: Interest expense": 138,
        "Cost of sales": 33,
        "Enterprise cost management": 2467,
        "Total Operating Expenses": 2646,
        "Total revenue financing activities": 36,
        "Net profit from business activities": 3076,
        "Profit": -187,
        "Profit before tax": 2890,
        "Present corporate income tax expenses": 665,
        "Deferred income taxes expenses": "N/A",
        "The interests of minority shareholders": 4,
        "Total Cost of profits": 669,
        "Profit after tax corporate income": 2221,
        "Volume": 5639990,
        "Close of Quarter": "N/A",
        "EPS": 50.6,
        "Non-adjusted EPS": 856,
        "PE": "N/A",
        "Book Price": 0.7
      }
    },
    {
      "quarter": "Q2 2006",
      "income status": {
        "Net sales": 45789,
        "Cost of goods sold": 40814,
        "Gross Profit": 4975,
        "Financial expenses": 128,
        "Of which: Interest expense": 121,
        "Cost of sales": 29,
        "Enterprise cost management": 2536,
        "Total Operating Expenses": 2693,
        "Total revenue financing activities": 32,
        "Net profit from business activities": 2315,
        "Profit": -163,
        "Profit before tax": 2151,
        "Present corporate income tax expenses": 582,
        "Deferred income taxes expenses": "N/A",
        "The interests of minority shareholders": 3,
        "Total Cost of profits": 585,
        "Profit after tax corporate income": 1567,
        "Volume": 5639990,
        "Close of Quarter": "N/A",
        "EPS": 27.4,
        "Non-adjusted EPS": 463,
        "PE": "N/A",
        "Book Price": "N/A"
      }
    },
    {
      "quarter": "Q1 2006",
      "income status": {
        "Net sales": 32706,
        "Cost of goods sold": 29153,
        "Gross Profit": 3554,
        "Financial expenses": 91,
        "Of which: Interest expense": 86,
        "Cost of sales": 20,
        "Enterprise cost management": 1897,
        "Total Operating Expenses": 2008,
        "Total revenue financing activities": 23,
        "Net profit from business activities": 1567,
        "Profit": -117,
        "Profit before tax": 1450,
        "Present corporate income tax expenses": 416,
        "Deferred income taxes expenses": "N/A",
        "The interests of minority shareholders": -7,
        "Total Cost of profits": 409,
        "Profit after tax corporate income": 1042,
        "Volume": 5639990,
        "Close of Quarter": "N/A",
        "EPS": 10.9,
        "Non-adjusted EPS": 185,
        "PE": "N/A",
        "Book Price": "N/A"
      }
    }
  ]
}