{
  "ticker": "XMC",
  "data": [
    {
      "quarter": "Q3 2013",
      "income status": {
        "Net sales": 238236,
        "Cost of goods sold": 209528,
        "Gross Profit": 28708,
        "Financial expenses": 12836,
        "Of which: Interest expense": 12836,
        "Cost of sales": 5993,
        "Enterprise cost management": 14068,
        "Total Operating Expenses": 32897,
        "Total revenue financing activities": 159,
        "Net profit from business activities": -4030,
        "Profit": -6028,
        "Profit before tax": -10058,
        "Present corporate income tax expenses": 1980,
        "Deferred income taxes expenses": "N/A",
        "The interests of minority shareholders": -3567,
        "Total Cost of profits": -1587,
        "Profit after tax corporate income": -8470,
        "Volume": 19996480,
        "Close of Quarter": 6.5,
        "EPS": -463,
        "Non-adjusted EPS": -463,
        "PE": -14.0,
        "Book Price": 14.3
      }
    },
    {
      "quarter": "Q2 2013",
      "income status": {
        "Net sales": 296671,
        "Cost of goods sold": 261974,
        "Gross Profit": 34697,
        "Financial expenses": 17477,
        "Of which: Interest expense": 17169,
        "Cost of sales": 5031,
        "Enterprise cost management": 17843,
        "Total Operating Expenses": 40351,
        "Total revenue financing activities": 88,
        "Net profit from business activities": -5565,
        "Profit": -5389,
        "Profit before tax": -10954,
        "Present corporate income tax expenses": 3193,
        "Deferred income taxes expenses": "N/A",
        "The interests of minority shareholders": -4941,
        "Total Cost of profits": -1748,
        "Profit after tax corporate income": -9206,
        "Volume": 19996480,
        "Close of Quarter": 6.5,
        "EPS": -343,
        "Non-adjusted EPS": -343,
        "PE": -19.0,
        "Book Price": 14.7
      }
    },
    {
      "quarter": "Q1 2013",
      "income status": {
        "Net sales": 112333,
        "Cost of goods sold": 83753,
        "Gross Profit": 28580,
        "Financial expenses": 17284,
        "Of which: Interest expense": 16441,
        "Cost of sales": 4545,
        "Enterprise cost management": 15319,
        "Total Operating Expenses": 37148,
        "Total revenue financing activities": 498,
        "Net profit from business activities": -8070,
        "Profit": 707,
        "Profit before tax": -7363,
        "Present corporate income tax expenses": 916,
        "Deferred income taxes expenses": "N/A",
        "The interests of minority shareholders": -3436,
        "Total Cost of profits": -2520,
        "Profit after tax corporate income": -4843,
        "Volume": 19996480,
        "Close of Quarter": 6.6,
        "EPS": -500,
        "Non-adjusted EPS": -500,
        "PE": -13.2,
        "Book Price": 15.2
      }
    },
    {
      "quarter": "Q4 2012",
      "income status": {
        "Net sales": 439489,
        "Cost of goods sold": 369153,
        "Gross Profit": 70336,
        "Financial expenses": 23171,
        "Of which: Interest expense": 22908,
        "Cost of sales": 8116,
        "Enterprise cost management": 23374,
        "Total Operating Expenses": 54661,
        "Total revenue financing activities": 927,
        "Net profit from business activities": 16603,
        "Profit": -4291,
        "Profit before tax": 12311,
        "Present corporate income tax expenses": 4252,
        "Deferred income taxes expenses": "N/A",
        "The interests of minority shareholders": -5210,
        "Total Cost of profits": -958,
        "Profit after tax corporate income": 13269,
        "Volume": 19996480,
        "Close of Quarter": 6.6,
        "EPS": -596,
        "Non-adjusted EPS": -596,
        "PE": -11.1,
        "Book Price": 16.2
      }
    },
    {
      "quarter": "Q3 2012",
      "income status": {
        "Net sales": 321876,
        "Cost of goods sold": 285412,
        "Gross Profit": 36464,
        "Financial expenses": 20788,
        "Of which: Interest expense": 19484,
        "Cost of sales": 5339,
        "Enterprise cost management": 17937,
        "Total Operating Expenses": 44064,
        "Total revenue financing activities": 1460,
        "Net profit from business activities": -6141,
        "Profit": -207,
        "Profit before tax": -6348,
        "Present corporate income tax expenses": 985,
        "Deferred income taxes expenses": "N/A",
        "The interests of minority shareholders": -1257,
        "Total Cost of profits": -272,
        "Profit after tax corporate income": -6075,
        "Volume": 19996480,
        "Close of Quarter": 6.1,
        "EPS": -1106,
        "Non-adjusted EPS": -1106,
        "PE": -5.5,
        "Book Price": 15
      }
    },
    {
      "quarter": "Q2 2012",
      "income status": {
        "Net sales": 224491,
        "Cost of goods sold": 183825,
        "Gross Profit": 40666,
        "Financial expenses": 31411,
        "Of which: Interest expense": 27662,
        "Cost of sales": 11135,
        "Enterprise cost management": 16974,
        "Total Operating Expenses": 59520,
        "Total revenue financing activities": 822,
        "Net profit from business activities": -18031,
        "Profit": 587,
        "Profit before tax": -17444,
        "Present corporate income tax expenses": 2634,
        "Deferred income taxes expenses": "N/A",
        "The interests of minority shareholders": -7734,
        "Total Cost of profits": -5100,
        "Profit after tax corporate income": -12345,
        "Volume": 19996480,
        "Close of Quarter": 7.1,
        "EPS": -431,
        "Non-adjusted EPS": -431,
        "PE": -16.5,
        "Book Price": 15.4
      }
    },
    {
      "quarter": "Q1 2012",
      "income status": {
        "Net sales": 239732,
        "Cost of goods sold": 205508,
        "Gross Profit": 34224,
        "Financial expenses": 16802,
        "Of which: Interest expense": 16529,
        "Cost of sales": 9226,
        "Enterprise cost management": 16851,
        "Total Operating Expenses": 42879,
        "Total revenue financing activities": 449,
        "Net profit from business activities": -8206,
        "Profit": 1419,
        "Profit before tax": -6788,
        "Present corporate income tax expenses": 1279,
        "Deferred income taxes expenses": "N/A",
        "The interests of minority shareholders": -1291,
        "Total Cost of profits": -12,
        "Profit after tax corporate income": -6776,
        "Volume": 19996480,
        "Close of Quarter": 8.6,
        "EPS": 1196,
        "Non-adjusted EPS": 1196,
        "PE": 7.2,
        "Book Price": 16.1
      }
    },
    {
      "quarter": "Q4 2011",
      "income status": {
        "Net sales": 582907,
        "Cost of goods sold": 515998,
        "Gross Profit": 66908,
        "Financial expenses": 27034,
        "Of which: Interest expense": 26238,
        "Cost of sales": 17554,
        "Enterprise cost management": 21830,
        "Total Operating Expenses": 66418,
        "Total revenue financing activities": 2344,
        "Net profit from business activities": 2834,
        "Profit": 1730,
        "Profit before tax": 31354,
        "Present corporate income tax expenses": 8699,
        "Deferred income taxes expenses": -6674,
        "The interests of minority shareholders": -530,
        "Total Cost of profits": 1495,
        "Profit after tax corporate income": 3070,
        "Volume": 19996480,
        "Close of Quarter": 8.3,
        "EPS": 1871,
        "Non-adjusted EPS": 1871,
        "PE": 4.4,
        "Book Price": 16.9
      }
    },
    {
      "quarter": "Q3 2011",
      "income status": {
        "Net sales": 263936,
        "Cost of goods sold": 214168,
        "Gross Profit": 49768,
        "Financial expenses": 18821,
        "Of which: Interest expense": 18252,
        "Cost of sales": 11211,
        "Enterprise cost management": 16511,
        "Total Operating Expenses": 46543,
        "Total revenue financing activities": 3067,
        "Net profit from business activities": 6293,
        "Profit": 2890,
        "Profit before tax": 9182,
        "Present corporate income tax expenses": 3170,
        "Deferred income taxes expenses": -528,
        "The interests of minority shareholders": -884,
        "Total Cost of profits": 1758,
        "Profit after tax corporate income": 7425,
        "Volume": 19996480,
        "Close of Quarter": 11.9,
        "EPS": 2087,
        "Non-adjusted EPS": 2087,
        "PE": 5.7,
        "Book Price": 16.4
      }
    },
    {
      "quarter": "Q2 2011",
      "income status": {
        "Net sales": 325277,
        "Cost of goods sold": 255752,
        "Gross Profit": 69526,
        "Financial expenses": 18228,
        "Of which: Interest expense": 17059,
        "Cost of sales": 11923,
        "Enterprise cost management": 18849,
        "Total Operating Expenses": 49000,
        "Total revenue financing activities": 6251,
        "Net profit from business activities": 26776,
        "Profit": 882,
        "Profit before tax": 27658,
        "Present corporate income tax expenses": 5218,
        "Deferred income taxes expenses": -68,
        "The interests of minority shareholders": 2311,
        "Total Cost of profits": 7461,
        "Profit after tax corporate income": 20198,
        "Volume": 19996480,
        "Close of Quarter": 14.2,
        "EPS": 2449,
        "Non-adjusted EPS": 2449,
        "PE": 5.8,
        "Book Price": 16.6
      }
    },
    {
      "quarter": "Q1 2011",
      "income status": {
        "Net sales": 238097,
        "Cost of goods sold": 191108,
        "Gross Profit": 46990,
        "Financial expenses": 10155,
        "Of which: Interest expense": 8333,
        "Cost of sales": 7985,
        "Enterprise cost management": 19566,
        "Total Operating Expenses": 37706,
        "Total revenue financing activities": 1029,
        "Net profit from business activities": 10312,
        "Profit": -123,
        "Profit before tax": 10189,
        "Present corporate income tax expenses": 2945,
        "Deferred income taxes expenses": 56,
        "The interests of minority shareholders": 476,
        "Total Cost of profits": 3477,
        "Profit after tax corporate income": 6712,
        "Volume": 19996480,
        "Close of Quarter": 17.3,
        "EPS": 2446,
        "Non-adjusted EPS": 2446,
        "PE": 7.1,
        "Book Price": 17.8
      }
    },
    {
      "quarter": "Q4 2010",
      "income status": {
        "Net sales": 422457,
        "Cost of goods sold": 359530,
        "Gross Profit": 62927,
        "Financial expenses": 21694,
        "Of which: Interest expense": 9831,
        "Cost of sales": 13493,
        "Enterprise cost management": 21102,
        "Total Operating Expenses": 56289,
        "Total revenue financing activities": 2900,
        "Net profit from business activities": 9538,
        "Profit": 1651,
        "Profit before tax": 11391,
        "Present corporate income tax expenses": -6138,
        "Deferred income taxes expenses": 8053,
        "The interests of minority shareholders": 2077,
        "Total Cost of profits": 3992,
        "Profit after tax corporate income": 7399,
        "Volume": 9998240,
        "Close of Quarter": 19.7,
        "EPS": 2936,
        "Non-adjusted EPS": 5872,
        "PE": 3.4,
        "Book Price": 15.2
      }
    },
    {
      "quarter": "Q3 2010",
      "income status": {
        "Net sales": 276606,
        "Cost of goods sold": 224187,
        "Gross Profit": 52419,
        "Financial expenses": 9299,
        "Of which: Interest expense": 8447,
        "Cost of sales": 11625,
        "Enterprise cost management": 14903,
        "Total Operating Expenses": 35827,
        "Total revenue financing activities": 3036,
        "Net profit from business activities": 19628,
        "Profit": 867,
        "Profit before tax": 20546,
        "Present corporate income tax expenses": 7397,
        "Deferred income taxes expenses": -3339,
        "The interests of minority shareholders": 1825,
        "Total Cost of profits": 5883,
        "Profit after tax corporate income": 14663,
        "Volume": 9998240,
        "Close of Quarter": 24.9,
        "EPS": 3354,
        "Non-adjusted EPS": 6708,
        "PE": 3.7,
        "Book Price": 11.7
      }
    },
    {
      "quarter": "Q2 2010",
      "income status": {
        "Net sales": 271577,
        "Cost of goods sold": "N/A",
        "Gross Profit": 65718,
        "Financial expenses": "N/A",
        "Of which: Interest expense": 9467,
        "Cost of sales": 10980,
        "Enterprise cost management": 17335,
        "Total Operating Expenses": 28315,
        "Total revenue financing activities": "N/A",
        "Net profit from business activities": 28641,
        "Profit": -243,
        "Profit before tax": 28434,
        "Present corporate income tax expenses": 12111,
        "Deferred income taxes expenses": -4000,
        "The interests of minority shareholders": "N/A",
        "Total Cost of profits": 8111,
        "Profit after tax corporate income": 20143,
        "Volume": 9998240,
        "Close of Quarter": 26.0,
        "EPS": 3026.5,
        "Non-adjusted EPS": 6053,
        "PE": 4.3,
        "Book Price": 11
      }
    },
    {
      "quarter": "Q1 2010",
      "income status": {
        "Net sales": 180150,
        "Cost of goods sold": "N/A",
        "Gross Profit": 40470,
        "Financial expenses": "N/A",
        "Of which: Interest expense": 4934,
        "Cost of sales": 5910,
        "Enterprise cost management": 9322,
        "Total Operating Expenses": 15232,
        "Total revenue financing activities": "N/A",
        "Net profit from business activities": 20006,
        "Profit": 2871,
        "Profit before tax": 22888,
        "Present corporate income tax expenses": 6494,
        "Deferred income taxes expenses": -632,
        "The interests of minority shareholders": "N/A",
        "Total Cost of profits": 5862,
        "Profit after tax corporate income": 16500,
        "Volume": 9998240,
        "Close of Quarter": 24.4,
        "EPS": 2663,
        "Non-adjusted EPS": 5326,
        "PE": 4.6,
        "Book Price": 11.9
      }
    },
    {
      "quarter": "Q4 2009",
      "income status": {
        "Net sales": 227144,
        "Cost of goods sold": "N/A",
        "Gross Profit": 57932,
        "Financial expenses": "N/A",
        "Of which: Interest expense": "N/A",
        "Cost of sales": 10100,
        "Enterprise cost management": 10792,
        "Total Operating Expenses": 20892,
        "Total revenue financing activities": "N/A",
        "Net profit from business activities": 22651,
        "Profit": 805,
        "Profit before tax": 23456,
        "Present corporate income tax expenses": 5818,
        "Deferred income taxes expenses": 978,
        "The interests of minority shareholders": "N/A",
        "Total Cost of profits": 6796,
        "Profit after tax corporate income": 15762,
        "Volume": 9440740,
        "Close of Quarter": 18.7,
        "EPS": 2092.9,
        "Non-adjusted EPS": 4433,
        "PE": 4.2,
        "Book Price": 10.4
      }
    },
    {
      "quarter": "Q3 2009",
      "income status": {
        "Net sales": 137780,
        "Cost of goods sold": "N/A",
        "Gross Profit": 25533,
        "Financial expenses": "N/A",
        "Of which: Interest expense": "N/A",
        "Cost of sales": 4957,
        "Enterprise cost management": 7541,
        "Total Operating Expenses": 12498,
        "Total revenue financing activities": "N/A",
        "Net profit from business activities": 10413,
        "Profit": 1109,
        "Profit before tax": 11522,
        "Present corporate income tax expenses": 2738,
        "Deferred income taxes expenses": "N/A",
        "The interests of minority shareholders": "N/A",
        "Total Cost of profits": 2738,
        "Profit after tax corporate income": 8118,
        "Volume": 9440740,
        "Close of Quarter": 23.8,
        "EPS": 1714.3,
        "Non-adjusted EPS": 3631,
        "PE": 6.5,
        "Book Price": 9.6
      }
    },
    {
      "quarter": "Q2 2009",
      "income status": {
        "Net sales": 165008,
        "Cost of goods sold": "N/A",
        "Gross Profit": 32534,
        "Financial expenses": "N/A",
        "Of which: Interest expense": 5164,
        "Cost of sales": 4429,
        "Enterprise cost management": 7244,
        "Total Operating Expenses": 11673,
        "Total revenue financing activities": "N/A",
        "Net profit from business activities": 15501,
        "Profit": 2290,
        "Profit before tax": 17790,
        "Present corporate income tax expenses": 4581,
        "Deferred income taxes expenses": "N/A",
        "The interests of minority shareholders": "N/A",
        "Total Cost of profits": 4581,
        "Profit after tax corporate income": 12872,
        "Volume": 9440740,
        "Close of Quarter": 12.1,
        "EPS": 1773.8,
        "Non-adjusted EPS": 3757,
        "PE": 3.2,
        "Book Price": 9.2
      }
    },
    {
      "quarter": "Q1 2009",
      "income status": {
        "Net sales": 157833,
        "Cost of goods sold": 135032,
        "Gross Profit": 22801,
        "Financial expenses": 7192,
        "Of which: Interest expense": "N/A",
        "Cost of sales": 4611,
        "Enterprise cost management": 7360,
        "Total Operating Expenses": 19163,
        "Total revenue financing activities": 2821,
        "Net profit from business activities": 6459,
        "Profit": 468,
        "Profit before tax": 6927,
        "Present corporate income tax expenses": 1550,
        "Deferred income taxes expenses": "N/A",
        "The interests of minority shareholders": 282,
        "Total Cost of profits": 1832,
        "Profit after tax corporate income": 5095,
        "Volume": 9443200,
        "Close of Quarter": 8.1,
        "EPS": 1548.5,
        "Non-adjusted EPS": 3279,
        "PE": 2.5,
        "Book Price": 8.6
      }
    },
    {
      "quarter": "Q4 2008",
      "income status": {
        "Net sales": 135431,
        "Cost of goods sold": 108003,
        "Gross Profit": 27428,
        "Financial expenses": 4040,
        "Of which: Interest expense": "N/A",
        "Cost of sales": 6991,
        "Enterprise cost management": 5896,
        "Total Operating Expenses": 16927,
        "Total revenue financing activities": 53,
        "Net profit from business activities": 10554,
        "Profit": 824,
        "Profit before tax": 11378,
        "Present corporate income tax expenses": 3186,
        "Deferred income taxes expenses": "N/A",
        "The interests of minority shareholders": "N/A",
        "Total Cost of profits": 3186,
        "Profit after tax corporate income": 8192,
        "Volume": 9443200,
        "Close of Quarter": 6.7,
        "EPS": 1521.1,
        "Non-adjusted EPS": 3221,
        "PE": 2.1,
        "Book Price": 9.4
      }
    },
    {
      "quarter": "Q3 2008",
      "income status": {
        "Net sales": 179252,
        "Cost of goods sold": 148657,
        "Gross Profit": 30595,
        "Financial expenses": 8538,
        "Of which: Interest expense": "N/A",
        "Cost of sales": 5851,
        "Enterprise cost management": 10350,
        "Total Operating Expenses": 24739,
        "Total revenue financing activities": 319,
        "Net profit from business activities": 6175,
        "Profit": 6759,
        "Profit before tax": 12934,
        "Present corporate income tax expenses": 3621,
        "Deferred income taxes expenses": "N/A",
        "The interests of minority shareholders": "N/A",
        "Total Cost of profits": 3621,
        "Profit after tax corporate income": 9312,
        "Volume": 9443200,
        "Close of Quarter": 8.9,
        "EPS": 1384.6,
        "Non-adjusted EPS": 2932,
        "PE": 3.0,
        "Book Price": 9.0
      }
    },
    {
      "quarter": "Q2 2008",
      "income status": {
        "Net sales": 175466,
        "Cost of goods sold": 147603,
        "Gross Profit": 27862,
        "Financial expenses": 4329,
        "Of which: Interest expense": 3868,
        "Cost of sales": 8587,
        "Enterprise cost management": 4368,
        "Total Operating Expenses": 17284,
        "Total revenue financing activities": 183,
        "Net profit from business activities": 10761,
        "Profit": 854,
        "Profit before tax": 11615,
        "Present corporate income tax expenses": 3252,
        "Deferred income taxes expenses": "N/A",
        "The interests of minority shareholders": "N/A",
        "Total Cost of profits": 3252,
        "Profit after tax corporate income": 8363,
        "Volume": 9807300,
        "Close of Quarter": 7.5,
        "EPS": 918.6,
        "Non-adjusted EPS": 1873,
        "PE": 4.0,
        "Book Price": 8.6
      }
    },
    {
      "quarter": "Q1 2008",
      "income status": {
        "Net sales": 85346,
        "Cost of goods sold": 68888,
        "Gross Profit": 16458,
        "Financial expenses": 2985,
        "Of which: Interest expense": "N/A",
        "Cost of sales": 3265,
        "Enterprise cost management": 4482,
        "Total Operating Expenses": 10732,
        "Total revenue financing activities": 341,
        "Net profit from business activities": 6066,
        "Profit": 249,
        "Profit before tax": 6315,
        "Present corporate income tax expenses": 1768,
        "Deferred income taxes expenses": "N/A",
        "The interests of minority shareholders": "N/A",
        "Total Cost of profits": 1768,
        "Profit after tax corporate income": 4547,
        "Volume": 10000000,
        "Close of Quarter": 12.3,
        "EPS": 500.6,
        "Non-adjusted EPS": 1001,
        "PE": 12.2,
        "Book Price": 8.3
      }
    },
    {
      "quarter": "Q4 2007",
      "income status": {
        "Net sales": 132144,
        "Cost of goods sold": 111638,
        "Gross Profit": 20506,
        "Financial expenses": 4341,
        "Of which: Interest expense": "N/A",
        "Cost of sales": 4617,
        "Enterprise cost management": 5202,
        "Total Operating Expenses": 14160,
        "Total revenue financing activities": 247,
        "Net profit from business activities": 6593,
        "Profit": -240,
        "Profit before tax": 6353,
        "Present corporate income tax expenses": 889,
        "Deferred income taxes expenses": "N/A",
        "The interests of minority shareholders": "N/A",
        "Total Cost of profits": 889,
        "Profit after tax corporate income": 5463,
        "Volume": 10000000,
        "Close of Quarter": 25.8,
        "EPS": 273.1,
        "Non-adjusted EPS": 546,
        "PE": 47.2,
        "Book Price": 8.9
      }
    }
  ]
}