{
  "ticker": "NVC",
  "data": [
    {
      "quarter": "Q1 2014",
      "income status": {
        "Net sales": 70479,
        "Cost of goods sold": 68768,
        "Gross Profit": 1712,
        "Financial expenses": 13693,
        "Of which: Interest expense": "N/A",
        "Cost of sales": 114,
        "Enterprise cost management": 2418,
        "Total Operating Expenses": 16225,
        "Total revenue financing activities": 3,
        "Net profit from business activities": -14510,
        "Profit": 702,
        "Profit before tax": -13808,
        "Present corporate income tax expenses": "N/A",
        "Deferred income taxes expenses": "N/A",
        "The interests of minority shareholders": -697,
        "Total Cost of profits": -697,
        "Profit after tax corporate income": -13111,
        "Volume": 15000000,
        "Close of Quarter": 3.1,
        "EPS": -9498,
        "Non-adjusted EPS": -9498,
        "PE": -0.3,
        "Book Price": -12.7
      }
    },
    {
      "quarter": "Q4 2013",
      "income status": {
        "Net sales": 70153,
        "Cost of goods sold": 64680,
        "Gross Profit": 5473,
        "Financial expenses": 46973,
        "Of which: Interest expense": "N/A",
        "Cost of sales": 208,
        "Enterprise cost management": 3772,
        "Total Operating Expenses": 50953,
        "Total revenue financing activities": 2637,
        "Net profit from business activities": -42843,
        "Profit": 764,
        "Profit before tax": -42079,
        "Present corporate income tax expenses": "N/A",
        "Deferred income taxes expenses": "N/A",
        "The interests of minority shareholders": 205,
        "Total Cost of profits": 205,
        "Profit after tax corporate income": -42284,
        "Volume": 15000000,
        "Close of Quarter": 1.8,
        "EPS": -9371,
        "Non-adjusted EPS": -9371,
        "PE": -0.2,
        "Book Price": -8.2
      }
    },
    {
      "quarter": "Q3 2013",
      "income status": {
        "Net sales": 74880,
        "Cost of goods sold": 75727,
        "Gross Profit": -847,
        "Financial expenses": 17005,
        "Of which: Interest expense": "N/A",
        "Cost of sales": 243,
        "Enterprise cost management": 2671,
        "Total Operating Expenses": 19919,
        "Total revenue financing activities": 1239,
        "Net profit from business activities": -19528,
        "Profit": -1078,
        "Profit before tax": -20606,
        "Present corporate income tax expenses": "N/A",
        "Deferred income taxes expenses": "N/A",
        "The interests of minority shareholders": -1128,
        "Total Cost of profits": -1128,
        "Profit after tax corporate income": -19478,
        "Volume": 15000000,
        "Close of Quarter": 0.5,
        "EPS": -9147,
        "Non-adjusted EPS": -9147,
        "PE": -0.1,
        "Book Price": -5.5
      }
    },
    {
      "quarter": "Q2 2013",
      "income status": {
        "Net sales": 101700,
        "Cost of goods sold": 117386,
        "Gross Profit": -15686,
        "Financial expenses": 28888,
        "Of which: Interest expense": 24159,
        "Cost of sales": 234,
        "Enterprise cost management": 25325,
        "Total Operating Expenses": 54447,
        "Total revenue financing activities": 2401,
        "Net profit from business activities": -67732,
        "Profit": 129,
        "Profit before tax": -67603,
        "Present corporate income tax expenses": "N/A",
        "Deferred income taxes expenses": "N/A",
        "The interests of minority shareholders": -4,
        "Total Cost of profits": -4,
        "Profit after tax corporate income": -67599,
        "Volume": 15000000,
        "Close of Quarter": 0.8,
        "EPS": -11393,
        "Non-adjusted EPS": -11393,
        "PE": -0.1,
        "Book Price": -4
      }
    },
    {
      "quarter": "Q1 2013",
      "income status": {
        "Net sales": 76965,
        "Cost of goods sold": 73338,
        "Gross Profit": 3628,
        "Financial expenses": 11664,
        "Of which: Interest expense": 11664,
        "Cost of sales": 294,
        "Enterprise cost management": 2988,
        "Total Operating Expenses": 14946,
        "Total revenue financing activities": 27,
        "Net profit from business activities": -11291,
        "Profit": 93,
        "Profit before tax": -11198,
        "Present corporate income tax expenses": "N/A",
        "Deferred income taxes expenses": "N/A",
        "The interests of minority shareholders": "N/A",
        "Total Cost of profits": 0,
        "Profit after tax corporate income": -11198,
        "Volume": 15000000,
        "Close of Quarter": 1,
        "EPS": -7699,
        "Non-adjusted EPS": -7699,
        "PE": -0.1,
        "Book Price": 0.5
      }
    },
    {
      "quarter": "Q4 2012",
      "income status": {
        "Net sales": 172951,
        "Cost of goods sold": 177269,
        "Gross Profit": -4319,
        "Financial expenses": 31322,
        "Of which: Interest expense": "N/A",
        "Cost of sales": 466,
        "Enterprise cost management": 6500,
        "Total Operating Expenses": 38288,
        "Total revenue financing activities": 1712,
        "Net profit from business activities": -40894,
        "Profit": 1964,
        "Profit before tax": -38931,
        "Present corporate income tax expenses": "N/A",
        "Deferred income taxes expenses": "N/A",
        "The interests of minority shareholders": "N/A",
        "Total Cost of profits": 0,
        "Profit after tax corporate income": -38931,
        "Volume": 15000000,
        "Close of Quarter": 1.2,
        "EPS": -7845,
        "Non-adjusted EPS": -7845,
        "PE": -0.2,
        "Book Price": 1.3
      }
    },
    {
      "quarter": "Q2 2012",
      "income status": {
        "Net sales": 285750,
        "Cost of goods sold": 283828,
        "Gross Profit": 1922,
        "Financial expenses": 50806,
        "Of which: Interest expense": "N/A",
        "Cost of sales": 904,
        "Enterprise cost management": 4322,
        "Total Operating Expenses": 56032,
        "Total revenue financing activities": 111,
        "Net profit from business activities": -53999,
        "Profit": 335,
        "Profit before tax": -53664,
        "Present corporate income tax expenses": "N/A",
        "Deferred income taxes expenses": "N/A",
        "The interests of minority shareholders": -493,
        "Total Cost of profits": -493,
        "Profit after tax corporate income": -53171,
        "Volume": 15000000,
        "Close of Quarter": 2.4,
        "EPS": -5082,
        "Non-adjusted EPS": -5082,
        "PE": -0.5,
        "Book Price": 5
      }
    },
    {
      "quarter": "Q1 2012",
      "income status": {
        "Net sales": 354771,
        "Cost of goods sold": 351401,
        "Gross Profit": 3370,
        "Financial expenses": 13265,
        "Of which: Interest expense": 13265,
        "Cost of sales": 1788,
        "Enterprise cost management": 4345,
        "Total Operating Expenses": 19398,
        "Total revenue financing activities": 1445,
        "Net profit from business activities": -14583,
        "Profit": 2392,
        "Profit before tax": -12190,
        "Present corporate income tax expenses": "N/A",
        "Deferred income taxes expenses": "N/A",
        "The interests of minority shareholders": "N/A",
        "Total Cost of profits": 0,
        "Profit after tax corporate income": -12190,
        "Volume": 15000000,
        "Close of Quarter": 3,
        "EPS": -1405,
        "Non-adjusted EPS": -1405,
        "PE": -2.1,
        "Book Price": 9.1
      }
    },
    {
      "quarter": "Q4 2011",
      "income status": {
        "Net sales": 584898,
        "Cost of goods sold": 567897,
        "Gross Profit": 17001,
        "Financial expenses": 28390,
        "Of which: Interest expense": "N/A",
        "Cost of sales": 1044,
        "Enterprise cost management": 5182,
        "Total Operating Expenses": 34616,
        "Total revenue financing activities": 4075,
        "Net profit from business activities": -13540,
        "Profit": 164,
        "Profit before tax": -13376,
        "Present corporate income tax expenses": "N/A",
        "Deferred income taxes expenses": "N/A",
        "The interests of minority shareholders": "N/A",
        "Total Cost of profits": 0,
        "Profit after tax corporate income": -13376,
        "Volume": 15000000,
        "Close of Quarter": 2.9,
        "EPS": -71,
        "Non-adjusted EPS": -71,
        "PE": -40.9,
        "Book Price": 11.1
      }
    },
    {
      "quarter": "Q3 2011",
      "income status": {
        "Net sales": 469085,
        "Cost of goods sold": 431838,
        "Gross Profit": 37247,
        "Financial expenses": 29348,
        "Of which: Interest expense": "N/A",
        "Cost of sales": 803,
        "Enterprise cost management": 5742,
        "Total Operating Expenses": 35893,
        "Total revenue financing activities": 343,
        "Net profit from business activities": 1697,
        "Profit": 2217,
        "Profit before tax": 3914,
        "Present corporate income tax expenses": 1039,
        "Deferred income taxes expenses": 364,
        "The interests of minority shareholders": "N/A",
        "Total Cost of profits": 1403,
        "Profit after tax corporate income": 2511,
        "Volume": 15000000,
        "Close of Quarter": 4.6,
        "EPS": 1054,
        "Non-adjusted EPS": 1054,
        "PE": 4.4,
        "Book Price": 11.9
      }
    },
    {
      "quarter": "Q2 2011",
      "income status": {
        "Net sales": 507800,
        "Cost of goods sold": 464329,
        "Gross Profit": 43471,
        "Financial expenses": 34693,
        "Of which: Interest expense": 56779,
        "Cost of sales": 2882,
        "Enterprise cost management": 10111,
        "Total Operating Expenses": 47686,
        "Total revenue financing activities": 4738,
        "Net profit from business activities": 524,
        "Profit": 47,
        "Profit before tax": 571,
        "Present corporate income tax expenses": -1039,
        "Deferred income taxes expenses": -364,
        "The interests of minority shareholders": "N/A",
        "Total Cost of profits": -1403,
        "Profit after tax corporate income": 1975,
        "Volume": 15000000,
        "Close of Quarter": 4.4,
        "EPS": 1366,
        "Non-adjusted EPS": 1366,
        "PE": 3.2,
        "Book Price": 11.8
      }
    },
    {
      "quarter": "Q1 2011",
      "income status": {
        "Net sales": 573420,
        "Cost of goods sold": 527495,
        "Gross Profit": 45924,
        "Financial expenses": 32115,
        "Of which: Interest expense": "N/A",
        "Cost of sales": 921,
        "Enterprise cost management": 4381,
        "Total Operating Expenses": 37417,
        "Total revenue financing activities": 743,
        "Net profit from business activities": 9250,
        "Profit": 222,
        "Profit before tax": 9472,
        "Present corporate income tax expenses": 1641,
        "Deferred income taxes expenses": "N/A",
        "The interests of minority shareholders": "N/A",
        "Total Cost of profits": 1641,
        "Profit after tax corporate income": 7831,
        "Volume": 15000000,
        "Close of Quarter": 7.1,
        "EPS": 1433,
        "Non-adjusted EPS": 1433,
        "PE": 5.0,
        "Book Price": 11.9
      }
    },
    {
      "quarter": "Q4 2010",
      "income status": {
        "Net sales": 780843,
        "Cost of goods sold": 749472,
        "Gross Profit": 31371,
        "Financial expenses": 29971,
        "Of which: Interest expense": "N/A",
        "Cost of sales": 1469,
        "Enterprise cost management": 5052,
        "Total Operating Expenses": 36492,
        "Total revenue financing activities": 12737,
        "Net profit from business activities": 7616,
        "Profit": -4119,
        "Profit before tax": 3497,
        "Present corporate income tax expenses": "N/A",
        "Deferred income taxes expenses": "N/A",
        "The interests of minority shareholders": "N/A",
        "Total Cost of profits": 0,
        "Profit after tax corporate income": 3497,
        "Volume": 15000000,
        "Close of Quarter": 8.5,
        "EPS": 1253,
        "Non-adjusted EPS": 1253,
        "PE": 6.8,
        "Book Price": 11.2
      }
    },
    {
      "quarter": "Q3 2010",
      "income status": {
        "Net sales": 516389,
        "Cost of goods sold": 478353,
        "Gross Profit": 38037,
        "Financial expenses": 25366,
        "Of which: Interest expense": "N/A",
        "Cost of sales": 2164,
        "Enterprise cost management": 5448,
        "Total Operating Expenses": 32978,
        "Total revenue financing activities": 185,
        "Net profit from business activities": 5244,
        "Profit": 1942,
        "Profit before tax": 7186,
        "Present corporate income tax expenses": "N/A",
        "Deferred income taxes expenses": "N/A",
        "The interests of minority shareholders": "N/A",
        "Total Cost of profits": 0,
        "Profit after tax corporate income": 7186,
        "Volume": 15000000,
        "Close of Quarter": 11.1,
        "EPS": 1061,
        "Non-adjusted EPS": 1061,
        "PE": 10.5,
        "Book Price": 11.1
      }
    },
    {
      "quarter": "Q2 2010",
      "income status": {
        "Net sales": 476116,
        "Cost of goods sold": 444549,
        "Gross Profit": 31568,
        "Financial expenses": 22476,
        "Of which: Interest expense": 22476,
        "Cost of sales": 746,
        "Enterprise cost management": 8388,
        "Total Operating Expenses": 31610,
        "Total revenue financing activities": 2394,
        "Net profit from business activities": 2353,
        "Profit": 633,
        "Profit before tax": 2985,
        "Present corporate income tax expenses": "N/A",
        "Deferred income taxes expenses": "N/A",
        "The interests of minority shareholders": "N/A",
        "Total Cost of profits": 0,
        "Profit after tax corporate income": 2985,
        "Volume": 15000000,
        "Close of Quarter": 14.7,
        "EPS": 772,
        "Non-adjusted EPS": 772,
        "PE": 19.0,
        "Book Price": 10.4
      }
    },
    {
      "quarter": "Q1 2010",
      "income status": {
        "Net sales": 504059,
        "Cost of goods sold": 475044,
        "Gross Profit": 29016,
        "Financial expenses": 18625,
        "Of which: Interest expense": "N/A",
        "Cost of sales": 1084,
        "Enterprise cost management": 4501,
        "Total Operating Expenses": 24210,
        "Total revenue financing activities": 47,
        "Net profit from business activities": 4853,
        "Profit": 1986,
        "Profit before tax": 6839,
        "Present corporate income tax expenses": 1710,
        "Deferred income taxes expenses": "N/A",
        "The interests of minority shareholders": "N/A",
        "Total Cost of profits": 1710,
        "Profit after tax corporate income": 5129,
        "Volume": 15000000,
        "Close of Quarter": 15.7,
        "EPS": 1157,
        "Non-adjusted EPS": 1157,
        "PE": 13.6,
        "Book Price": 10.3
      }
    },
    {
      "quarter": "Q4 2009",
      "income status": {
        "Net sales": 568465,
        "Cost of goods sold": 535217,
        "Gross Profit": 33249,
        "Financial expenses": 23664,
        "Of which: Interest expense": "N/A",
        "Cost of sales": 2927,
        "Enterprise cost management": 4156,
        "Total Operating Expenses": 30747,
        "Total revenue financing activities": -683,
        "Net profit from business activities": 1817,
        "Profit": -1077,
        "Profit before tax": 740,
        "Present corporate income tax expenses": 130,
        "Deferred income taxes expenses": "N/A",
        "The interests of minority shareholders": "N/A",
        "Total Cost of profits": 130,
        "Profit after tax corporate income": 611,
        "Volume": 15000000,
        "Close of Quarter": 18.7,
        "EPS": 888,
        "Non-adjusted EPS": 888,
        "PE": 21.1,
        "Book Price": 10.6
      }
    },
    {
      "quarter": "Q3 2009",
      "income status": {
        "Net sales": 620446,
        "Cost of goods sold": 604073,
        "Gross Profit": 16374,
        "Financial expenses": 13242,
        "Of which: Interest expense": "N/A",
        "Cost of sales": 3034,
        "Enterprise cost management": 11240,
        "Total Operating Expenses": 27516,
        "Total revenue financing activities": 14417,
        "Net profit from business activities": 3275,
        "Profit": 177,
        "Profit before tax": 3452,
        "Present corporate income tax expenses": 604,
        "Deferred income taxes expenses": "N/A",
        "The interests of minority shareholders": "N/A",
        "Total Cost of profits": 604,
        "Profit after tax corporate income": 2848,
        "Volume": 15000000,
        "Close of Quarter": 27,
        "EPS": -2643,
        "Non-adjusted EPS": -2643,
        "PE": -10.2,
        "Book Price": 10.5
      }
    },
    {
      "quarter": "Q2 2009",
      "income status": {
        "Net sales": 581095,
        "Cost of goods sold": 589032,
        "Gross Profit": -7938,
        "Financial expenses": 23458,
        "Of which: Interest expense": "N/A",
        "Cost of sales": 1179,
        "Enterprise cost management": 1190,
        "Total Operating Expenses": 25827,
        "Total revenue financing activities": 34963,
        "Net profit from business activities": 1198,
        "Profit": 7378,
        "Profit before tax": 8576,
        "Present corporate income tax expenses": -185,
        "Deferred income taxes expenses": "N/A",
        "The interests of minority shareholders": "N/A",
        "Total Cost of profits": -185,
        "Profit after tax corporate income": 8761,
        "Volume": 15000000,
        "Close of Quarter": 26,
        "EPS": -2348,
        "Non-adjusted EPS": -2348,
        "PE": -11.1,
        "Book Price": 10.1
      }
    },
    {
      "quarter": "Q1 2009",
      "income status": {
        "Net sales": 788574,
        "Cost of goods sold": 767278,
        "Gross Profit": 21296,
        "Financial expenses": 13897,
        "Of which: Interest expense": "N/A",
        "Cost of sales": 1432,
        "Enterprise cost management": 4869,
        "Total Operating Expenses": 20198,
        "Total revenue financing activities": 38,
        "Net profit from business activities": 1135,
        "Profit": 338,
        "Profit before tax": 1473,
        "Present corporate income tax expenses": 368,
        "Deferred income taxes expenses": "N/A",
        "The interests of minority shareholders": "N/A",
        "Total Cost of profits": 368,
        "Profit after tax corporate income": 1105,
        "Volume": 15000000,
        "Close of Quarter": 32.7,
        "EPS": -1412,
        "Non-adjusted EPS": -1412,
        "PE": -23.2,
        "Book Price": 9.2
      }
    },
    {
      "quarter": "Q4 2008",
      "income status": {
        "Net sales": 565708,
        "Cost of goods sold": 628211,
        "Gross Profit": -62503,
        "Financial expenses": 8593,
        "Of which: Interest expense": "N/A",
        "Cost of sales": 6302,
        "Enterprise cost management": 5735,
        "Total Operating Expenses": 20630,
        "Total revenue financing activities": 11520,
        "Net profit from business activities": -71612,
        "Profit": -1107,
        "Profit before tax": -72720,
        "Present corporate income tax expenses": -20361,
        "Deferred income taxes expenses": "N/A",
        "The interests of minority shareholders": "N/A",
        "Total Cost of profits": -20361,
        "Profit after tax corporate income": -52358,
        "Volume": 15000000,
        "Close of Quarter": 34.9,
        "EPS": 4,
        "Non-adjusted EPS": 4,
        "PE": 8725,
        "Book Price": 11.4
      }
    },
    {
      "quarter": "Q3 2008",
      "income status": {
        "Net sales": 698432,
        "Cost of goods sold": 621561,
        "Gross Profit": 76872,
        "Financial expenses": 34951,
        "Of which: Interest expense": "N/A",
        "Cost of sales": 25280,
        "Enterprise cost management": 6922,
        "Total Operating Expenses": 67153,
        "Total revenue financing activities": 43,
        "Net profit from business activities": 9760,
        "Profit": 338,
        "Profit before tax": 10099,
        "Present corporate income tax expenses": 2828,
        "Deferred income taxes expenses": "N/A",
        "The interests of minority shareholders": "N/A",
        "Total Cost of profits": 2828,
        "Profit after tax corporate income": 7271,
        "Volume": 15000000,
        "Close of Quarter": 44.9,
        "EPS": 3494,
        "Non-adjusted EPS": 3494,
        "PE": 12.9,
        "Book Price": 15.7
      }
    },
    {
      "quarter": "Q2 2008",
      "income status": {
        "Net sales": 977484,
        "Cost of goods sold": 890513,
        "Gross Profit": 86971,
        "Financial expenses": 31014,
        "Of which: Interest expense": "N/A",
        "Cost of sales": 9032,
        "Enterprise cost management": 17342,
        "Total Operating Expenses": 57388,
        "Total revenue financing activities": 366,
        "Net profit from business activities": 29949,
        "Profit": 1724,
        "Profit before tax": 31673,
        "Present corporate income tax expenses": 8868,
        "Deferred income taxes expenses": "N/A",
        "The interests of minority shareholders": "N/A",
        "Total Cost of profits": 8868,
        "Profit after tax corporate income": 22804,
        "Volume": 16000000,
        "Close of Quarter": 27.3,
        "EPS": 3010.1,
        "Non-adjusted EPS": 2822,
        "PE": 9.7,
        "Book Price": 17.6
      }
    },
    {
      "quarter": "Q1 2008",
      "income status": {
        "Net sales": 739145,
        "Cost of goods sold": 682314,
        "Gross Profit": 56831,
        "Financial expenses": 15038,
        "Of which: Interest expense": "N/A",
        "Cost of sales": 597,
        "Enterprise cost management": 10245,
        "Total Operating Expenses": 25880,
        "Total revenue financing activities": "N/A",
        "Net profit from business activities": 30951,
        "Profit": 76,
        "Profit before tax": 31027,
        "Present corporate income tax expenses": 8688,
        "Deferred income taxes expenses": "N/A",
        "The interests of minority shareholders": "N/A",
        "Total Cost of profits": 8688,
        "Profit after tax corporate income": 22340,
        "Volume": 16000000,
        "Close of Quarter": 34.9,
        "EPS": 1489.1,
        "Non-adjusted EPS": 1396,
        "PE": 25.0,
        "Book Price": 16.6
      }
    }
  ]
}