{
  "ticker": "MTG",
  "data": [
    {
      "quarter": "Q2 2016",
      "income status": {
        "Net sales": 50413,
        "Cost of goods sold": 44378,
        "Gross Profit": 6035,
        "Financial expenses": 1447,
        "Of which: Interest expense": 1256,
        "Cost of sales": 829,
        "Enterprise cost management": 2999,
        "Total Operating Expenses": 5275,
        "Total revenue financing activities": 254,
        "Net profit from business activities": 1014,
        "Profit": 5,
        "Profit before tax": 1019,
        "Present corporate income tax expenses": "N/A",
        "Deferred income taxes expenses": "N/A",
        "The interests of minority shareholders": "N/A",
        "Total Cost of profits": 0,
        "Profit after tax corporate income": 1019,
        "Volume": 11999995,
        "Close of Quarter": 1.9,
        "EPS": -7,
        "Non-adjusted EPS": -7,
        "PE": -271.4,
        "Book Price": 9.7
      }
    },
    {
      "quarter": "Q1 2016",
      "income status": {
        "Net sales": 51965,
        "Cost of goods sold": 46703,
        "Gross Profit": 5262,
        "Financial expenses": 1358,
        "Of which: Interest expense": 1056,
        "Cost of sales": 951,
        "Enterprise cost management": 2985,
        "Total Operating Expenses": 5294,
        "Total revenue financing activities": 234,
        "Net profit from business activities": 201,
        "Profit": 265,
        "Profit before tax": 466,
        "Present corporate income tax expenses": "N/A",
        "Deferred income taxes expenses": "N/A",
        "The interests of minority shareholders": "N/A",
        "Total Cost of profits": 0,
        "Profit after tax corporate income": 466,
        "Volume": 11999995,
        "Close of Quarter": 2.3,
        "EPS": -492,
        "Non-adjusted EPS": -492,
        "PE": -4.7,
        "Book Price": 9.6
      }
    },
    {
      "quarter": "Q2 2015",
      "income status": {
        "Net sales": 77616,
        "Cost of goods sold": 71981,
        "Gross Profit": 5635,
        "Financial expenses": 2671,
        "Of which: Interest expense": 2197,
        "Cost of sales": 1354,
        "Enterprise cost management": 3055,
        "Total Operating Expenses": 7080,
        "Total revenue financing activities": 233,
        "Net profit from business activities": -1212,
        "Profit": 565,
        "Profit before tax": -647,
        "Present corporate income tax expenses": "N/A",
        "Deferred income taxes expenses": "N/A",
        "The interests of minority shareholders": "N/A",
        "Total Cost of profits": 0,
        "Profit after tax corporate income": -647,
        "Volume": 11999995,
        "Close of Quarter": 2,
        "EPS": -1261,
        "Non-adjusted EPS": -1261,
        "PE": -1.6,
        "Book Price": 9.3
      }
    },
    {
      "quarter": "Q1 2015",
      "income status": {
        "Net sales": 71210,
        "Cost of goods sold": 67586,
        "Gross Profit": 3624,
        "Financial expenses": 2023,
        "Of which: Interest expense": 1632,
        "Cost of sales": 1482,
        "Enterprise cost management": 3567,
        "Total Operating Expenses": 7072,
        "Total revenue financing activities": 232,
        "Net profit from business activities": -3216,
        "Profit": 2290,
        "Profit before tax": -926,
        "Present corporate income tax expenses": "N/A",
        "Deferred income taxes expenses": "N/A",
        "The interests of minority shareholders": "N/A",
        "Total Cost of profits": 0,
        "Profit after tax corporate income": -926,
        "Volume": 11999995,
        "Close of Quarter": 3.2,
        "EPS": -1453,
        "Non-adjusted EPS": -1453,
        "PE": -2.2,
        "Book Price": 9.4
      }
    },
    {
      "quarter": "Q4 2014",
      "income status": {
        "Net sales": 93005,
        "Cost of goods sold": 92393,
        "Gross Profit": 612,
        "Financial expenses": 1502,
        "Of which: Interest expense": 1443,
        "Cost of sales": 1683,
        "Enterprise cost management": 2552,
        "Total Operating Expenses": 5737,
        "Total revenue financing activities": 21,
        "Net profit from business activities": -5104,
        "Profit": 310,
        "Profit before tax": -4793,
        "Present corporate income tax expenses": "N/A",
        "Deferred income taxes expenses": "N/A",
        "The interests of minority shareholders": "N/A",
        "Total Cost of profits": 0,
        "Profit after tax corporate income": -4793,
        "Volume": 11999995,
        "Close of Quarter": 3.8,
        "EPS": -1871,
        "Non-adjusted EPS": -1871,
        "PE": -2.0,
        "Book Price": 10.2
      }
    },
    {
      "quarter": "Q3 2014",
      "income status": {
        "Net sales": 120664,
        "Cost of goods sold": 122605,
        "Gross Profit": -1941,
        "Financial expenses": 15947,
        "Of which: Interest expense": 2430,
        "Cost of sales": 1336,
        "Enterprise cost management": 3932,
        "Total Operating Expenses": 21215,
        "Total revenue financing activities": 14416,
        "Net profit from business activities": -8740,
        "Profit": -28,
        "Profit before tax": -8768,
        "Present corporate income tax expenses": "N/A",
        "Deferred income taxes expenses": "N/A",
        "The interests of minority shareholders": "N/A",
        "Total Cost of profits": 0,
        "Profit after tax corporate income": -8768,
        "Volume": 11999995,
        "Close of Quarter": 4.9,
        "EPS": -1083,
        "Non-adjusted EPS": -1083,
        "PE": -4.5,
        "Book Price": 11
      }
    },
    {
      "quarter": "Q2 2014",
      "income status": {
        "Net sales": 86223,
        "Cost of goods sold": 78764,
        "Gross Profit": 7460,
        "Financial expenses": 4460,
        "Of which: Interest expense": 1518,
        "Cost of sales": 1807,
        "Enterprise cost management": 4544,
        "Total Operating Expenses": 10811,
        "Total revenue financing activities": 511,
        "Net profit from business activities": -2840,
        "Profit": 223,
        "Profit before tax": -2618,
        "Present corporate income tax expenses": "N/A",
        "Deferred income taxes expenses": 326,
        "The interests of minority shareholders": "N/A",
        "Total Cost of profits": 326,
        "Profit after tax corporate income": -2944,
        "Volume": 11999995,
        "Close of Quarter": 4.6,
        "EPS": -302,
        "Non-adjusted EPS": -302,
        "PE": -15.2,
        "Book Price": 11.5
      }
    },
    {
      "quarter": "Q1 2014",
      "income status": {
        "Net sales": 147493,
        "Cost of goods sold": 147528,
        "Gross Profit": -35,
        "Financial expenses": 1939,
        "Of which: Interest expense": 1181,
        "Cost of sales": 1754,
        "Enterprise cost management": 2679,
        "Total Operating Expenses": 6372,
        "Total revenue financing activities": 525,
        "Net profit from business activities": -5882,
        "Profit": -108,
        "Profit before tax": -5990,
        "Present corporate income tax expenses": "N/A",
        "Deferred income taxes expenses": -44,
        "The interests of minority shareholders": "N/A",
        "Total Cost of profits": -44,
        "Profit after tax corporate income": -5946,
        "Volume": 11999995,
        "Close of Quarter": 7.7,
        "EPS": -71,
        "Non-adjusted EPS": -71,
        "PE": -107.8,
        "Book Price": 12.1
      }
    },
    {
      "quarter": "Q4 2013",
      "income status": {
        "Net sales": 193518,
        "Cost of goods sold": 181118,
        "Gross Profit": 12400,
        "Financial expenses": 2168,
        "Of which: Interest expense": 1403,
        "Cost of sales": 2214,
        "Enterprise cost management": 2882,
        "Total Operating Expenses": 7264,
        "Total revenue financing activities": 740,
        "Net profit from business activities": 5877,
        "Profit": 41,
        "Profit before tax": 5919,
        "Present corporate income tax expenses": 1260,
        "Deferred income taxes expenses": "N/A",
        "The interests of minority shareholders": "N/A",
        "Total Cost of profits": 1260,
        "Profit after tax corporate income": 4659,
        "Volume": 11999995,
        "Close of Quarter": 4.4,
        "EPS": 449,
        "Non-adjusted EPS": 449,
        "PE": 9.8,
        "Book Price": 12.7
      }
    },
    {
      "quarter": "Q3 2013",
      "income status": {
        "Net sales": 202819,
        "Cost of goods sold": 195584,
        "Gross Profit": 7235,
        "Financial expenses": 2417,
        "Of which: Interest expense": 1494,
        "Cost of sales": 1736,
        "Enterprise cost management": 2508,
        "Total Operating Expenses": 6661,
        "Total revenue financing activities": 490,
        "Net profit from business activities": 1064,
        "Profit": -182,
        "Profit before tax": 882,
        "Present corporate income tax expenses": 200,
        "Deferred income taxes expenses": 74,
        "The interests of minority shareholders": "N/A",
        "Total Cost of profits": 274,
        "Profit after tax corporate income": 608,
        "Volume": 11999995,
        "Close of Quarter": 3.1,
        "EPS": 150,
        "Non-adjusted EPS": 150,
        "PE": 20.4,
        "Book Price": 12.4
      }
    },
    {
      "quarter": "Q2 2013",
      "income status": {
        "Net sales": 129369,
        "Cost of goods sold": 122136,
        "Gross Profit": 7233,
        "Financial expenses": 1744,
        "Of which: Interest expense": 1597,
        "Cost of sales": 1900,
        "Enterprise cost management": 4141,
        "Total Operating Expenses": 7785,
        "Total revenue financing activities": 513,
        "Net profit from business activities": -40,
        "Profit": -244,
        "Profit before tax": -283,
        "Present corporate income tax expenses": -42,
        "Deferred income taxes expenses": -74,
        "The interests of minority shareholders": "N/A",
        "Total Cost of profits": -116,
        "Profit after tax corporate income": -167,
        "Volume": 11999995,
        "Close of Quarter": 3.7,
        "EPS": 960,
        "Non-adjusted EPS": 960,
        "PE": 3.9,
        "Book Price": 12.3
      }
    },
    {
      "quarter": "Q1 2013",
      "income status": {
        "Net sales": 138264,
        "Cost of goods sold": 131835,
        "Gross Profit": 6429,
        "Financial expenses": 2232,
        "Of which: Interest expense": 1574,
        "Cost of sales": 1697,
        "Enterprise cost management": 2504,
        "Total Operating Expenses": 6433,
        "Total revenue financing activities": 720,
        "Net profit from business activities": 717,
        "Profit": -332,
        "Profit before tax": 385,
        "Present corporate income tax expenses": 102,
        "Deferred income taxes expenses": "N/A",
        "The interests of minority shareholders": "N/A",
        "Total Cost of profits": 102,
        "Profit after tax corporate income": 283,
        "Volume": 11999995,
        "Close of Quarter": 3.5,
        "EPS": 487,
        "Non-adjusted EPS": 487,
        "PE": 7.3,
        "Book Price": 12.3
      }
    },
    {
      "quarter": "Q4 2012",
      "income status": {
        "Net sales": 167963,
        "Cost of goods sold": 160675,
        "Gross Profit": 7288,
        "Financial expenses": 3310,
        "Of which: Interest expense": 2165,
        "Cost of sales": 1700,
        "Enterprise cost management": 3188,
        "Total Operating Expenses": 8198,
        "Total revenue financing activities": 2321,
        "Net profit from business activities": 1412,
        "Profit": -341,
        "Profit before tax": 1071,
        "Present corporate income tax expenses": "N/A",
        "Deferred income taxes expenses": "N/A",
        "The interests of minority shareholders": "N/A",
        "Total Cost of profits": 0,
        "Profit after tax corporate income": 1071,
        "Volume": 11999995,
        "Close of Quarter": 3.0,
        "EPS": 423,
        "Non-adjusted EPS": 423,
        "PE": 7.0,
        "Book Price": 12.4
      }
    },
    {
      "quarter": "Q3 2012",
      "income status": {
        "Net sales": 105550,
        "Cost of goods sold": 89348,
        "Gross Profit": 16202,
        "Financial expenses": 3732,
        "Of which: Interest expense": 2811,
        "Cost of sales": 1967,
        "Enterprise cost management": 2558,
        "Total Operating Expenses": 8257,
        "Total revenue financing activities": 2512,
        "Net profit from business activities": 10456,
        "Profit": -119,
        "Profit before tax": 10338,
        "Present corporate income tax expenses": "N/A",
        "Deferred income taxes expenses": "N/A",
        "The interests of minority shareholders": "N/A",
        "Total Cost of profits": 0,
        "Profit after tax corporate income": 10338,
        "Volume": 11999995,
        "Close of Quarter": 3.1,
        "EPS": 282,
        "Non-adjusted EPS": 282,
        "PE": 10.9,
        "Book Price": 12.4
      }
    },
    {
      "quarter": "Q2 2012",
      "income status": {
        "Net sales": 44225,
        "Cost of goods sold": 45507,
        "Gross Profit": -1281,
        "Financial expenses": 3662,
        "Of which: Interest expense": 3382,
        "Cost of sales": 1897,
        "Enterprise cost management": 1872,
        "Total Operating Expenses": 7431,
        "Total revenue financing activities": 3190,
        "Net profit from business activities": -5522,
        "Profit": -190,
        "Profit before tax": -5713,
        "Present corporate income tax expenses": "N/A",
        "Deferred income taxes expenses": 141,
        "The interests of minority shareholders": "N/A",
        "Total Cost of profits": 141,
        "Profit after tax corporate income": -5854,
        "Volume": 11999995,
        "Close of Quarter": 3.6,
        "EPS": -567,
        "Non-adjusted EPS": -567,
        "PE": -6.4,
        "Book Price": 11.7
      }
    },
    {
      "quarter": "Q1 2012",
      "income status": {
        "Net sales": 51087,
        "Cost of goods sold": 47379,
        "Gross Profit": 3708,
        "Financial expenses": 4335,
        "Of which: Interest expense": 3907,
        "Cost of sales": 1706,
        "Enterprise cost management": 1846,
        "Total Operating Expenses": 7887,
        "Total revenue financing activities": 3248,
        "Net profit from business activities": -932,
        "Profit": 306,
        "Profit before tax": -626,
        "Present corporate income tax expenses": "N/A",
        "Deferred income taxes expenses": -141,
        "The interests of minority shareholders": "N/A",
        "Total Cost of profits": -141,
        "Profit after tax corporate income": -485,
        "Volume": 11999995,
        "Close of Quarter": 4.2,
        "EPS": 168,
        "Non-adjusted EPS": 168,
        "PE": 25.1,
        "Book Price": 12.2
      }
    },
    {
      "quarter": "Q4 2011",
      "income status": {
        "Net sales": 78439,
        "Cost of goods sold": 76152,
        "Gross Profit": 2287,
        "Financial expenses": 4430,
        "Of which: Interest expense": 4009,
        "Cost of sales": 1684,
        "Enterprise cost management": 2522,
        "Total Operating Expenses": 8636,
        "Total revenue financing activities": 4194,
        "Net profit from business activities": -2156,
        "Profit": 1329,
        "Profit before tax": 4788,
        "Present corporate income tax expenses": "N/A",
        "Deferred income taxes expenses": -211,
        "The interests of minority shareholders": "N/A",
        "Total Cost of profits": -211,
        "Profit after tax corporate income": -617,
        "Volume": 11999995,
        "Close of Quarter": 2.8,
        "EPS": 297,
        "Non-adjusted EPS": 297,
        "PE": 9.3,
        "Book Price": 12.3
      }
    },
    {
      "quarter": "Q3 2011",
      "income status": {
        "Net sales": 137405,
        "Cost of goods sold": 133556,
        "Gross Profit": 3849,
        "Financial expenses": 3804,
        "Of which: Interest expense": 3016,
        "Cost of sales": 1385,
        "Enterprise cost management": 3147,
        "Total Operating Expenses": 8336,
        "Total revenue financing activities": 3465,
        "Net profit from business activities": -1022,
        "Profit": 1238,
        "Profit before tax": 5636,
        "Present corporate income tax expenses": "N/A",
        "Deferred income taxes expenses": 64,
        "The interests of minority shareholders": "N/A",
        "Total Cost of profits": 64,
        "Profit after tax corporate income": 152,
        "Volume": 11999995,
        "Close of Quarter": 4.0,
        "EPS": 374,
        "Non-adjusted EPS": 374,
        "PE": 10.6,
        "Book Price": 12.7
      }
    },
    {
      "quarter": "Q2 2011",
      "income status": {
        "Net sales": 100929,
        "Cost of goods sold": 93527,
        "Gross Profit": 7401,
        "Financial expenses": 3185,
        "Of which: Interest expense": 2522,
        "Cost of sales": 1350,
        "Enterprise cost management": 3171,
        "Total Operating Expenses": 7706,
        "Total revenue financing activities": 3361,
        "Net profit from business activities": 3057,
        "Profit": 903,
        "Profit before tax": 3960,
        "Present corporate income tax expenses": "N/A",
        "Deferred income taxes expenses": 999,
        "The interests of minority shareholders": "N/A",
        "Total Cost of profits": 999,
        "Profit after tax corporate income": 2961,
        "Volume": 11999995,
        "Close of Quarter": 4.0,
        "EPS": 211,
        "Non-adjusted EPS": 211,
        "PE": 18.8,
        "Book Price": 12.7
      }
    },
    {
      "quarter": "Q1 2011",
      "income status": {
        "Net sales": 112730,
        "Cost of goods sold": 108034,
        "Gross Profit": 4696,
        "Financial expenses": 2015,
        "Of which: Interest expense": 1317,
        "Cost of sales": 1098,
        "Enterprise cost management": 2976,
        "Total Operating Expenses": 6089,
        "Total revenue financing activities": 2069,
        "Net profit from business activities": 677,
        "Profit": 784,
        "Profit before tax": 1461,
        "Present corporate income tax expenses": "N/A",
        "Deferred income taxes expenses": 393,
        "The interests of minority shareholders": "N/A",
        "Total Cost of profits": 393,
        "Profit after tax corporate income": 1067,
        "Volume": 11999995,
        "Close of Quarter": 5.8,
        "EPS": 266,
        "Non-adjusted EPS": 266,
        "PE": 21.8,
        "Book Price": 12.4
      }
    },
    {
      "quarter": "Q4 2010",
      "income status": {
        "Net sales": 76935,
        "Cost of goods sold": 70534,
        "Gross Profit": 6401,
        "Financial expenses": 3089,
        "Of which: Interest expense": 1724,
        "Cost of sales": 1295,
        "Enterprise cost management": 3501,
        "Total Operating Expenses": 7885,
        "Total revenue financing activities": 832,
        "Net profit from business activities": -652,
        "Profit": 1472,
        "Profit before tax": 820,
        "Present corporate income tax expenses": "N/A",
        "Deferred income taxes expenses": 515,
        "The interests of minority shareholders": "N/A",
        "Total Cost of profits": 515,
        "Profit after tax corporate income": 304,
        "Volume": 11999995,
        "Close of Quarter": 8.1,
        "EPS": 117,
        "Non-adjusted EPS": 117,
        "PE": 69.2,
        "Book Price": 12.4
      }
    },
    {
      "quarter": "Q3 2010",
      "income status": {
        "Net sales": 78577,
        "Cost of goods sold": 76880,
        "Gross Profit": 1697,
        "Financial expenses": 970,
        "Of which: Interest expense": 509,
        "Cost of sales": 1392,
        "Enterprise cost management": 2787,
        "Total Operating Expenses": 5149,
        "Total revenue financing activities": 518,
        "Net profit from business activities": -2934,
        "Profit": 1129,
        "Profit before tax": -1806,
        "Present corporate income tax expenses": "N/A",
        "Deferred income taxes expenses": "N/A",
        "The interests of minority shareholders": "N/A",
        "Total Cost of profits": 0,
        "Profit after tax corporate income": -1806,
        "Volume": 8000000,
        "Close of Quarter": 10.5,
        "EPS": 508,
        "Non-adjusted EPS": 762,
        "PE": 13.8,
        "Book Price": 12.3
      }
    },
    {
      "quarter": "Q2 2010",
      "income status": {
        "Net sales": 137597,
        "Cost of goods sold": 134686,
        "Gross Profit": 2910,
        "Financial expenses": 666,
        "Of which: Interest expense": "N/A",
        "Cost of sales": 992,
        "Enterprise cost management": 3007,
        "Total Operating Expenses": 4665,
        "Total revenue financing activities": 491,
        "Net profit from business activities": -1264,
        "Profit": 4886,
        "Profit before tax": 3622,
        "Present corporate income tax expenses": "N/A",
        "Deferred income taxes expenses": "N/A",
        "The interests of minority shareholders": "N/A",
        "Total Cost of profits": 0,
        "Profit after tax corporate income": 3622,
        "Volume": 8000000,
        "Close of Quarter": 15.7,
        "EPS": 1183.3,
        "Non-adjusted EPS": 1775,
        "PE": 8.8,
        "Book Price": 12.5
      }
    },
    {
      "quarter": "Q1 2010",
      "income status": {
        "Net sales": 115420,
        "Cost of goods sold": 112492,
        "Gross Profit": 2929,
        "Financial expenses": 1017,
        "Of which: Interest expense": 199,
        "Cost of sales": 855,
        "Enterprise cost management": 2352,
        "Total Operating Expenses": 4224,
        "Total revenue financing activities": 569,
        "Net profit from business activities": -726,
        "Profit": 7,
        "Profit before tax": -719,
        "Present corporate income tax expenses": "N/A",
        "Deferred income taxes expenses": "N/A",
        "The interests of minority shareholders": "N/A",
        "Total Cost of profits": 0,
        "Profit after tax corporate income": -719,
        "Volume": 8000000,
        "Close of Quarter": 6.9,
        "EPS": 1100,
        "Non-adjusted EPS": 1650,
        "PE": 4.2,
        "Book Price": 12.2
      }
    },
    {
      "quarter": "Q4 2009",
      "income status": {
        "Net sales": 98329,
        "Cost of goods sold": 90874,
        "Gross Profit": 7454,
        "Financial expenses": 290,
        "Of which: Interest expense": 44,
        "Cost of sales": 604,
        "Enterprise cost management": 1909,
        "Total Operating Expenses": 2803,
        "Total revenue financing activities": 178,
        "Net profit from business activities": 4829,
        "Profit": 169,
        "Profit before tax": 4999,
        "Present corporate income tax expenses": "N/A",
        "Deferred income taxes expenses": "N/A",
        "The interests of minority shareholders": "N/A",
        "Total Cost of profits": 0,
        "Profit after tax corporate income": 4999,
        "Volume": 8000000,
        "Close of Quarter": 7.0,
        "EPS": 986,
        "Non-adjusted EPS": 1479,
        "PE": 4.8,
        "Book Price": 12.5
      }
    },
    {
      "quarter": "Q3 2009",
      "income status": {
        "Net sales": 44723,
        "Cost of goods sold": 39489,
        "Gross Profit": 5234,
        "Financial expenses": 1221,
        "Of which: Interest expense": 211,
        "Cost of sales": 346,
        "Enterprise cost management": 1578,
        "Total Operating Expenses": 3145,
        "Total revenue financing activities": 4420,
        "Net profit from business activities": 6509,
        "Profit": -207,
        "Profit before tax": 6301,
        "Present corporate income tax expenses": "N/A",
        "Deferred income taxes expenses": "N/A",
        "The interests of minority shareholders": "N/A",
        "Total Cost of profits": 0,
        "Profit after tax corporate income": 6301,
        "Volume": 8000000,
        "Close of Quarter": 7.3,
        "EPS": -917.3,
        "Non-adjusted EPS": -1376,
        "PE": -5.3,
        "Book Price": 12.1
      }
    },
    {
      "quarter": "Q2 2009",
      "income status": {
        "Net sales": 29386,
        "Cost of goods sold": 28875,
        "Gross Profit": 511,
        "Financial expenses": -1694,
        "Of which: Interest expense": 165,
        "Cost of sales": 355,
        "Enterprise cost management": 1483,
        "Total Operating Expenses": 144,
        "Total revenue financing activities": 2252,
        "Net profit from business activities": 2618,
        "Profit": "N/A",
        "Profit before tax": 2618,
        "Present corporate income tax expenses": "N/A",
        "Deferred income taxes expenses": "N/A",
        "The interests of minority shareholders": "N/A",
        "Total Cost of profits": 0,
        "Profit after tax corporate income": 2618,
        "Volume": 8000000,
        "Close of Quarter": 5.8,
        "EPS": -1460.7,
        "Non-adjusted EPS": -2191,
        "PE": -2.6,
        "Book Price": 11.5
      }
    },
    {
      "quarter": "Q1 2009",
      "income status": {
        "Net sales": 19481,
        "Cost of goods sold": 19594,
        "Gross Profit": -113,
        "Financial expenses": 473,
        "Of which: Interest expense": 433,
        "Cost of sales": 317,
        "Enterprise cost management": 1598,
        "Total Operating Expenses": 2388,
        "Total revenue financing activities": 416,
        "Net profit from business activities": -2085,
        "Profit": "N/A",
        "Profit before tax": -2085,
        "Present corporate income tax expenses": "N/A",
        "Deferred income taxes expenses": "N/A",
        "The interests of minority shareholders": "N/A",
        "Total Cost of profits": 0,
        "Profit after tax corporate income": -2085,
        "Volume": 8000000,
        "Close of Quarter": 4.3,
        "EPS": -1651.3,
        "Non-adjusted EPS": -2477,
        "PE": -1.7,
        "Book Price": 11.3
      }
    },
    {
      "quarter": "Q4 2008",
      "income status": {
        "Net sales": 26331,
        "Cost of goods sold": 26392,
        "Gross Profit": -61,
        "Financial expenses": 17644,
        "Of which: Interest expense": 57,
        "Cost of sales": 485,
        "Enterprise cost management": 1684,
        "Total Operating Expenses": 19813,
        "Total revenue financing activities": 2038,
        "Net profit from business activities": -17837,
        "Profit": -4,
        "Profit before tax": -17841,
        "Present corporate income tax expenses": "N/A",
        "Deferred income taxes expenses": "N/A",
        "The interests of minority shareholders": "N/A",
        "Total Cost of profits": 0,
        "Profit after tax corporate income": -17841,
        "Volume": 8000000,
        "Close of Quarter": "N/A",
        "EPS": -1356.7,
        "Non-adjusted EPS": -2035,
        "PE": "N/A",
        "Book Price": 11.5
      }
    },
    {
      "quarter": "Q3 2008",
      "income status": {
        "Net sales": 32545,
        "Cost of goods sold": 32130,
        "Gross Profit": 415,
        "Financial expenses": 591,
        "Of which: Interest expense": 102,
        "Cost of sales": 277,
        "Enterprise cost management": 1456,
        "Total Operating Expenses": 2324,
        "Total revenue financing activities": 1661,
        "Net profit from business activities": -249,
        "Profit": 29,
        "Profit before tax": -220,
        "Present corporate income tax expenses": "N/A",
        "Deferred income taxes expenses": "N/A",
        "The interests of minority shareholders": "N/A",
        "Total Cost of profits": 0,
        "Profit after tax corporate income": -220,
        "Volume": 8000000,
        "Close of Quarter": "N/A",
        "EPS": 130,
        "Non-adjusted EPS": 195,
        "PE": "N/A",
        "Book Price": 12.9
      }
    },
    {
      "quarter": "Q2 2008",
      "income status": {
        "Net sales": 42272,
        "Cost of goods sold": 40790,
        "Gross Profit": 1482,
        "Financial expenses": 406,
        "Of which: Interest expense": 128,
        "Cost of sales": 795,
        "Enterprise cost management": 1395,
        "Total Operating Expenses": 2596,
        "Total revenue financing activities": 1176,
        "Net profit from business activities": 62,
        "Profit": -37,
        "Profit before tax": 25,
        "Present corporate income tax expenses": -305,
        "Deferred income taxes expenses": "N/A",
        "The interests of minority shareholders": "N/A",
        "Total Cost of profits": -305,
        "Profit after tax corporate income": 330,
        "Volume": 8000000,
        "Close of Quarter": "N/A",
        "EPS": 148.7,
        "Non-adjusted EPS": 223,
        "PE": "N/A",
        "Book Price": 12.9
      }
    },
    {
      "quarter": "Q1 2008",
      "income status": {
        "Net sales": 31881,
        "Cost of goods sold": 27125,
        "Gross Profit": 4756,
        "Financial expenses": 717,
        "Of which: Interest expense": 136,
        "Cost of sales": 327,
        "Enterprise cost management": 1732,
        "Total Operating Expenses": 2776,
        "Total revenue financing activities": 45,
        "Net profit from business activities": 2025,
        "Profit": -9,
        "Profit before tax": 2016,
        "Present corporate income tax expenses": 564,
        "Deferred income taxes expenses": "N/A",
        "The interests of minority shareholders": "N/A",
        "Total Cost of profits": 564,
        "Profit after tax corporate income": 1452,
        "Volume": 8000000,
        "Close of Quarter": "N/A",
        "EPS": 121.3,
        "Non-adjusted EPS": 182,
        "PE": "N/A",
        "Book Price": 12.9
      }
    }
  ]
}