{
  "ticker": "DRC",
  "data": [
    {
      "quarter": "Q1 2017",
      "income status": {
        "Net sales": 900264,
        "Cost of goods sold": 768153,
        "Gross Profit": 132111,
        "Financial expenses": 18153,
        "Of which: Interest expense": 10589,
        "Cost of sales": 13667,
        "Enterprise cost management": 15497,
        "Total Operating Expenses": 47317,
        "Total revenue financing activities": 3578,
        "Net profit from business activities": 88372,
        "Profit": 10,
        "Profit before tax": 88382,
        "Present corporate income tax expenses": 17762,
        "Deferred income taxes expenses": "N/A",
        "The interests of minority shareholders": "N/A",
        "Total Cost of profits": 17762,
        "Profit after tax corporate income": 70619,
        "Volume": 118792605,
        "Close of Quarter": 30.1,
        "EPS": 3176,
        "Non-adjusted EPS": 3176,
        "PE": 9.5,
        "Book Price": 13.9
      }
    },
    {
      "quarter": "Q4 2016",
      "income status": {
        "Net sales": 930144,
        "Cost of goods sold": 737831,
        "Gross Profit": 192313,
        "Financial expenses": 24003,
        "Of which: Interest expense": 10393,
        "Cost of sales": 28773,
        "Enterprise cost management": 14118,
        "Total Operating Expenses": 66894,
        "Total revenue financing activities": 2275,
        "Net profit from business activities": 127694,
        "Profit": 13933,
        "Profit before tax": 141626,
        "Present corporate income tax expenses": 28373,
        "Deferred income taxes expenses": "N/A",
        "The interests of minority shareholders": "N/A",
        "Total Cost of profits": 28373,
        "Profit after tax corporate income": 113254,
        "Volume": 118792605,
        "Close of Quarter": 30.8,
        "EPS": 3326,
        "Non-adjusted EPS": 3326,
        "PE": 9.3,
        "Book Price": 13.3
      }
    },
    {
      "quarter": "Q3 2016",
      "income status": {
        "Net sales": 794866,
        "Cost of goods sold": 644146,
        "Gross Profit": 150720,
        "Financial expenses": 17748,
        "Of which: Interest expense": 10482,
        "Cost of sales": 14260,
        "Enterprise cost management": 17052,
        "Total Operating Expenses": 49060,
        "Total revenue financing activities": 1838,
        "Net profit from business activities": 103498,
        "Profit": 491,
        "Profit before tax": 103989,
        "Present corporate income tax expenses": 20772,
        "Deferred income taxes expenses": "N/A",
        "The interests of minority shareholders": "N/A",
        "Total Cost of profits": 20772,
        "Profit after tax corporate income": 83218,
        "Volume": 118792605,
        "Close of Quarter": 38.6,
        "EPS": 3435,
        "Non-adjusted EPS": 3435,
        "PE": 11.2,
        "Book Price": 13.9
      }
    },
    {
      "quarter": "Q2 2016",
      "income status": {
        "Net sales": 887656,
        "Cost of goods sold": 685632,
        "Gross Profit": 202024,
        "Financial expenses": 19440,
        "Of which: Interest expense": 11362,
        "Cost of sales": 26776,
        "Enterprise cost management": 24709,
        "Total Operating Expenses": 70925,
        "Total revenue financing activities": 5109,
        "Net profit from business activities": 136208,
        "Profit": 1633,
        "Profit before tax": 137842,
        "Present corporate income tax expenses": 27604,
        "Deferred income taxes expenses": "N/A",
        "The interests of minority shareholders": "N/A",
        "Total Cost of profits": 27604,
        "Profit after tax corporate income": 110238,
        "Volume": 91380003,
        "Close of Quarter": 36.2,
        "EPS": 3448.5,
        "Non-adjusted EPS": 4483,
        "PE": 8.1,
        "Book Price": 13.2
      }
    },
    {
      "quarter": "Q1 2016",
      "income status": {
        "Net sales": 745933,
        "Cost of goods sold": 592601,
        "Gross Profit": 153332,
        "Financial expenses": 18888,
        "Of which: Interest expense": 10394,
        "Cost of sales": 15143,
        "Enterprise cost management": 17406,
        "Total Operating Expenses": 51437,
        "Total revenue financing activities": 6950,
        "Net profit from business activities": 108845,
        "Profit": 1600,
        "Profit before tax": 110445,
        "Present corporate income tax expenses": 22106,
        "Deferred income taxes expenses": "N/A",
        "The interests of minority shareholders": "N/A",
        "Total Cost of profits": 22106,
        "Profit after tax corporate income": 88339,
        "Volume": 91380003,
        "Close of Quarter": 29.6,
        "EPS": 3499.3,
        "Non-adjusted EPS": 4549,
        "PE": 6.5,
        "Book Price": 14.9
      }
    },
    {
      "quarter": "Q4 2015",
      "income status": {
        "Net sales": 854978,
        "Cost of goods sold": 638988,
        "Gross Profit": 215990,
        "Financial expenses": 19723,
        "Of which: Interest expense": 12882,
        "Cost of sales": 19957,
        "Enterprise cost management": 19248,
        "Total Operating Expenses": 58928,
        "Total revenue financing activities": 3127,
        "Net profit from business activities": 160189,
        "Profit": 1595,
        "Profit before tax": 161784,
        "Present corporate income tax expenses": 35583,
        "Deferred income taxes expenses": "N/A",
        "The interests of minority shareholders": "N/A",
        "Total Cost of profits": 35583,
        "Profit after tax corporate income": 126201,
        "Volume": 91380003,
        "Close of Quarter": 29.0,
        "EPS": 3492.4,
        "Non-adjusted EPS": 4540,
        "PE": 6.4,
        "Book Price": 14.1
      }
    },
    {
      "quarter": "Q3 2015",
      "income status": {
        "Net sales": 785766,
        "Cost of goods sold": 610789,
        "Gross Profit": 174977,
        "Financial expenses": 44325,
        "Of which: Interest expense": 12766,
        "Cost of sales": 11180,
        "Enterprise cost management": 14970,
        "Total Operating Expenses": 70475,
        "Total revenue financing activities": 2565,
        "Net profit from business activities": 107068,
        "Profit": 1740,
        "Profit before tax": 108809,
        "Present corporate income tax expenses": 23940,
        "Deferred income taxes expenses": "N/A",
        "The interests of minority shareholders": "N/A",
        "Total Cost of profits": 23940,
        "Profit after tax corporate income": 84869,
        "Volume": 91380003,
        "Close of Quarter": 30.8,
        "EPS": 3293.1,
        "Non-adjusted EPS": 4281,
        "PE": 7.2,
        "Book Price": 13
      }
    },
    {
      "quarter": "Q2 2015",
      "income status": {
        "Net sales": 910666,
        "Cost of goods sold": 674359,
        "Gross Profit": 236307,
        "Financial expenses": 28035,
        "Of which: Interest expense": 14622,
        "Cost of sales": 29149,
        "Enterprise cost management": 35697,
        "Total Operating Expenses": 92881,
        "Total revenue financing activities": 3552,
        "Net profit from business activities": 146978,
        "Profit": 2164,
        "Profit before tax": 149142,
        "Present corporate income tax expenses": 32892,
        "Deferred income taxes expenses": "N/A",
        "The interests of minority shareholders": "N/A",
        "Total Cost of profits": 32892,
        "Profit after tax corporate income": 116250,
        "Volume": 83073849,
        "Close of Quarter": 35.3,
        "EPS": 3122.5,
        "Non-adjusted EPS": 4465,
        "PE": 7.9,
        "Book Price": 12.3
      }
    },
    {
      "quarter": "Q1 2015",
      "income status": {
        "Net sales": 766278,
        "Cost of goods sold": 594133,
        "Gross Profit": 172145,
        "Financial expenses": 31702,
        "Of which: Interest expense": 14467,
        "Cost of sales": 15496,
        "Enterprise cost management": 14857,
        "Total Operating Expenses": 62055,
        "Total revenue financing activities": 1081,
        "Net profit from business activities": 111170,
        "Profit": 1142,
        "Profit before tax": 112312,
        "Present corporate income tax expenses": 24735,
        "Deferred income taxes expenses": "N/A",
        "The interests of minority shareholders": "N/A",
        "Total Cost of profits": 24735,
        "Profit after tax corporate income": 87577,
        "Volume": 83073849,
        "Close of Quarter": 34.9,
        "EPS": 2978.4,
        "Non-adjusted EPS": 4259,
        "PE": 8.2,
        "Book Price": 13.6
      }
    },
    {
      "quarter": "Q4 2014",
      "income status": {
        "Net sales": 914169,
        "Cost of goods sold": 645500,
        "Gross Profit": 268669,
        "Financial expenses": 36579,
        "Of which: Interest expense": 18315,
        "Cost of sales": 91493,
        "Enterprise cost management": 15463,
        "Total Operating Expenses": 143535,
        "Total revenue financing activities": 1840,
        "Net profit from business activities": 126974,
        "Profit": 5427,
        "Profit before tax": 132401,
        "Present corporate income tax expenses": 29905,
        "Deferred income taxes expenses": "N/A",
        "The interests of minority shareholders": "N/A",
        "Total Cost of profits": 29905,
        "Profit after tax corporate income": 102496,
        "Volume": 83073849,
        "Close of Quarter": 32.3,
        "EPS": 2963.7,
        "Non-adjusted EPS": 4238,
        "PE": 7.6,
        "Book Price": 12.9
      }
    },
    {
      "quarter": "Q3 2014",
      "income status": {
        "Net sales": 791567,
        "Cost of goods sold": 632159,
        "Gross Profit": 159408,
        "Financial expenses": 29792,
        "Of which: Interest expense": 19161,
        "Cost of sales": 28462,
        "Enterprise cost management": 24581,
        "Total Operating Expenses": 82835,
        "Total revenue financing activities": 5151,
        "Net profit from business activities": 81725,
        "Profit": 1067,
        "Profit before tax": 82792,
        "Present corporate income tax expenses": 18223,
        "Deferred income taxes expenses": "N/A",
        "The interests of minority shareholders": "N/A",
        "Total Cost of profits": 18223,
        "Profit after tax corporate income": 64569,
        "Volume": 83073849,
        "Close of Quarter": 35.1,
        "EPS": 2909.2,
        "Non-adjusted EPS": 4160,
        "PE": 8.5,
        "Book Price": 12.0
      }
    },
    {
      "quarter": "Q2 2014",
      "income status": {
        "Net sales": 867637,
        "Cost of goods sold": 665398,
        "Gross Profit": 202239,
        "Financial expenses": 42847,
        "Of which: Interest expense": 24770,
        "Cost of sales": 23906,
        "Enterprise cost management": 13778,
        "Total Operating Expenses": 80531,
        "Total revenue financing activities": 2324,
        "Net profit from business activities": 124033,
        "Profit": 3137,
        "Profit before tax": 127170,
        "Present corporate income tax expenses": 27960,
        "Deferred income taxes expenses": "N/A",
        "The interests of minority shareholders": "N/A",
        "Total Cost of profits": 27960,
        "Profit after tax corporate income": 99210,
        "Volume": 83073849,
        "Close of Quarter": 29.1,
        "EPS": 3127.4,
        "Non-adjusted EPS": 4472,
        "PE": 6.5,
        "Book Price": 11.5
      }
    },
    {
      "quarter": "Q1 2014",
      "income status": {
        "Net sales": 677994,
        "Cost of goods sold": 504392,
        "Gross Profit": 173602,
        "Financial expenses": 33587,
        "Of which: Interest expense": 22368,
        "Cost of sales": 17511,
        "Enterprise cost management": 14264,
        "Total Operating Expenses": 65362,
        "Total revenue financing activities": 712,
        "Net profit from business activities": 108952,
        "Profit": 1008,
        "Profit before tax": 109960,
        "Present corporate income tax expenses": 24209,
        "Deferred income taxes expenses": "N/A",
        "The interests of minority shareholders": "N/A",
        "Total Cost of profits": 24209,
        "Profit after tax corporate income": 85751,
        "Volume": 83073849,
        "Close of Quarter": 24.9,
        "EPS": 3223.2,
        "Non-adjusted EPS": 4609,
        "PE": 5.4,
        "Book Price": 12.3
      }
    },
    {
      "quarter": "Q4 2013",
      "income status": {
        "Net sales": 790827,
        "Cost of goods sold": 584969,
        "Gross Profit": 205858,
        "Financial expenses": 38435,
        "Of which: Interest expense": 25620,
        "Cost of sales": 27405,
        "Enterprise cost management": 13876,
        "Total Operating Expenses": 79716,
        "Total revenue financing activities": 764,
        "Net profit from business activities": 126907,
        "Profit": 1183,
        "Profit before tax": 128090,
        "Present corporate income tax expenses": 32041,
        "Deferred income taxes expenses": "N/A",
        "The interests of minority shareholders": "N/A",
        "Total Cost of profits": 32041,
        "Profit after tax corporate income": 96049,
        "Volume": 83073849,
        "Close of Quarter": 21.5,
        "EPS": 3159.5,
        "Non-adjusted EPS": 4518,
        "PE": 4.8,
        "Book Price": 11.6
      }
    },
    {
      "quarter": "Q3 2013",
      "income status": {
        "Net sales": 629784,
        "Cost of goods sold": 461556,
        "Gross Profit": 168227,
        "Financial expenses": 21650,
        "Of which: Interest expense": 1134,
        "Cost of sales": 18177,
        "Enterprise cost management": 14242,
        "Total Operating Expenses": 54069,
        "Total revenue financing activities": 5806,
        "Net profit from business activities": 119964,
        "Profit": 676,
        "Profit before tax": 120640,
        "Present corporate income tax expenses": 30182,
        "Deferred income taxes expenses": "N/A",
        "The interests of minority shareholders": "N/A",
        "Total Cost of profits": 30182,
        "Profit after tax corporate income": 90458,
        "Volume": 83073849,
        "Close of Quarter": 22.5,
        "EPS": 3149.0,
        "Non-adjusted EPS": 4503,
        "PE": 5,
        "Book Price": 10.8
      }
    },
    {
      "quarter": "Q2 2013",
      "income status": {
        "Net sales": 770318,
        "Cost of goods sold": 573862,
        "Gross Profit": 196455,
        "Financial expenses": 13470,
        "Of which: Interest expense": 1232,
        "Cost of sales": 16757,
        "Enterprise cost management": 23055,
        "Total Operating Expenses": 53282,
        "Total revenue financing activities": 3523,
        "Net profit from business activities": 146696,
        "Profit": 883,
        "Profit before tax": 147578,
        "Present corporate income tax expenses": 36926,
        "Deferred income taxes expenses": "N/A",
        "The interests of minority shareholders": "N/A",
        "Total Cost of profits": 36926,
        "Profit after tax corporate income": 110652,
        "Volume": 83073849,
        "Close of Quarter": 20.9,
        "EPS": 3009.2,
        "Non-adjusted EPS": 4303,
        "PE": 4.9,
        "Book Price": 10.1
      }
    },
    {
      "quarter": "Q1 2013",
      "income status": {
        "Net sales": 608021,
        "Cost of goods sold": 461854,
        "Gross Profit": 146168,
        "Financial expenses": 11672,
        "Of which: Interest expense": 1024,
        "Cost of sales": 12061,
        "Enterprise cost management": 19304,
        "Total Operating Expenses": 43037,
        "Total revenue financing activities": 866,
        "Net profit from business activities": 103996,
        "Profit": 248,
        "Profit before tax": 104244,
        "Present corporate income tax expenses": 26075,
        "Deferred income taxes expenses": "N/A",
        "The interests of minority shareholders": "N/A",
        "Total Cost of profits": 26075,
        "Profit after tax corporate income": 78169,
        "Volume": 69228945,
        "Close of Quarter": 17.2,
        "EPS": 2804.3,
        "Non-adjusted EPS": 4812,
        "PE": 3.6,
        "Book Price": 10.3
      }
    },
    {
      "quarter": "Q4 2012",
      "income status": {
        "Net sales": 659237,
        "Cost of goods sold": 469347,
        "Gross Profit": 189889,
        "Financial expenses": 16833,
        "Of which: Interest expense": 1372,
        "Cost of sales": 16096,
        "Enterprise cost management": 33155,
        "Total Operating Expenses": 66084,
        "Total revenue financing activities": 493,
        "Net profit from business activities": 124298,
        "Profit": 2148,
        "Profit before tax": 126446,
        "Present corporate income tax expenses": 31667,
        "Deferred income taxes expenses": "N/A",
        "The interests of minority shareholders": "N/A",
        "Total Cost of profits": 31667,
        "Profit after tax corporate income": 94779,
        "Volume": 69228945,
        "Close of Quarter": 11.2,
        "EPS": 2631.8,
        "Non-adjusted EPS": 4516,
        "PE": 2.5,
        "Book Price": 9.9
      }
    },
    {
      "quarter": "Q3 2012",
      "income status": {
        "Net sales": 651421,
        "Cost of goods sold": 516348,
        "Gross Profit": 135073,
        "Financial expenses": 8912,
        "Of which: Interest expense": 644,
        "Cost of sales": 15748,
        "Enterprise cost management": 13504,
        "Total Operating Expenses": 38164,
        "Total revenue financing activities": 748,
        "Net profit from business activities": 97656,
        "Profit": 822,
        "Profit before tax": 98478,
        "Present corporate income tax expenses": 24642,
        "Deferred income taxes expenses": "N/A",
        "The interests of minority shareholders": "N/A",
        "Total Cost of profits": 24642,
        "Profit after tax corporate income": 73837,
        "Volume": 69228945,
        "Close of Quarter": 10.8,
        "EPS": 2330.5,
        "Non-adjusted EPS": 3999,
        "PE": 2.7,
        "Book Price": 9.1
      }
    },
    {
      "quarter": "Q2 2012",
      "income status": {
        "Net sales": 775719,
        "Cost of goods sold": 618093,
        "Gross Profit": 157626,
        "Financial expenses": 7973,
        "Of which: Interest expense": 1179,
        "Cost of sales": 15378,
        "Enterprise cost management": 21250,
        "Total Operating Expenses": 44601,
        "Total revenue financing activities": 942,
        "Net profit from business activities": 113966,
        "Profit": 1157,
        "Profit before tax": 115124,
        "Present corporate income tax expenses": 28804,
        "Deferred income taxes expenses": "N/A",
        "The interests of minority shareholders": "N/A",
        "Total Cost of profits": 28804,
        "Profit after tax corporate income": 86320,
        "Volume": 69228945,
        "Close of Quarter": 11.4,
        "EPS": 2032.7,
        "Non-adjusted EPS": 3488,
        "PE": 3.3,
        "Book Price": 8.5
      }
    },
    {
      "quarter": "Q1 2012",
      "income status": {
        "Net sales": 698558,
        "Cost of goods sold": 587132,
        "Gross Profit": 111426,
        "Financial expenses": 11058,
        "Of which: Interest expense": 5597,
        "Cost of sales": 12571,
        "Enterprise cost management": 14062,
        "Total Operating Expenses": 37691,
        "Total revenue financing activities": 2005,
        "Net profit from business activities": 75740,
        "Profit": 1258,
        "Profit before tax": 76997,
        "Present corporate income tax expenses": 19293,
        "Deferred income taxes expenses": "N/A",
        "The interests of minority shareholders": "N/A",
        "Total Cost of profits": 19293,
        "Profit after tax corporate income": 57705,
        "Volume": 46153865,
        "Close of Quarter": 8,
        "EPS": 1806.6,
        "Non-adjusted EPS": 4650,
        "PE": 1.7,
        "Book Price": 7.7
      }
    },
    {
      "quarter": "Q4 2011",
      "income status": {
        "Net sales": 678633,
        "Cost of goods sold": 556072,
        "Gross Profit": 122561,
        "Financial expenses": 20524,
        "Of which: Interest expense": 5297,
        "Cost of sales": 14594,
        "Enterprise cost management": 11992,
        "Total Operating Expenses": 47110,
        "Total revenue financing activities": 1066,
        "Net profit from business activities": 76516,
        "Profit": 2224,
        "Profit before tax": 78740,
        "Present corporate income tax expenses": 19729,
        "Deferred income taxes expenses": "N/A",
        "The interests of minority shareholders": "N/A",
        "Total Cost of profits": 19729,
        "Profit after tax corporate income": 59012,
        "Volume": 46153865,
        "Close of Quarter": 5.0,
        "EPS": 1663.3,
        "Non-adjusted EPS": 4281,
        "PE": 1.2,
        "Book Price": 7.4
      }
    },
    {
      "quarter": "Q3 2011",
      "income status": {
        "Net sales": 680122,
        "Cost of goods sold": 597293,
        "Gross Profit": 82828,
        "Financial expenses": 10658,
        "Of which: Interest expense": 2638,
        "Cost of sales": 12232,
        "Enterprise cost management": 10930,
        "Total Operating Expenses": 33820,
        "Total revenue financing activities": 1340,
        "Net profit from business activities": 50349,
        "Profit": 855,
        "Profit before tax": 51203,
        "Present corporate income tax expenses": 12802,
        "Deferred income taxes expenses": "N/A",
        "The interests of minority shareholders": "N/A",
        "Total Cost of profits": 12802,
        "Profit after tax corporate income": 38401,
        "Volume": 46153865,
        "Close of Quarter": 5.9,
        "EPS": 1664.1,
        "Non-adjusted EPS": 4283,
        "PE": 1.4,
        "Book Price": 6.9
      }
    },
    {
      "quarter": "Q2 2011",
      "income status": {
        "Net sales": 712987,
        "Cost of goods sold": 591034,
        "Gross Profit": 121953,
        "Financial expenses": 18307,
        "Of which: Interest expense": 3842,
        "Cost of sales": 13219,
        "Enterprise cost management": 16221,
        "Total Operating Expenses": 47747,
        "Total revenue financing activities": 3678,
        "Net profit from business activities": 77884,
        "Profit": 1449,
        "Profit before tax": 79333,
        "Present corporate income tax expenses": 19855,
        "Deferred income taxes expenses": "N/A",
        "The interests of minority shareholders": "N/A",
        "Total Cost of profits": 19855,
        "Profit after tax corporate income": 59478,
        "Volume": 30769248,
        "Close of Quarter": 6.3,
        "EPS": 1660.3,
        "Non-adjusted EPS": 6410,
        "PE": 1.0,
        "Book Price": 6.6
      }
    },
    {
      "quarter": "Q1 2011",
      "income status": {
        "Net sales": 574608,
        "Cost of goods sold": 486060,
        "Gross Profit": 88548,
        "Financial expenses": 15843,
        "Of which: Interest expense": 4028,
        "Cost of sales": 10831,
        "Enterprise cost management": 10513,
        "Total Operating Expenses": 37187,
        "Total revenue financing activities": 1598,
        "Net profit from business activities": 52959,
        "Profit": 1290,
        "Profit before tax": 54249,
        "Present corporate income tax expenses": 13576,
        "Deferred income taxes expenses": "N/A",
        "The interests of minority shareholders": "N/A",
        "Total Cost of profits": 13576,
        "Profit after tax corporate income": 40673,
        "Volume": 30769248,
        "Close of Quarter": 6.0,
        "EPS": 1567.6,
        "Non-adjusted EPS": 6052,
        "PE": 1.0,
        "Book Price": 6.3
      }
    },
    {
      "quarter": "Q4 2010",
      "income status": {
        "Net sales": 648253,
        "Cost of goods sold": 534079,
        "Gross Profit": 114175,
        "Financial expenses": 11279,
        "Of which: Interest expense": 3184,
        "Cost of sales": 15398,
        "Enterprise cost management": 12116,
        "Total Operating Expenses": 38793,
        "Total revenue financing activities": 2224,
        "Net profit from business activities": 77606,
        "Profit": 1236,
        "Profit before tax": 78842,
        "Present corporate income tax expenses": 19724,
        "Deferred income taxes expenses": "N/A",
        "The interests of minority shareholders": "N/A",
        "Total Cost of profits": 19724,
        "Profit after tax corporate income": 59118,
        "Volume": 30769248,
        "Close of Quarter": 7.5,
        "EPS": 1644.8,
        "Non-adjusted EPS": 6350,
        "PE": 1.2,
        "Book Price": 6.2
      }
    },
    {
      "quarter": "Q3 2010",
      "income status": {
        "Net sales": 542139,
        "Cost of goods sold": 464863,
        "Gross Profit": 77277,
        "Financial expenses": 8180,
        "Of which: Interest expense": 1166,
        "Cost of sales": 11900,
        "Enterprise cost management": 8952,
        "Total Operating Expenses": 29032,
        "Total revenue financing activities": 1729,
        "Net profit from business activities": 49974,
        "Profit": 781,
        "Profit before tax": 50756,
        "Present corporate income tax expenses": 12782,
        "Deferred income taxes expenses": "N/A",
        "The interests of minority shareholders": "N/A",
        "Total Cost of profits": 12782,
        "Profit after tax corporate income": 37974,
        "Volume": 30769248,
        "Close of Quarter": 7.6,
        "EPS": 1929.7,
        "Non-adjusted EPS": 7450,
        "PE": 1.0,
        "Book Price": 5.6
      }
    },
    {
      "quarter": "Q2 2010",
      "income status": {
        "Net sales": 542389,
        "Cost of goods sold": 449725,
        "Gross Profit": 92664,
        "Financial expenses": 10260,
        "Of which: Interest expense": 1999,
        "Cost of sales": 9348,
        "Enterprise cost management": 10925,
        "Total Operating Expenses": 30533,
        "Total revenue financing activities": 2075,
        "Net profit from business activities": 64206,
        "Profit": 449,
        "Profit before tax": 64655,
        "Present corporate income tax expenses": 16192,
        "Deferred income taxes expenses": "N/A",
        "The interests of minority shareholders": "N/A",
        "Total Cost of profits": 16192,
        "Profit after tax corporate income": 48464,
        "Volume": 15384624,
        "Close of Quarter": 9.7,
        "EPS": 2641.5,
        "Non-adjusted EPS": 20396,
        "PE": 0.5,
        "Book Price": 5.3
      }
    },
    {
      "quarter": "Q1 2010",
      "income status": {
        "Net sales": 427357,
        "Cost of goods sold": 335690,
        "Gross Profit": 91667,
        "Financial expenses": 12635,
        "Of which: Interest expense": 2640,
        "Cost of sales": 6682,
        "Enterprise cost management": 8077,
        "Total Operating Expenses": 27394,
        "Total revenue financing activities": 1334,
        "Net profit from business activities": 65607,
        "Profit": 844,
        "Profit before tax": 66451,
        "Present corporate income tax expenses": 16613,
        "Deferred income taxes expenses": "N/A",
        "The interests of minority shareholders": "N/A",
        "Total Cost of profits": 16613,
        "Profit after tax corporate income": 49838,
        "Volume": 15384624,
        "Close of Quarter": 11.1,
        "EPS": 3444.8,
        "Non-adjusted EPS": 26599,
        "PE": 0.4,
        "Book Price": 5.1
      }
    },
    {
      "quarter": "Q4 2009",
      "income status": {
        "Net sales": 481406,
        "Cost of goods sold": 354425,
        "Gross Profit": 126981,
        "Financial expenses": 14700,
        "Of which: Interest expense": 2055,
        "Cost of sales": 12721,
        "Enterprise cost management": 10770,
        "Total Operating Expenses": 38191,
        "Total revenue financing activities": 4400,
        "Net profit from business activities": 93190,
        "Profit": 1020,
        "Profit before tax": 94210,
        "Present corporate income tax expenses": 1250,
        "Deferred income taxes expenses": "N/A",
        "The interests of minority shareholders": "N/A",
        "Total Cost of profits": 1250,
        "Profit after tax corporate income": 92960,
        "Volume": 15384624,
        "Close of Quarter": 11.4,
        "EPS": 3285.4,
        "Non-adjusted EPS": 25368,
        "PE": 0.5,
        "Book Price": 4.7
      }
    },
    {
      "quarter": "Q3 2009",
      "income status": {
        "Net sales": 460016,
        "Cost of goods sold": 308454,
        "Gross Profit": 151562,
        "Financial expenses": 10617,
        "Of which: Interest expense": "N/A",
        "Cost of sales": 12683,
        "Enterprise cost management": 8701,
        "Total Operating Expenses": 32001,
        "Total revenue financing activities": 2525,
        "Net profit from business activities": 122086,
        "Profit": 435,
        "Profit before tax": 122521,
        "Present corporate income tax expenses": "N/A",
        "Deferred income taxes expenses": "N/A",
        "The interests of minority shareholders": "N/A",
        "Total Cost of profits": 0,
        "Profit after tax corporate income": 122521,
        "Volume": 15384624,
        "Close of Quarter": 15.9,
        "EPS": 2519.1,
        "Non-adjusted EPS": 19451,
        "PE": 0.8,
        "Book Price": 4.1
      }
    },
    {
      "quarter": "Q2 2009",
      "income status": {
        "Net sales": 510690,
        "Cost of goods sold": 338543,
        "Gross Profit": 172147,
        "Financial expenses": 15587,
        "Of which: Interest expense": 2745,
        "Cost of sales": 10708,
        "Enterprise cost management": 4749,
        "Total Operating Expenses": 31044,
        "Total revenue financing activities": 1946,
        "Net profit from business activities": 143049,
        "Profit": 841,
        "Profit before tax": 143890,
        "Present corporate income tax expenses": "N/A",
        "Deferred income taxes expenses": "N/A",
        "The interests of minority shareholders": "N/A",
        "Total Cost of profits": 0,
        "Profit after tax corporate income": 143890,
        "Volume": 15384624,
        "Close of Quarter": 7.5,
        "EPS": 1553.3,
        "Non-adjusted EPS": 11994,
        "PE": 0.6,
        "Book Price": 3.0
      }
    },
    {
      "quarter": "Q1 2009",
      "income status": {
        "Net sales": 357304,
        "Cost of goods sold": 287981,
        "Gross Profit": 69323,
        "Financial expenses": 14158,
        "Of which: Interest expense": 6879,
        "Cost of sales": 9678,
        "Enterprise cost management": 15896,
        "Total Operating Expenses": 39732,
        "Total revenue financing activities": 911,
        "Net profit from business activities": 30502,
        "Profit": 405,
        "Profit before tax": 30907,
        "Present corporate income tax expenses": "N/A",
        "Deferred income taxes expenses": "N/A",
        "The interests of minority shareholders": "N/A",
        "Total Cost of profits": 0,
        "Profit after tax corporate income": 30907,
        "Volume": 15384624,
        "Close of Quarter": 2.0,
        "EPS": 465.6,
        "Non-adjusted EPS": 3595,
        "PE": 0.6,
        "Book Price": 1.8
      }
    },
    {
      "quarter": "Q4 2008",
      "income status": {
        "Net sales": 259153,
        "Cost of goods sold": 230496,
        "Gross Profit": 28657,
        "Financial expenses": 20044,
        "Of which: Interest expense": 13548,
        "Cost of sales": 8043,
        "Enterprise cost management": 4944,
        "Total Operating Expenses": 33031,
        "Total revenue financing activities": 4939,
        "Net profit from business activities": 566,
        "Profit": 1359,
        "Profit before tax": 1924,
        "Present corporate income tax expenses": "N/A",
        "Deferred income taxes expenses": "N/A",
        "The interests of minority shareholders": "N/A",
        "Total Cost of profits": 0,
        "Profit after tax corporate income": 1924,
        "Volume": 15384624,
        "Close of Quarter": 1.4,
        "EPS": 391.2,
        "Non-adjusted EPS": 3021,
        "PE": 0.5,
        "Book Price": 1.8
      }
    },
    {
      "quarter": "Q3 2008",
      "income status": {
        "Net sales": 285161,
        "Cost of goods sold": 242356,
        "Gross Profit": 42805,
        "Financial expenses": 25274,
        "Of which: Interest expense": 14923,
        "Cost of sales": 9358,
        "Enterprise cost management": 5048,
        "Total Operating Expenses": 39680,
        "Total revenue financing activities": 3545,
        "Net profit from business activities": 6671,
        "Profit": 1134,
        "Profit before tax": 7805,
        "Present corporate income tax expenses": "N/A",
        "Deferred income taxes expenses": "N/A",
        "The interests of minority shareholders": "N/A",
        "Total Cost of profits": 0,
        "Profit after tax corporate income": 7805,
        "Volume": 15384624,
        "Close of Quarter": 3.0,
        "EPS": 528.3,
        "Non-adjusted EPS": 4079,
        "PE": 0.7,
        "Book Price": 1.8
      }
    },
    {
      "quarter": "Q2 2008",
      "income status": {
        "Net sales": 388670,
        "Cost of goods sold": 347277,
        "Gross Profit": 41392,
        "Financial expenses": 12980,
        "Of which: Interest expense": "N/A",
        "Cost of sales": 9680,
        "Enterprise cost management": 5146,
        "Total Operating Expenses": 27806,
        "Total revenue financing activities": 549,
        "Net profit from business activities": 14134,
        "Profit": 542,
        "Profit before tax": 14677,
        "Present corporate income tax expenses": "N/A",
        "Deferred income taxes expenses": "N/A",
        "The interests of minority shareholders": "N/A",
        "Total Cost of profits": 0,
        "Profit after tax corporate income": 14677,
        "Volume": 13038552,
        "Close of Quarter": 2.4,
        "EPS": 638.1,
        "Non-adjusted EPS": 5814,
        "PE": 0.4,
        "Book Price": 1.7
      }
    },
    {
      "quarter": "Q1 2008",
      "income status": {
        "Net sales": 357534,
        "Cost of goods sold": 318675,
        "Gross Profit": 38859,
        "Financial expenses": 6908,
        "Of which: Interest expense": 6821,
        "Cost of sales": 6939,
        "Enterprise cost management": 4720,
        "Total Operating Expenses": 18567,
        "Total revenue financing activities": 1056,
        "Net profit from business activities": 21347,
        "Profit": 728,
        "Profit before tax": 22075,
        "Present corporate income tax expenses": "N/A",
        "Deferred income taxes expenses": "N/A",
        "The interests of minority shareholders": "N/A",
        "Total Cost of profits": 0,
        "Profit after tax corporate income": 22075,
        "Volume": 13038552,
        "Close of Quarter": 3.9,
        "EPS": 651.2,
        "Non-adjusted EPS": 5933,
        "PE": 0.7,
        "Book Price": 1.9
      }
    },
    {
      "quarter": "Q4 2007",
      "income status": {
        "Net sales": 313246,
        "Cost of goods sold": 271577,
        "Gross Profit": 41669,
        "Financial expenses": 7182,
        "Of which: Interest expense": "N/A",
        "Cost of sales": 8397,
        "Enterprise cost management": 6163,
        "Total Operating Expenses": 21742,
        "Total revenue financing activities": 886,
        "Net profit from business activities": 20813,
        "Profit": -2613,
        "Profit before tax": 18200,
        "Present corporate income tax expenses": "N/A",
        "Deferred income taxes expenses": "N/A",
        "The interests of minority shareholders": "N/A",
        "Total Cost of profits": 0,
        "Profit after tax corporate income": 18200,
        "Volume": 13038552,
        "Close of Quarter": 8.5,
        "EPS": 596.5,
        "Non-adjusted EPS": 5435,
        "PE": 1.6,
        "Book Price": 1.8
      }
    },
    {
      "quarter": "Q3 2007",
      "income status": {
        "Net sales": 305803,
        "Cost of goods sold": 264578,
        "Gross Profit": 41224,
        "Financial expenses": 6218,
        "Of which: Interest expense": 5613,
        "Cost of sales": 8094,
        "Enterprise cost management": 4431,
        "Total Operating Expenses": 18743,
        "Total revenue financing activities": 134,
        "Net profit from business activities": 22616,
        "Profit": -1764,
        "Profit before tax": 20852,
        "Present corporate income tax expenses": "N/A",
        "Deferred income taxes expenses": "N/A",
        "The interests of minority shareholders": "N/A",
        "Total Cost of profits": 0,
        "Profit after tax corporate income": 20852,
        "Volume": 13038552,
        "Close of Quarter": 9.2,
        "EPS": 587.3,
        "Non-adjusted EPS": 5351,
        "PE": 1.7,
        "Book Price": 1.6
      }
    },
    {
      "quarter": "Q2 2007",
      "income status": {
        "Net sales": 309689,
        "Cost of goods sold": 278009,
        "Gross Profit": 31681,
        "Financial expenses": 6140,
        "Of which: Interest expense": 5534,
        "Cost of sales": 5551,
        "Enterprise cost management": 3657,
        "Total Operating Expenses": 15348,
        "Total revenue financing activities": 255,
        "Net profit from business activities": 16587,
        "Profit": -362,
        "Profit before tax": 16225,
        "Present corporate income tax expenses": "N/A",
        "Deferred income taxes expenses": "N/A",
        "The interests of minority shareholders": "N/A",
        "Total Cost of profits": 0,
        "Profit after tax corporate income": 16225,
        "Volume": 13038552,
        "Close of Quarter": 9.0,
        "EPS": 636.3,
        "Non-adjusted EPS": 5797,
        "PE": 1.6,
        "Book Price": 1.5
      }
    },
    {
      "quarter": "Q1 2007",
      "income status": {
        "Net sales": 241043,
        "Cost of goods sold": 215247,
        "Gross Profit": 25796,
        "Financial expenses": 5482,
        "Of which: Interest expense": 5482,
        "Cost of sales": 3863,
        "Enterprise cost management": 3129,
        "Total Operating Expenses": 12474,
        "Total revenue financing activities": 431,
        "Net profit from business activities": 13753,
        "Profit": 1838,
        "Profit before tax": 15591,
        "Present corporate income tax expenses": "N/A",
        "Deferred income taxes expenses": "N/A",
        "The interests of minority shareholders": "N/A",
        "Total Cost of profits": 0,
        "Profit after tax corporate income": 15591,
        "Volume": 9247500,
        "Close of Quarter": 10.2,
        "EPS": 561.5,
        "Non-adjusted EPS": 7213,
        "PE": 1.4,
        "Book Price": 1.3
      }
    },
    {
      "quarter": "Q4 2006",
      "income status": {
        "Net sales": 258755,
        "Cost of goods sold": 225108,
        "Gross Profit": 33647,
        "Financial expenses": 6372,
        "Of which: Interest expense": 5505,
        "Cost of sales": 6531,
        "Enterprise cost management": 5059,
        "Total Operating Expenses": 17962,
        "Total revenue financing activities": 98,
        "Net profit from business activities": 15783,
        "Profit": 1316,
        "Profit before tax": 17100,
        "Present corporate income tax expenses": "N/A",
        "Deferred income taxes expenses": "N/A",
        "The interests of minority shareholders": "N/A",
        "Total Cost of profits": 0,
        "Profit after tax corporate income": 17100,
        "Volume": 9247500,
        "Close of Quarter": 4.7,
        "EPS": 466.2,
        "Non-adjusted EPS": 5989,
        "PE": 0.8,
        "Book Price": 1.2
      }
    },
    {
      "quarter": "Q3 2006",
      "income status": {
        "Net sales": 230668,
        "Cost of goods sold": 188359,
        "Gross Profit": 42309,
        "Financial expenses": 7598,
        "Of which: Interest expense": 6689,
        "Cost of sales": 5286,
        "Enterprise cost management": 2868,
        "Total Operating Expenses": 15752,
        "Total revenue financing activities": 109,
        "Net profit from business activities": 26667,
        "Profit": 4,
        "Profit before tax": 26671,
        "Present corporate income tax expenses": "N/A",
        "Deferred income taxes expenses": "N/A",
        "The interests of minority shareholders": "N/A",
        "Total Cost of profits": 0,
        "Profit after tax corporate income": 26671,
        "Volume": 9247500,
        "Close of Quarter": "N/A",
        "EPS": 322.2,
        "Non-adjusted EPS": 4139,
        "PE": "N/A",
        "Book Price": "N/A"
      }
    },
    {
      "quarter": "Q2 2006",
      "income status": {
        "Net sales": 227374,
        "Cost of goods sold": 205939,
        "Gross Profit": 21435,
        "Financial expenses": 6088,
        "Of which: Interest expense": 5406,
        "Cost of sales": 5454,
        "Enterprise cost management": 2628,
        "Total Operating Expenses": 14170,
        "Total revenue financing activities": 58,
        "Net profit from business activities": 7322,
        "Profit": 20,
        "Profit before tax": 7342,
        "Present corporate income tax expenses": "N/A",
        "Deferred income taxes expenses": "N/A",
        "The interests of minority shareholders": "N/A",
        "Total Cost of profits": 0,
        "Profit after tax corporate income": 7342,
        "Volume": 9247500,
        "Close of Quarter": "N/A",
        "EPS": 97.7,
        "Non-adjusted EPS": 1255,
        "PE": "N/A",
        "Book Price": "N/A"
      }
    },
    {
      "quarter": "Q1 2006",
      "income status": {
        "Net sales": 209364,
        "Cost of goods sold": 193286,
        "Gross Profit": 16078,
        "Financial expenses": 6510,
        "Of which: Interest expense": 5906,
        "Cost of sales": 4132,
        "Enterprise cost management": 1610,
        "Total Operating Expenses": 12252,
        "Total revenue financing activities": 53,
        "Net profit from business activities": 3879,
        "Profit": 386,
        "Profit before tax": 4266,
        "Present corporate income tax expenses": "N/A",
        "Deferred income taxes expenses": "N/A",
        "The interests of minority shareholders": "N/A",
        "Total Cost of profits": 0,
        "Profit after tax corporate income": 4266,
        "Volume": 9247500,
        "Close of Quarter": "N/A",
        "EPS": 35.9,
        "Non-adjusted EPS": 461,
        "PE": "N/A",
        "Book Price": "N/A"
      }
    }
  ]
}