{
  "ticker": "SHB",
  "data": [
    {
      "quarter": "Q1 2017",
      "income status": {
        "Net sales": 924533,
        "Cost of goods sold": 3937783,
        "Gross Profit": -3013250,
        "Financial expenses": 51842,
        "Of which: Interest expense": "N/A",
        "Cost of sales": 93187,
        "Enterprise cost management": 553602,
        "Total Operating Expenses": 698631,
        "Total revenue financing activities": 127775,
        "Net profit from business activities": 498706,
        "Profit": -191600,
        "Profit before tax": 307106,
        "Present corporate income tax expenses": -62064,
        "Deferred income taxes expenses": "N/A",
        "The interests of minority shareholders": "N/A",
        "Total Cost of profits": -62064,
        "Profit after tax corporate income": 245042,
        "Volume": 1019205646,
        "Close of Quarter": 5.7,
        "EPS": 910,
        "Non-adjusted EPS": 910,
        "PE": 6.3,
        "Book Price": 13.2
      }
    },
    {
      "quarter": "Q4 2016",
      "income status": {
        "Net sales": 1840419,
        "Cost of goods sold": 4752001,
        "Gross Profit": -2911582,
        "Financial expenses": 71677,
        "Of which: Interest expense": "N/A",
        "Cost of sales": 205472,
        "Enterprise cost management": 885775,
        "Total Operating Expenses": 1162924,
        "Total revenue financing activities": 262188,
        "Net profit from business activities": 1216832,
        "Profit": -840887,
        "Profit before tax": 375945,
        "Present corporate income tax expenses": -64323,
        "Deferred income taxes expenses": "N/A",
        "The interests of minority shareholders": "N/A",
        "Total Cost of profits": -64323,
        "Profit after tax corporate income": 311622,
        "Volume": 1019205646,
        "Close of Quarter": 4.6,
        "EPS": 909,
        "Non-adjusted EPS": 909,
        "PE": 5.1,
        "Book Price": 13
      }
    },
    {
      "quarter": "Q3 2016",
      "income status": {
        "Net sales": 717163,
        "Cost of goods sold": 2975726,
        "Gross Profit": -2258563,
        "Financial expenses": 566241,
        "Of which: Interest expense": "N/A",
        "Cost of sales": 77057,
        "Enterprise cost management": 623534,
        "Total Operating Expenses": 1266832,
        "Total revenue financing activities": 414663,
        "Net profit from business activities": 508292,
        "Profit": -244692,
        "Profit before tax": 263600,
        "Present corporate income tax expenses": -60136,
        "Deferred income taxes expenses": "N/A",
        "The interests of minority shareholders": "N/A",
        "Total Cost of profits": -60136,
        "Profit after tax corporate income": 203464,
        "Volume": 948098275,
        "Close of Quarter": 4.3,
        "EPS": 839.1,
        "Non-adjusted EPS": 902,
        "PE": 4.8,
        "Book Price": 11.7
      }
    },
    {
      "quarter": "Q2 2016",
      "income status": {
        "Net sales": 799850,
        "Cost of goods sold": 3156973,
        "Gross Profit": -2357123,
        "Financial expenses": 66458,
        "Of which: Interest expense": "N/A",
        "Cost of sales": 118406,
        "Enterprise cost management": 541288,
        "Total Operating Expenses": 726152,
        "Total revenue financing activities": 88636,
        "Net profit from business activities": 347198,
        "Profit": -142781,
        "Profit before tax": 204417,
        "Present corporate income tax expenses": -36986,
        "Deferred income taxes expenses": "N/A",
        "The interests of minority shareholders": -98,
        "Total Cost of profits": -37084,
        "Profit after tax corporate income": 167529,
        "Volume": 948098275,
        "Close of Quarter": 5.7,
        "EPS": 827.9,
        "Non-adjusted EPS": 890,
        "PE": 6.4,
        "Book Price": 11.4
      }
    },
    {
      "quarter": "Q1 2016",
      "income status": {
        "Net sales": 888494,
        "Cost of goods sold": 3392085,
        "Gross Profit": -2503591,
        "Financial expenses": 70451,
        "Of which: Interest expense": "N/A",
        "Cost of sales": 42280,
        "Enterprise cost management": 506872,
        "Total Operating Expenses": 619603,
        "Total revenue financing activities": 91617,
        "Net profit from business activities": 473239,
        "Profit": -168289,
        "Profit before tax": 304950,
        "Present corporate income tax expenses": -60604,
        "Deferred income taxes expenses": "N/A",
        "The interests of minority shareholders": "N/A",
        "Total Cost of profits": -60604,
        "Profit after tax corporate income": 244346,
        "Volume": 948098275,
        "Close of Quarter": 6.1,
        "EPS": 866.1,
        "Non-adjusted EPS": 931,
        "PE": 6.5,
        "Book Price": 11.4
      }
    },
    {
      "quarter": "Q4 2015",
      "income status": {
        "Net sales": 1171186,
        "Cost of goods sold": 3509144,
        "Gross Profit": -2337958,
        "Financial expenses": 44042,
        "Of which: Interest expense": "N/A",
        "Cost of sales": 175744,
        "Enterprise cost management": 623630,
        "Total Operating Expenses": 843416,
        "Total revenue financing activities": 208205,
        "Net profit from business activities": 755761,
        "Profit": -456801,
        "Profit before tax": 298960,
        "Present corporate income tax expenses": -59454,
        "Deferred income taxes expenses": "N/A",
        "The interests of minority shareholders": "N/A",
        "Total Cost of profits": -59454,
        "Profit after tax corporate income": 239506,
        "Volume": 948098275,
        "Close of Quarter": 6.1,
        "EPS": 788.8,
        "Non-adjusted EPS": 848,
        "PE": 7.1,
        "Book Price": 11.1
      }
    },
    {
      "quarter": "Q3 2015",
      "income status": {
        "Net sales": 811382,
        "Cost of goods sold": 2942081,
        "Gross Profit": -2130699,
        "Financial expenses": 190577,
        "Of which: Interest expense": "N/A",
        "Cost of sales": 59824,
        "Enterprise cost management": 608841,
        "Total Operating Expenses": 859242,
        "Total revenue financing activities": 183742,
        "Net profit from business activities": 386283,
        "Profit": -138815,
        "Profit before tax": 247468,
        "Present corporate income tax expenses": -54569,
        "Deferred income taxes expenses": "N/A",
        "The interests of minority shareholders": "N/A",
        "Total Cost of profits": -54569,
        "Profit after tax corporate income": 192899,
        "Volume": 948098275,
        "Close of Quarter": 6.2,
        "EPS": 774.9,
        "Non-adjusted EPS": 833,
        "PE": 7.5,
        "Book Price": 10.9
      }
    },
    {
      "quarter": "Q2 2015",
      "income status": {
        "Net sales": 2756660,
        "Cost of goods sold": 2095149,
        "Gross Profit": 661511,
        "Financial expenses": 892,
        "Of which: Interest expense": "N/A",
        "Cost of sales": 6467,
        "Enterprise cost management": 348169,
        "Total Operating Expenses": 355528,
        "Total revenue financing activities": 108999,
        "Net profit from business activities": 414982,
        "Profit": -144237,
        "Profit before tax": 270745,
        "Present corporate income tax expenses": -62508,
        "Deferred income taxes expenses": "N/A",
        "The interests of minority shareholders": 22,
        "Total Cost of profits": -62486,
        "Profit after tax corporate income": 205567,
        "Volume": 886083361,
        "Close of Quarter": 7.1,
        "EPS": 772.9,
        "Non-adjusted EPS": 889,
        "PE": 8.0,
        "Book Price": 10.6
      }
    },
    {
      "quarter": "Q1 2015",
      "income status": {
        "Net sales": 2668735,
        "Cost of goods sold": 2051961,
        "Gross Profit": 616774,
        "Financial expenses": 37457,
        "Of which: Interest expense": "N/A",
        "Cost of sales": 31882,
        "Enterprise cost management": 460070,
        "Total Operating Expenses": 529409,
        "Total revenue financing activities": 129197,
        "Net profit from business activities": 216562,
        "Profit": -7966,
        "Profit before tax": 208596,
        "Present corporate income tax expenses": -42888,
        "Deferred income taxes expenses": "N/A",
        "The interests of minority shareholders": "N/A",
        "Total Cost of profits": -42888,
        "Profit after tax corporate income": 165708,
        "Volume": 886083361,
        "Close of Quarter": 7.5,
        "EPS": 752.9,
        "Non-adjusted EPS": 866,
        "PE": 8.6,
        "Book Price": 10.5
      }
    },
    {
      "quarter": "Q4 2014",
      "income status": {
        "Net sales": 2989669,
        "Cost of goods sold": 2016850,
        "Gross Profit": 972818,
        "Financial expenses": 5437,
        "Of which: Interest expense": "N/A",
        "Cost of sales": 23355,
        "Enterprise cost management": 521877,
        "Total Operating Expenses": 550669,
        "Total revenue financing activities": 141227,
        "Net profit from business activities": 563376,
        "Profit": -281664,
        "Profit before tax": 281713,
        "Present corporate income tax expenses": -55703,
        "Deferred income taxes expenses": "N/A",
        "The interests of minority shareholders": "N/A",
        "Total Cost of profits": -55703,
        "Profit after tax corporate income": 226010,
        "Volume": 886083361,
        "Close of Quarter": 7.0,
        "EPS": 803.3,
        "Non-adjusted EPS": 924,
        "PE": 7.6,
        "Book Price": 10.4
      }
    },
    {
      "quarter": "Q3 2014",
      "income status": {
        "Net sales": 2674836,
        "Cost of goods sold": 1939898,
        "Gross Profit": 734939,
        "Financial expenses": 6515,
        "Of which: Interest expense": "N/A",
        "Cost of sales": 20218,
        "Enterprise cost management": 430884,
        "Total Operating Expenses": 457617,
        "Total revenue financing activities": 88935,
        "Net profit from business activities": 366257,
        "Profit": -130717,
        "Profit before tax": 235541,
        "Present corporate income tax expenses": -45138,
        "Deferred income taxes expenses": "N/A",
        "The interests of minority shareholders": "N/A",
        "Total Cost of profits": -45138,
        "Profit after tax corporate income": 190402,
        "Volume": 886083361,
        "Close of Quarter": 8,
        "EPS": 794.6,
        "Non-adjusted EPS": 914,
        "PE": 8.8,
        "Book Price": 10.2
      }
    },
    {
      "quarter": "Q2 2014",
      "income status": {
        "Net sales": 2516108,
        "Cost of goods sold": 1789838,
        "Gross Profit": 726270,
        "Financial expenses": 1394,
        "Of which: Interest expense": "N/A",
        "Cost of sales": 12995,
        "Enterprise cost management": 294675,
        "Total Operating Expenses": 309064,
        "Total revenue financing activities": 244805,
        "Net profit from business activities": 662011,
        "Profit": -433763,
        "Profit before tax": 228248,
        "Present corporate income tax expenses": -42555,
        "Deferred income taxes expenses": "N/A",
        "The interests of minority shareholders": 74,
        "Total Cost of profits": -42481,
        "Profit after tax corporate income": 185619,
        "Volume": 886083361,
        "Close of Quarter": 7.8,
        "EPS": 839.0,
        "Non-adjusted EPS": 965,
        "PE": 8.1,
        "Book Price": 10.5
      }
    },
    {
      "quarter": "Q1 2014",
      "income status": {
        "Net sales": 2254959,
        "Cost of goods sold": 1905405,
        "Gross Profit": 349554,
        "Financial expenses": 1382,
        "Of which: Interest expense": "N/A",
        "Cost of sales": 38396,
        "Enterprise cost management": 381776,
        "Total Operating Expenses": 421554,
        "Total revenue financing activities": 132759,
        "Net profit from business activities": 60759,
        "Profit": 215934,
        "Profit before tax": 276693,
        "Present corporate income tax expenses": -60104,
        "Deferred income taxes expenses": "N/A",
        "The interests of minority shareholders": "N/A",
        "Total Cost of profits": -60104,
        "Profit after tax corporate income": 216589,
        "Volume": 886083361,
        "Close of Quarter": 8.9,
        "EPS": 792.9,
        "Non-adjusted EPS": 912,
        "PE": 9.8,
        "Book Price": 10.4
      }
    },
    {
      "quarter": "Q4 2013",
      "income status": {
        "Net sales": 2449843,
        "Cost of goods sold": 1779026,
        "Gross Profit": 670817,
        "Financial expenses": 11094,
        "Of which: Interest expense": "N/A",
        "Cost of sales": 40534,
        "Enterprise cost management": 407478,
        "Total Operating Expenses": 459106,
        "Total revenue financing activities": 7161,
        "Net profit from business activities": 218872,
        "Profit": 68517,
        "Profit before tax": 287389,
        "Present corporate income tax expenses": -70315,
        "Deferred income taxes expenses": "N/A",
        "The interests of minority shareholders": "N/A",
        "Total Cost of profits": -70315,
        "Profit after tax corporate income": 217074,
        "Volume": 886083361,
        "Close of Quarter": 5.5,
        "EPS": 740.7,
        "Non-adjusted EPS": 852,
        "PE": 6.5,
        "Book Price": 10.2
      }
    },
    {
      "quarter": "Q3 2013",
      "income status": {
        "Net sales": 2060368,
        "Cost of goods sold": 1510252,
        "Gross Profit": 550116,
        "Financial expenses": 5215,
        "Of which: Interest expense": "N/A",
        "Cost of sales": 13431,
        "Enterprise cost management": 378990,
        "Total Operating Expenses": 397636,
        "Total revenue financing activities": 114842,
        "Net profit from business activities": 267322,
        "Profit": 46935,
        "Profit before tax": 314256,
        "Present corporate income tax expenses": -78141,
        "Deferred income taxes expenses": "N/A",
        "The interests of minority shareholders": "N/A",
        "Total Cost of profits": -78141,
        "Profit after tax corporate income": 236115,
        "Volume": 886083361,
        "Close of Quarter": 5.5,
        "EPS": 1638.8,
        "Non-adjusted EPS": 1885,
        "PE": 2.9,
        "Book Price": 9.8
      }
    },
    {
      "quarter": "Q2 2013",
      "income status": {
        "Net sales": 2292402,
        "Cost of goods sold": 1737071,
        "Gross Profit": 555330,
        "Financial expenses": 10203,
        "Of which: Interest expense": "N/A",
        "Cost of sales": 13681,
        "Enterprise cost management": 350934,
        "Total Operating Expenses": 374818,
        "Total revenue financing activities": 104981,
        "Net profit from business activities": 285494,
        "Profit": -102941,
        "Profit before tax": 182553,
        "Present corporate income tax expenses": -43915,
        "Deferred income taxes expenses": "N/A",
        "The interests of minority shareholders": 4,
        "Total Cost of profits": -43911,
        "Profit after tax corporate income": 138634,
        "Volume": 886083361,
        "Close of Quarter": 5.5,
        "EPS": -267.8,
        "Non-adjusted EPS": -308,
        "PE": -18.0,
        "Book Price": 9.6
      }
    },
    {
      "quarter": "Q1 2013",
      "income status": {
        "Net sales": 2451164,
        "Cost of goods sold": 2023542,
        "Gross Profit": 427623,
        "Financial expenses": 2335,
        "Of which: Interest expense": "N/A",
        "Cost of sales": 11233,
        "Enterprise cost management": 455596,
        "Total Operating Expenses": 469164,
        "Total revenue financing activities": 117946,
        "Net profit from business activities": 76404,
        "Profit": -141209,
        "Profit before tax": 217613,
        "Present corporate income tax expenses": 54545,
        "Deferred income taxes expenses": "N/A",
        "The interests of minority shareholders": "N/A",
        "Total Cost of profits": 54545,
        "Profit after tax corporate income": 163068,
        "Volume": 886083361,
        "Close of Quarter": 5.3,
        "EPS": -185.2,
        "Non-adjusted EPS": -213,
        "PE": -24.9,
        "Book Price": 13.8
      }
    },
    {
      "quarter": "Q4 2012",
      "income status": {
        "Net sales": 3681007,
        "Cost of goods sold": 3359016,
        "Gross Profit": 321991,
        "Financial expenses": 6311,
        "Of which: Interest expense": "N/A",
        "Cost of sales": 14397,
        "Enterprise cost management": 653275,
        "Total Operating Expenses": 673983,
        "Total revenue financing activities": 933968,
        "Net profit from business activities": 581976,
        "Profit": -550871,
        "Profit before tax": 1132848,
        "Present corporate income tax expenses": 412,
        "Deferred income taxes expenses": "N/A",
        "The interests of minority shareholders": "N/A",
        "Total Cost of profits": 412,
        "Profit after tax corporate income": 1132436,
        "Volume": 886083361,
        "Close of Quarter": 4.7,
        "EPS": -125.2,
        "Non-adjusted EPS": -144,
        "PE": -32.4,
        "Book Price": 9.3
      }
    },
    {
      "quarter": "Q3 2012",
      "income status": {
        "Net sales": 8187245,
        "Cost of goods sold": 7802354,
        "Gross Profit": 384891,
        "Financial expenses": 10350,
        "Of which: Interest expense": "N/A",
        "Cost of sales": 74586,
        "Enterprise cost management": 1042532,
        "Total Operating Expenses": 1127468,
        "Total revenue financing activities": 127937,
        "Net profit from business activities": -614638,
        "Profit": 1092122,
        "Profit before tax": -1706760,
        "Present corporate income tax expenses": 9,
        "Deferred income taxes expenses": "N/A",
        "The interests of minority shareholders": "N/A",
        "Total Cost of profits": 9,
        "Profit after tax corporate income": -1706769,
        "Volume": 481083361,
        "Close of Quarter": 5.1,
        "EPS": -1019.1,
        "Non-adjusted EPS": -2159,
        "PE": -2.4,
        "Book Price": 8.2
      }
    },
    {
      "quarter": "Q2 2012",
      "income status": {
        "Net sales": 2452889,
        "Cost of goods sold": 2037345,
        "Gross Profit": 415545,
        "Financial expenses": 19588,
        "Of which: Interest expense": "N/A",
        "Cost of sales": 10967,
        "Enterprise cost management": 293713,
        "Total Operating Expenses": 324268,
        "Total revenue financing activities": 159807,
        "Net profit from business activities": 251084,
        "Profit": -49080,
        "Profit before tax": 300164,
        "Present corporate income tax expenses": 77987,
        "Deferred income taxes expenses": "N/A",
        "The interests of minority shareholders": "N/A",
        "Total Cost of profits": 77987,
        "Profit after tax corporate income": 222177,
        "Volume": 481083361,
        "Close of Quarter": 7.1,
        "EPS": 873.7,
        "Non-adjusted EPS": 1851,
        "PE": 3.8,
        "Book Price": 5.5
      }
    },
    {
      "quarter": "Q1 2012",
      "income status": {
        "Net sales": 2423252,
        "Cost of goods sold": 1854832,
        "Gross Profit": 568419,
        "Financial expenses": 7714,
        "Of which: Interest expense": "N/A",
        "Cost of sales": 5403,
        "Enterprise cost management": 291509,
        "Total Operating Expenses": 304626,
        "Total revenue financing activities": 105584,
        "Net profit from business activities": 369377,
        "Profit": 68633,
        "Profit before tax": 300744,
        "Present corporate income tax expenses": 76123,
        "Deferred income taxes expenses": "N/A",
        "The interests of minority shareholders": "N/A",
        "Total Cost of profits": 76123,
        "Profit after tax corporate income": 224621,
        "Volume": 481083361,
        "Close of Quarter": 7.8,
        "EPS": 810.5,
        "Non-adjusted EPS": 1717,
        "PE": 4.5,
        "Book Price": 6.0
      }
    },
    {
      "quarter": "Q4 2011",
      "income status": {
        "Net sales": 2205299,
        "Cost of goods sold": 1687727,
        "Gross Profit": 517572,
        "Financial expenses": 1146,
        "Of which: Interest expense": "N/A",
        "Cost of sales": 9203,
        "Enterprise cost management": 339035,
        "Total Operating Expenses": 349384,
        "Total revenue financing activities": 185415,
        "Net profit from business activities": 353604,
        "Profit": 59388,
        "Profit before tax": 294215,
        "Present corporate income tax expenses": 73047,
        "Deferred income taxes expenses": "N/A",
        "The interests of minority shareholders": "N/A",
        "Total Cost of profits": 73047,
        "Profit after tax corporate income": 221168,
        "Volume": 481083361,
        "Close of Quarter": 4.5,
        "EPS": 739.2,
        "Non-adjusted EPS": 1566,
        "PE": 2.9,
        "Book Price": 5.7
      }
    },
    {
      "quarter": "Q3 2011",
      "income status": {
        "Net sales": 2099162,
        "Cost of goods sold": 1519520,
        "Gross Profit": 579642,
        "Financial expenses": 278,
        "Of which: Interest expense": "N/A",
        "Cost of sales": 17145,
        "Enterprise cost management": 303724,
        "Total Operating Expenses": 321147,
        "Total revenue financing activities": 62558,
        "Net profit from business activities": 321054,
        "Profit": 24630,
        "Profit before tax": 296424,
        "Present corporate income tax expenses": 73912,
        "Deferred income taxes expenses": "N/A",
        "The interests of minority shareholders": "N/A",
        "Total Cost of profits": 73912,
        "Profit after tax corporate income": 222512,
        "Volume": 481083361,
        "Close of Quarter": 5.1,
        "EPS": 653.7,
        "Non-adjusted EPS": 1385,
        "PE": 3.7,
        "Book Price": 5.6
      }
    },
    {
      "quarter": "Q2 2011",
      "income status": {
        "Net sales": 1873532,
        "Cost of goods sold": 1466499,
        "Gross Profit": 407033,
        "Financial expenses": 11,
        "Of which: Interest expense": "N/A",
        "Cost of sales": 6457,
        "Enterprise cost management": 255355,
        "Total Operating Expenses": 261823,
        "Total revenue financing activities": 71079,
        "Net profit from business activities": 216288,
        "Profit": -8054,
        "Profit before tax": 208235,
        "Present corporate income tax expenses": -50533,
        "Deferred income taxes expenses": "N/A",
        "The interests of minority shareholders": "N/A",
        "Total Cost of profits": -50533,
        "Profit after tax corporate income": 157701,
        "Volume": 349255721,
        "Close of Quarter": 5.6,
        "EPS": 552.4,
        "Non-adjusted EPS": 1612,
        "PE": 3.5,
        "Book Price": 5.4
      }
    },
    {
      "quarter": "Q1 2011",
      "income status": {
        "Net sales": 1592667,
        "Cost of goods sold": 1199127,
        "Gross Profit": 393540,
        "Financial expenses": 172,
        "Of which: Interest expense": "N/A",
        "Cost of sales": 5095,
        "Enterprise cost management": 227208,
        "Total Operating Expenses": 232475,
        "Total revenue financing activities": 50978,
        "Net profit from business activities": 212044,
        "Profit": -9676,
        "Profit before tax": 202367,
        "Present corporate income tax expenses": -50511,
        "Deferred income taxes expenses": "N/A",
        "The interests of minority shareholders": "N/A",
        "Total Cost of profits": -50511,
        "Profit after tax corporate income": 151857,
        "Volume": 349255721,
        "Close of Quarter": 6.1,
        "EPS": 516.1,
        "Non-adjusted EPS": 1506,
        "PE": 4.1,
        "Book Price": 4.3
      }
    },
    {
      "quarter": "Q4 2010",
      "income status": {
        "Net sales": 1303550,
        "Cost of goods sold": 888703,
        "Gross Profit": 414847,
        "Financial expenses": 14542,
        "Of which: Interest expense": "N/A",
        "Cost of sales": 6897,
        "Enterprise cost management": 243652,
        "Total Operating Expenses": 265091,
        "Total revenue financing activities": 72858,
        "Net profit from business activities": 236406,
        "Profit": -57672,
        "Profit before tax": 178734,
        "Present corporate income tax expenses": -44549,
        "Deferred income taxes expenses": "N/A",
        "The interests of minority shareholders": "N/A",
        "Total Cost of profits": -44549,
        "Profit after tax corporate income": 134185,
        "Volume": 349255721,
        "Close of Quarter": 7.8,
        "EPS": 485.6,
        "Non-adjusted EPS": 1417,
        "PE": 5.5,
        "Book Price": 4.1
      }
    },
    {
      "quarter": "Q3 2010",
      "income status": {
        "Net sales": 881262,
        "Cost of goods sold": 638473,
        "Gross Profit": 242789,
        "Financial expenses": 34,
        "Of which: Interest expense": "N/A",
        "Cost of sales": 6023,
        "Enterprise cost management": 169829,
        "Total Operating Expenses": 175886,
        "Total revenue financing activities": 94767,
        "Net profit from business activities": 161671,
        "Profit": -2443,
        "Profit before tax": 159227,
        "Present corporate income tax expenses": -39842,
        "Deferred income taxes expenses": "N/A",
        "The interests of minority shareholders": "N/A",
        "Total Cost of profits": -39842,
        "Profit after tax corporate income": 119385,
        "Volume": 199503814,
        "Close of Quarter": 7.0,
        "EPS": 415.2,
        "Non-adjusted EPS": 2121,
        "PE": 3.3,
        "Book Price": 2.5
      }
    },
    {
      "quarter": "Q2 2010",
      "income status": {
        "Net sales": 761957,
        "Cost of goods sold": 516769,
        "Gross Profit": 245188,
        "Financial expenses": 14501,
        "Of which: Interest expense": "N/A",
        "Cost of sales": 10729,
        "Enterprise cost management": 140646,
        "Total Operating Expenses": 165876,
        "Total revenue financing activities": 94568,
        "Net profit from business activities": 195338,
        "Profit": -36758,
        "Profit before tax": 158580,
        "Present corporate income tax expenses": -38005,
        "Deferred income taxes expenses": "N/A",
        "The interests of minority shareholders": "N/A",
        "Total Cost of profits": -38005,
        "Profit after tax corporate income": 120574,
        "Volume": 199503814,
        "Close of Quarter": 9.3,
        "EPS": 359.2,
        "Non-adjusted EPS": 1835,
        "PE": 5.1,
        "Book Price": 2.4
      }
    },
    {
      "quarter": "Q1 2010",
      "income status": {
        "Net sales": 689146,
        "Cost of goods sold": 476830,
        "Gross Profit": 212316,
        "Financial expenses": 268,
        "Of which: Interest expense": "N/A",
        "Cost of sales": 17384,
        "Enterprise cost management": 127257,
        "Total Operating Expenses": 144909,
        "Total revenue financing activities": 93679,
        "Net profit from business activities": 161086,
        "Profit": "N/A",
        "Profit before tax": 161086,
        "Present corporate income tax expenses": -40231,
        "Deferred income taxes expenses": "N/A",
        "The interests of minority shareholders": "N/A",
        "Total Cost of profits": -40231,
        "Profit after tax corporate income": 120856,
        "Volume": 199503814,
        "Close of Quarter": 9.7,
        "EPS": 367.8,
        "Non-adjusted EPS": 1879,
        "PE": 5.1,
        "Book Price": 2.5
      }
    },
    {
      "quarter": "Q4 2009",
      "income status": {
        "Net sales": "N/A",
        "Cost of goods sold": "N/A",
        "Gross Profit": "N/A",
        "Financial expenses": "N/A",
        "Of which: Interest expense": "N/A",
        "Cost of sales": "N/A",
        "Enterprise cost management": "N/A",
        "Total Operating Expenses": 0,
        "Total revenue financing activities": "N/A",
        "Net profit from business activities": "N/A",
        "Profit": "N/A",
        "Profit before tax": 78863,
        "Present corporate income tax expenses": "N/A",
        "Deferred income taxes expenses": "N/A",
        "The interests of minority shareholders": "N/A",
        "Total Cost of profits": 0,
        "Profit after tax corporate income": 62233,
        "Volume": 200000000,
        "Close of Quarter": 10.8,
        "EPS": 328.5,
        "Non-adjusted EPS": 1674,
        "PE": 6.4,
        "Book Price": 2.4
      }
    },
    {
      "quarter": "Q3 2009",
      "income status": {
        "Net sales": "N/A",
        "Cost of goods sold": "N/A",
        "Gross Profit": "N/A",
        "Financial expenses": "N/A",
        "Of which: Interest expense": "N/A",
        "Cost of sales": "N/A",
        "Enterprise cost management": "N/A",
        "Total Operating Expenses": 0,
        "Total revenue financing activities": "N/A",
        "Net profit from business activities": "N/A",
        "Profit": "N/A",
        "Profit before tax": 82247,
        "Present corporate income tax expenses": "N/A",
        "Deferred income taxes expenses": "N/A",
        "The interests of minority shareholders": "N/A",
        "Total Cost of profits": 0,
        "Profit after tax corporate income": 62435,
        "Volume": 200000000,
        "Close of Quarter": 15.3,
        "EPS": 267.5,
        "Non-adjusted EPS": 1363,
        "PE": 11.2,
        "Book Price": 2.3
      }
    },
    {
      "quarter": "Q2 2009",
      "income status": {
        "Net sales": 465743,
        "Cost of goods sold": 307349,
        "Gross Profit": 158394,
        "Financial expenses": "N/A",
        "Of which: Interest expense": "N/A",
        "Cost of sales": 3606,
        "Enterprise cost management": 65122,
        "Total Operating Expenses": 68728,
        "Total revenue financing activities": 60251,
        "Net profit from business activities": 187057,
        "Profit": 187057,
        "Profit before tax": 172350,
        "Present corporate income tax expenses": "N/A",
        "Deferred income taxes expenses": "N/A",
        "The interests of minority shareholders": "N/A",
        "Total Cost of profits": 0,
        "Profit after tax corporate income": 129263,
        "Volume": 50000000,
        "Close of Quarter": 15.4,
        "EPS": 206.2,
        "Non-adjusted EPS": 4203,
        "PE": 3.7,
        "Book Price": 2.3
      }
    },
    {
      "quarter": "Q1 2009",
      "income status": {
        "Net sales": 437498,
        "Cost of goods sold": 325372,
        "Gross Profit": 112126,
        "Financial expenses": "N/A",
        "Of which: Interest expense": "N/A",
        "Cost of sales": 1411,
        "Enterprise cost management": 41102,
        "Total Operating Expenses": 42513,
        "Total revenue financing activities": 6570,
        "Net profit from business activities": 80874,
        "Profit": 80874,
        "Profit before tax": 80874,
        "Present corporate income tax expenses": "N/A",
        "Deferred income taxes expenses": "N/A",
        "The interests of minority shareholders": "N/A",
        "Total Cost of profits": 0,
        "Profit after tax corporate income": 80874,
        "Volume": 50000000,
        "Close of Quarter": 3.6,
        "EPS": 79.3,
        "Non-adjusted EPS": 1617,
        "PE": 2.2,
        "Book Price": 2.3
      }
    }
  ]
}