{
  "ticker": "CTG",
  "data": [
    {
      "quarter": "Q1 2017",
      "income status": {
        "Net sales": 6165524,
        "Cost of goods sold": 14872601,
        "Gross Profit": -8707077,
        "Financial expenses": 802052,
        "Of which: Interest expense": "N/A",
        "Cost of sales": 947528,
        "Enterprise cost management": 3114304,
        "Total Operating Expenses": 4863884,
        "Total revenue financing activities": 1557579,
        "Net profit from business activities": 4608799,
        "Profit": -2064726,
        "Profit before tax": 2544073,
        "Present corporate income tax expenses": -504946,
        "Deferred income taxes expenses": "N/A",
        "The interests of minority shareholders": 7471,
        "Total Cost of profits": -497475,
        "Profit after tax corporate income": 2031656,
        "Volume": 3723404556,
        "Close of Quarter": 18.1,
        "EPS": 1858,
        "Non-adjusted EPS": 1858,
        "PE": 9.7,
        "Book Price": 15.6
      }
    },
    {
      "quarter": "Q4 2016",
      "income status": {
        "Net sales": 5201731,
        "Cost of goods sold": 13645861,
        "Gross Profit": -8444130,
        "Financial expenses": 548129,
        "Of which: Interest expense": "N/A",
        "Cost of sales": 931206,
        "Enterprise cost management": 4197103,
        "Total Operating Expenses": 5676438,
        "Total revenue financing activities": 1084865,
        "Net profit from business activities": 2089493,
        "Profit": -44670,
        "Profit before tax": 2044823,
        "Present corporate income tax expenses": -413396,
        "Deferred income taxes expenses": "N/A",
        "The interests of minority shareholders": 8753,
        "Total Cost of profits": -404643,
        "Profit after tax corporate income": 1622674,
        "Volume": 3723404556,
        "Close of Quarter": 14.4,
        "EPS": 1828,
        "Non-adjusted EPS": 1828,
        "PE": 7.9,
        "Book Price": 16.8
      }
    },
    {
      "quarter": "Q3 2016",
      "income status": {
        "Net sales": 5939491,
        "Cost of goods sold": 13940446,
        "Gross Profit": -8000955,
        "Financial expenses": 911034,
        "Of which: Interest expense": "N/A",
        "Cost of sales": 836739,
        "Enterprise cost management": 3046766,
        "Total Operating Expenses": 4794539,
        "Total revenue financing activities": 1287782,
        "Net profit from business activities": 4180507,
        "Profit": -1968255,
        "Profit before tax": 2212252,
        "Present corporate income tax expenses": -432939,
        "Deferred income taxes expenses": "N/A",
        "The interests of minority shareholders": 4367,
        "Total Cost of profits": -428572,
        "Profit after tax corporate income": 1774946,
        "Volume": 3723404556,
        "Close of Quarter": 16.3,
        "EPS": 1727,
        "Non-adjusted EPS": 1727,
        "PE": 9.4,
        "Book Price": 16.4
      }
    },
    {
      "quarter": "Q2 2016",
      "income status": {
        "Net sales": 5886171,
        "Cost of goods sold": 13130104,
        "Gross Profit": -7243933,
        "Financial expenses": 341604,
        "Of which: Interest expense": "N/A",
        "Cost of sales": 1566559,
        "Enterprise cost management": 3011846,
        "Total Operating Expenses": 4920009,
        "Total revenue financing activities": 561648,
        "Net profit from business activities": 3435973,
        "Profit": -1567992,
        "Profit before tax": 1867981,
        "Present corporate income tax expenses": -376930,
        "Deferred income taxes expenses": "N/A",
        "The interests of minority shareholders": 2708,
        "Total Cost of profits": -374222,
        "Profit after tax corporate income": 1488343,
        "Volume": 3723404556,
        "Close of Quarter": 16.1,
        "EPS": 1633,
        "Non-adjusted EPS": 1633,
        "PE": 9.9,
        "Book Price": 15.9
      }
    },
    {
      "quarter": "Q1 2016",
      "income status": {
        "Net sales": 5377599,
        "Cost of goods sold": 12274287,
        "Gross Profit": -6896688,
        "Financial expenses": 794243,
        "Of which: Interest expense": "N/A",
        "Cost of sales": 7069,
        "Enterprise cost management": 2645942,
        "Total Operating Expenses": 3447254,
        "Total revenue financing activities": 1114493,
        "Net profit from business activities": 3846150,
        "Profit": -1441187,
        "Profit before tax": 2404963,
        "Present corporate income tax expenses": -481332,
        "Deferred income taxes expenses": "N/A",
        "The interests of minority shareholders": 4156,
        "Total Cost of profits": -477176,
        "Profit after tax corporate income": 1919475,
        "Volume": 3723404556,
        "Close of Quarter": 15.7,
        "EPS": 1711,
        "Non-adjusted EPS": 1711,
        "PE": 9.2,
        "Book Price": 15.5
      }
    },
    {
      "quarter": "Q4 2015",
      "income status": {
        "Net sales": 4309395,
        "Cost of goods sold": 10754435,
        "Gross Profit": -6445040,
        "Financial expenses": 1656826,
        "Of which: Interest expense": "N/A",
        "Cost of sales": 759519,
        "Enterprise cost management": 3353707,
        "Total Operating Expenses": 5770052,
        "Total revenue financing activities": 1522923,
        "Net profit from business activities": 2478611,
        "Profit": -858650,
        "Profit before tax": 1619961,
        "Present corporate income tax expenses": -365054,
        "Deferred income taxes expenses": "N/A",
        "The interests of minority shareholders": 6659,
        "Total Cost of profits": -358395,
        "Profit after tax corporate income": 1248248,
        "Volume": 3723404556,
        "Close of Quarter": 17.9,
        "EPS": 1530,
        "Non-adjusted EPS": 1530,
        "PE": 11.7,
        "Book Price": 15
      }
    },
    {
      "quarter": "Q3 2015",
      "income status": {
        "Net sales": 4909041,
        "Cost of goods sold": 10975775,
        "Gross Profit": -6066734,
        "Financial expenses": 1069615,
        "Of which: Interest expense": "N/A",
        "Cost of sales": 672601,
        "Enterprise cost management": 2780890,
        "Total Operating Expenses": 4523106,
        "Total revenue financing activities": 1002970,
        "Net profit from business activities": 3131121,
        "Profit": -1284224,
        "Profit before tax": 1846897,
        "Present corporate income tax expenses": -420100,
        "Deferred income taxes expenses": "N/A",
        "The interests of minority shareholders": 3685,
        "Total Cost of profits": -416415,
        "Profit after tax corporate income": 1423112,
        "Volume": 3723404556,
        "Close of Quarter": 18.8,
        "EPS": 1584,
        "Non-adjusted EPS": 1584,
        "PE": 11.9,
        "Book Price": 15
      }
    },
    {
      "quarter": "Q2 2015",
      "income status": {
        "Net sales": 10449777,
        "Cost of goods sold": 5521654,
        "Gross Profit": 4928123,
        "Financial expenses": 384695,
        "Of which: Interest expense": "N/A",
        "Cost of sales": 706208,
        "Enterprise cost management": 2403077,
        "Total Operating Expenses": 3493980,
        "Total revenue financing activities": 1576448,
        "Net profit from business activities": 3340483,
        "Profit": -1025872,
        "Profit before tax": 2314611,
        "Present corporate income tax expenses": -527471,
        "Deferred income taxes expenses": "N/A",
        "The interests of minority shareholders": 5667,
        "Total Cost of profits": -521804,
        "Profit after tax corporate income": 1781473,
        "Volume": 3723404556,
        "Close of Quarter": 18.4,
        "EPS": 1536,
        "Non-adjusted EPS": 1536,
        "PE": 12.0,
        "Book Price": 14.6
      }
    },
    {
      "quarter": "Q1 2015",
      "income status": {
        "Net sales": 10291744,
        "Cost of goods sold": 5599318,
        "Gross Profit": 4692426,
        "Financial expenses": 420610,
        "Of which: Interest expense": "N/A",
        "Cost of sales": 164946,
        "Enterprise cost management": 2181783,
        "Total Operating Expenses": 2767339,
        "Total revenue financing activities": 1149125,
        "Net profit from business activities": 3074212,
        "Profit": -1510240,
        "Profit before tax": 1563972,
        "Present corporate income tax expenses": -315938,
        "Deferred income taxes expenses": "N/A",
        "The interests of minority shareholders": 2946,
        "Total Cost of profits": -312992,
        "Profit after tax corporate income": 1245088,
        "Volume": 3723404556,
        "Close of Quarter": 15.8,
        "EPS": 1564,
        "Non-adjusted EPS": 1564,
        "PE": 10.1,
        "Book Price": 15.1
      }
    },
    {
      "quarter": "Q4 2014",
      "income status": {
        "Net sales": 10194691,
        "Cost of goods sold": 5843164,
        "Gross Profit": 4351526,
        "Financial expenses": 1287920,
        "Of which: Interest expense": "N/A",
        "Cost of sales": 312239,
        "Enterprise cost management": 2794582,
        "Total Operating Expenses": 4394741,
        "Total revenue financing activities": 3274828,
        "Net profit from business activities": 3231613,
        "Profit": -1409264,
        "Profit before tax": 1822349,
        "Present corporate income tax expenses": -370907,
        "Deferred income taxes expenses": "N/A",
        "The interests of minority shareholders": 4851,
        "Total Cost of profits": -366056,
        "Profit after tax corporate income": 1446591,
        "Volume": 3723404556,
        "Close of Quarter": 12.6,
        "EPS": 1534,
        "Non-adjusted EPS": 1534,
        "PE": 8.2,
        "Book Price": 14.8
      }
    },
    {
      "quarter": "Q3 2014",
      "income status": {
        "Net sales": 10285783,
        "Cost of goods sold": 5776430,
        "Gross Profit": 4509353,
        "Financial expenses": 151020,
        "Of which: Interest expense": "N/A",
        "Cost of sales": 299670,
        "Enterprise cost management": 2773069,
        "Total Operating Expenses": 3223759,
        "Total revenue financing activities": 1097113,
        "Net profit from business activities": 2382705,
        "Profit": -775246,
        "Profit before tax": 1607459,
        "Present corporate income tax expenses": -356044,
        "Deferred income taxes expenses": "N/A",
        "The interests of minority shareholders": 3706,
        "Total Cost of profits": -352338,
        "Profit after tax corporate income": 1247709,
        "Volume": 3723404556,
        "Close of Quarter": 13.2,
        "EPS": 1279,
        "Non-adjusted EPS": 1279,
        "PE": 10.3,
        "Book Price": 14.7
      }
    },
    {
      "quarter": "Q2 2014",
      "income status": {
        "Net sales": 10318161,
        "Cost of goods sold": 5823084,
        "Gross Profit": 4495077,
        "Financial expenses": 542826,
        "Of which: Interest expense": "N/A",
        "Cost of sales": 167243,
        "Enterprise cost management": 1753639,
        "Total Operating Expenses": 2463708,
        "Total revenue financing activities": 1076237,
        "Net profit from business activities": 3107607,
        "Profit": -692642,
        "Profit before tax": 2414964,
        "Present corporate income tax expenses": -530571,
        "Deferred income taxes expenses": "N/A",
        "The interests of minority shareholders": 2206,
        "Total Cost of profits": -528365,
        "Profit after tax corporate income": 1882187,
        "Volume": 3723404556,
        "Close of Quarter": 13.3,
        "EPS": 1532,
        "Non-adjusted EPS": 1532,
        "PE": 8.7,
        "Book Price": 14.3
      }
    },
    {
      "quarter": "Q1 2014",
      "income status": {
        "Net sales": 10276953,
        "Cost of goods sold": 6052723,
        "Gross Profit": 4224230,
        "Financial expenses": 369647,
        "Of which: Interest expense": "N/A",
        "Cost of sales": 157530,
        "Enterprise cost management": 2505396,
        "Total Operating Expenses": 3032573,
        "Total revenue financing activities": 1290861,
        "Net profit from business activities": 2482517,
        "Profit": -1024813,
        "Profit before tax": 1457705,
        "Present corporate income tax expenses": -317746,
        "Deferred income taxes expenses": "N/A",
        "The interests of minority shareholders": 4332,
        "Total Cost of profits": -313414,
        "Profit after tax corporate income": 1135627,
        "Volume": 3723404556,
        "Close of Quarter": 14.4,
        "EPS": 1582,
        "Non-adjusted EPS": 1582,
        "PE": 9.1,
        "Book Price": 14.8
      }
    },
    {
      "quarter": "Q4 2013",
      "income status": {
        "Net sales": 10529815,
        "Cost of goods sold": 6196494,
        "Gross Profit": 4333322,
        "Financial expenses": 111305,
        "Of which: Interest expense": "N/A",
        "Cost of sales": 153887,
        "Enterprise cost management": 3055692,
        "Total Operating Expenses": 3320884,
        "Total revenue financing activities": 1158441,
        "Net profit from business activities": 2170878,
        "Profit": -1465122,
        "Profit before tax": 705756,
        "Present corporate income tax expenses": -203362,
        "Deferred income taxes expenses": "N/A",
        "The interests of minority shareholders": 4280,
        "Total Cost of profits": -199082,
        "Profit after tax corporate income": 498113,
        "Volume": 3723404556,
        "Close of Quarter": 13.8,
        "EPS": 1556,
        "Non-adjusted EPS": 1556,
        "PE": 8.9,
        "Book Price": 14.5
      }
    },
    {
      "quarter": "Q3 2013",
      "income status": {
        "Net sales": 10791495,
        "Cost of goods sold": 6161685,
        "Gross Profit": 4629810,
        "Financial expenses": 102100,
        "Of which: Interest expense": "N/A",
        "Cost of sales": 148087,
        "Enterprise cost management": 2198744,
        "Total Operating Expenses": 2448931,
        "Total revenue financing activities": 1526130,
        "Net profit from business activities": 3707009,
        "Profit": -796826,
        "Profit before tax": 2910184,
        "Present corporate income tax expenses": -720111,
        "Deferred income taxes expenses": "N/A",
        "The interests of minority shareholders": 3343,
        "Total Cost of profits": -716768,
        "Profit after tax corporate income": 2186729,
        "Volume": 3266144348,
        "Close of Quarter": 14.2,
        "EPS": 1784.2,
        "Non-adjusted EPS": 2034,
        "PE": 7.0,
        "Book Price": 13.4
      }
    },
    {
      "quarter": "Q2 2013",
      "income status": {
        "Net sales": 11285482,
        "Cost of goods sold": 6618170,
        "Gross Profit": 4667311,
        "Financial expenses": 163980,
        "Of which: Interest expense": "N/A",
        "Cost of sales": 137202,
        "Enterprise cost management": 2084691,
        "Total Operating Expenses": 2385873,
        "Total revenue financing activities": 999992,
        "Net profit from business activities": 3281430,
        "Profit": -514689,
        "Profit before tax": 2766741,
        "Present corporate income tax expenses": -691898,
        "Deferred income taxes expenses": "N/A",
        "The interests of minority shareholders": 5002,
        "Total Cost of profits": -686896,
        "Profit after tax corporate income": 2069842,
        "Volume": 3266144348,
        "Close of Quarter": 14.8,
        "EPS": 1924.6,
        "Non-adjusted EPS": 2194,
        "PE": 6.8,
        "Book Price": 12.9
      }
    },
    {
      "quarter": "Q1 2013",
      "income status": {
        "Net sales": 11670995,
        "Cost of goods sold": 7025177,
        "Gross Profit": 4645819,
        "Financial expenses": 83087,
        "Of which: Interest expense": "N/A",
        "Cost of sales": 130451,
        "Enterprise cost management": 2567419,
        "Total Operating Expenses": 2780957,
        "Total revenue financing activities": 851366,
        "Net profit from business activities": 2716228,
        "Profit": 1346409,
        "Profit before tax": 1369819,
        "Present corporate income tax expenses": 327362,
        "Deferred income taxes expenses": "N/A",
        "The interests of minority shareholders": 2904,
        "Total Cost of profits": 330266,
        "Profit after tax corporate income": 1039552,
        "Volume": 2621754537,
        "Close of Quarter": 14.0,
        "EPS": 1521.6,
        "Non-adjusted EPS": 2161,
        "PE": 6.5,
        "Book Price": 9.3
      }
    },
    {
      "quarter": "Q4 2012",
      "income status": {
        "Net sales": 11844914,
        "Cost of goods sold": 7142547,
        "Gross Profit": 4702367,
        "Financial expenses": 74401,
        "Of which: Interest expense": "N/A",
        "Cost of sales": 180085,
        "Enterprise cost management": 2374871,
        "Total Operating Expenses": 2629357,
        "Total revenue financing activities": 1374297,
        "Net profit from business activities": 3447307,
        "Profit": 1550888,
        "Profit before tax": 1896418,
        "Present corporate income tax expenses": 545709,
        "Deferred income taxes expenses": "N/A",
        "The interests of minority shareholders": 3867,
        "Total Cost of profits": 549576,
        "Profit after tax corporate income": 1346843,
        "Volume": 2621754537,
        "Close of Quarter": 15.4,
        "EPS": 1654.7,
        "Non-adjusted EPS": 2350,
        "PE": 6.5,
        "Book Price": 9.0
      }
    },
    {
      "quarter": "Q3 2012",
      "income status": {
        "Net sales": 11409797,
        "Cost of goods sold": 6729650,
        "Gross Profit": 4680148,
        "Financial expenses": 122776,
        "Of which: Interest expense": "N/A",
        "Cost of sales": 147420,
        "Enterprise cost management": 1666335,
        "Total Operating Expenses": 1936531,
        "Total revenue financing activities": 1212474,
        "Net profit from business activities": 3956091,
        "Profit": 466253,
        "Profit before tax": 3489838,
        "Present corporate income tax expenses": 777955,
        "Deferred income taxes expenses": "N/A",
        "The interests of minority shareholders": 3766,
        "Total Cost of profits": 781721,
        "Profit after tax corporate income": 2708117,
        "Volume": 2621754537,
        "Close of Quarter": 13.1,
        "EPS": 1768.1,
        "Non-adjusted EPS": 2511,
        "PE": 5.2,
        "Book Price": 8.9
      }
    },
    {
      "quarter": "Q2 2012",
      "income status": {
        "Net sales": 13061626,
        "Cost of goods sold": 8376668,
        "Gross Profit": 4684959,
        "Financial expenses": 23169,
        "Of which: Interest expense": "N/A",
        "Cost of sales": 138768,
        "Enterprise cost management": 3213921,
        "Total Operating Expenses": 3375858,
        "Total revenue financing activities": 955958,
        "Net profit from business activities": 2265059,
        "Profit": 1490292,
        "Profit before tax": 774767,
        "Present corporate income tax expenses": 199233,
        "Deferred income taxes expenses": "N/A",
        "The interests of minority shareholders": 4917,
        "Total Cost of profits": 204150,
        "Profit after tax corporate income": 570616,
        "Volume": 2621754537,
        "Close of Quarter": 14.9,
        "EPS": 1465.3,
        "Non-adjusted EPS": 2081,
        "PE": 7.2,
        "Book Price": 8.2
      }
    },
    {
      "quarter": "Q1 2012",
      "income status": {
        "Net sales": 14350899,
        "Cost of goods sold": 9991873,
        "Gross Profit": 4359025,
        "Financial expenses": 33745,
        "Of which: Interest expense": "N/A",
        "Cost of sales": 105218,
        "Enterprise cost management": 2178359,
        "Total Operating Expenses": 2317322,
        "Total revenue financing activities": 819875,
        "Net profit from business activities": 2861578,
        "Profit": 844958,
        "Profit before tax": 2016620,
        "Present corporate income tax expenses": 476315,
        "Deferred income taxes expenses": "N/A",
        "The interests of minority shareholders": 5584,
        "Total Cost of profits": 481899,
        "Profit after tax corporate income": 1534722,
        "Volume": 2022972161,
        "Close of Quarter": 16.3,
        "EPS": 1827.2,
        "Non-adjusted EPS": 3363,
        "PE": 4.9,
        "Book Price": 8.0
      }
    },
    {
      "quarter": "Q4 2011",
      "income status": {
        "Net sales": 15126753,
        "Cost of goods sold": 9781501,
        "Gross Profit": 5345252,
        "Financial expenses": 139664,
        "Of which: Interest expense": "N/A",
        "Cost of sales": 155168,
        "Enterprise cost management": 894719,
        "Total Operating Expenses": 1189551,
        "Total revenue financing activities": 960562,
        "Net profit from business activities": 5116262,
        "Profit": 2707211,
        "Profit before tax": 2409051,
        "Present corporate income tax expenses": 630538,
        "Deferred income taxes expenses": "N/A",
        "The interests of minority shareholders": 7990,
        "Total Cost of profits": 638528,
        "Profit after tax corporate income": 1770523,
        "Volume": 1685810134,
        "Close of Quarter": 10.1,
        "EPS": 1682.5,
        "Non-adjusted EPS": 3716,
        "PE": 2.7,
        "Book Price": 7.7
      }
    },
    {
      "quarter": "Q3 2011",
      "income status": {
        "Net sales": 14866762,
        "Cost of goods sold": 9509774,
        "Gross Profit": 5356987,
        "Financial expenses": 190776,
        "Of which: Interest expense": "N/A",
        "Cost of sales": 386580,
        "Enterprise cost management": 3177064,
        "Total Operating Expenses": 3754420,
        "Total revenue financing activities": 930985,
        "Net profit from business activities": 2533552,
        "Profit": 471005,
        "Profit before tax": 2062547,
        "Present corporate income tax expenses": 480347,
        "Deferred income taxes expenses": "N/A",
        "The interests of minority shareholders": 2869,
        "Total Cost of profits": 483216,
        "Profit after tax corporate income": 1579331,
        "Volume": 1685810134,
        "Close of Quarter": 13.1,
        "EPS": 1357.4,
        "Non-adjusted EPS": 2998,
        "PE": 4.4,
        "Book Price": 6.5
      }
    },
    {
      "quarter": "Q2 2011",
      "income status": {
        "Net sales": 13750062,
        "Cost of goods sold": 8593255,
        "Gross Profit": 5156807,
        "Financial expenses": 14699,
        "Of which: Interest expense": "N/A",
        "Cost of sales": 168873,
        "Enterprise cost management": 3266707,
        "Total Operating Expenses": 3450279,
        "Total revenue financing activities": 770519,
        "Net profit from business activities": 2477046,
        "Profit": 255150,
        "Profit before tax": 2732196,
        "Present corporate income tax expenses": -810335,
        "Deferred income taxes expenses": "N/A",
        "The interests of minority shareholders": 3493,
        "Total Cost of profits": -806842,
        "Profit after tax corporate income": 1918368,
        "Volume": 1685810134,
        "Close of Quarter": 14.1,
        "EPS": 1262.3,
        "Non-adjusted EPS": 2788,
        "PE": 5.1,
        "Book Price": 6.1
      }
    },
    {
      "quarter": "Q1 2011",
      "income status": {
        "Net sales": 12047929,
        "Cost of goods sold": 7847004,
        "Gross Profit": 4200925,
        "Financial expenses": 57831,
        "Of which: Interest expense": "N/A",
        "Cost of sales": 72503,
        "Enterprise cost management": 1938013,
        "Total Operating Expenses": 2068347,
        "Total revenue financing activities": 1012273,
        "Net profit from business activities": 3144852,
        "Profit": -1983020,
        "Profit before tax": 1161832,
        "Present corporate income tax expenses": -164690,
        "Deferred income taxes expenses": "N/A",
        "The interests of minority shareholders": 1235,
        "Total Cost of profits": -163455,
        "Profit after tax corporate income": 995907,
        "Volume": 1517229121,
        "Close of Quarter": 14.7,
        "EPS": 925.4,
        "Non-adjusted EPS": 2271,
        "PE": 6.5,
        "Book Price": 6.1
      }
    },
    {
      "quarter": "Q4 2010",
      "income status": {
        "Net sales": 9901507,
        "Cost of goods sold": 6156293,
        "Gross Profit": 3745214,
        "Financial expenses": 32050,
        "Of which: Interest expense": "N/A",
        "Cost of sales": 89839,
        "Enterprise cost management": 2149687,
        "Total Operating Expenses": 2271576,
        "Total revenue financing activities": 1346236,
        "Net profit from business activities": 2819874,
        "Profit": -1941567,
        "Profit before tax": 878307,
        "Present corporate income tax expenses": -308272,
        "Deferred income taxes expenses": "N/A",
        "The interests of minority shareholders": 9926,
        "Total Cost of profits": -298346,
        "Profit after tax corporate income": 560109,
        "Volume": 1517229121,
        "Close of Quarter": 11.3,
        "EPS": 922.1,
        "Non-adjusted EPS": 2263,
        "PE": 5.0,
        "Book Price": 4.7
      }
    },
    {
      "quarter": "Q3 2010",
      "income status": {
        "Net sales": 8505279,
        "Cost of goods sold": 5495599,
        "Gross Profit": 3009681,
        "Financial expenses": 86769,
        "Of which: Interest expense": "N/A",
        "Cost of sales": 58097,
        "Enterprise cost management": 1678264,
        "Total Operating Expenses": 1823130,
        "Total revenue financing activities": 642556,
        "Net profit from business activities": 1855238,
        "Profit": -370463,
        "Profit before tax": 1484775,
        "Present corporate income tax expenses": -283734,
        "Deferred income taxes expenses": "N/A",
        "The interests of minority shareholders": -6702,
        "Total Cost of profits": -290436,
        "Profit after tax corporate income": 1226447,
        "Volume": 1125297280,
        "Close of Quarter": 9.3,
        "EPS": 973.2,
        "Non-adjusted EPS": 3220,
        "PE": 2.9,
        "Book Price": 4.6
      }
    },
    {
      "quarter": "Q2 2010",
      "income status": {
        "Net sales": 7601097,
        "Cost of goods sold": 4523689,
        "Gross Profit": 3077408,
        "Financial expenses": 2964,
        "Of which: Interest expense": "N/A",
        "Cost of sales": 68935,
        "Enterprise cost management": 2119227,
        "Total Operating Expenses": 2191126,
        "Total revenue financing activities": 538821,
        "Net profit from business activities": 1431031,
        "Profit": -424753,
        "Profit before tax": 1006278,
        "Present corporate income tax expenses": -322948,
        "Deferred income taxes expenses": "N/A",
        "The interests of minority shareholders": 2142,
        "Total Cost of profits": -320806,
        "Profit after tax corporate income": 662484,
        "Volume": 1125297280,
        "Close of Quarter": 10.7,
        "EPS": 761.6,
        "Non-adjusted EPS": 2520,
        "PE": 4.3,
        "Book Price": 3.6
      }
    },
    {
      "quarter": "Q1 2010",
      "income status": {
        "Net sales": 5905752,
        "Cost of goods sold": 3656357,
        "Gross Profit": 2249395,
        "Financial expenses": 43153,
        "Of which: Interest expense": "N/A",
        "Cost of sales": 49181,
        "Enterprise cost management": 1293616,
        "Total Operating Expenses": 1385950,
        "Total revenue financing activities": 589133,
        "Net profit from business activities": 1452578,
        "Profit": -281465,
        "Profit before tax": 1171113,
        "Present corporate income tax expenses": -183380,
        "Deferred income taxes expenses": "N/A",
        "The interests of minority shareholders": 3507,
        "Total Cost of profits": -179873,
        "Profit after tax corporate income": 984226,
        "Volume": 1125297280,
        "Close of Quarter": 11.4,
        "EPS": 687.0,
        "Non-adjusted EPS": 2273,
        "PE": 5.0,
        "Book Price": 4.7
      }
    },
    {
      "quarter": "Q4 2009",
      "income status": {
        "Net sales": 5434887,
        "Cost of goods sold": 2963160,
        "Gross Profit": 2471727,
        "Financial expenses": "N/A",
        "Of which: Interest expense": "N/A",
        "Cost of sales": 65098,
        "Enterprise cost management": 2145793,
        "Total Operating Expenses": 2210891,
        "Total revenue financing activities": 238158,
        "Net profit from business activities": 514086,
        "Profit": 82185,
        "Profit before tax": 596271,
        "Present corporate income tax expenses": "N/A",
        "Deferred income taxes expenses": "N/A",
        "The interests of minority shareholders": 2399,
        "Total Cost of profits": 2399,
        "Profit after tax corporate income": 749879,
        "Volume": 1125297280,
        "Close of Quarter": 12,
        "EPS": 746.2,
        "Non-adjusted EPS": 2469,
        "PE": 4.9,
        "Book Price": 4.6
      }
    },
    {
      "quarter": "Q3 2009",
      "income status": {
        "Net sales": 4701488,
        "Cost of goods sold": 2613295,
        "Gross Profit": 2088193,
        "Financial expenses": "N/A",
        "Of which: Interest expense": "N/A",
        "Cost of sales": 41754,
        "Enterprise cost management": 1381006,
        "Total Operating Expenses": 1422760,
        "Total revenue financing activities": 313795,
        "Net profit from business activities": 1571704,
        "Profit": 1571704,
        "Profit before tax": 839238,
        "Present corporate income tax expenses": "N/A",
        "Deferred income taxes expenses": "N/A",
        "The interests of minority shareholders": "N/A",
        "Total Cost of profits": 0,
        "Profit after tax corporate income": 438619,
        "Volume": 1125297280,
        "Close of Quarter": 15.0,
        "EPS": 544.6,
        "Non-adjusted EPS": 1802,
        "PE": 8.3,
        "Book Price": 4.4
      }
    },
    {
      "quarter": "Q2 2009",
      "income status": {
        "Net sales": 4185638,
        "Cost of goods sold": 2354635,
        "Gross Profit": 1831003,
        "Financial expenses": "N/A",
        "Of which: Interest expense": "N/A",
        "Cost of sales": "N/A",
        "Enterprise cost management": 1526782,
        "Total Operating Expenses": 1526782,
        "Total revenue financing activities": 146150,
        "Net profit from business activities": 794017,
        "Profit": 794017,
        "Profit before tax": 872592,
        "Present corporate income tax expenses": "N/A",
        "Deferred income taxes expenses": "N/A",
        "The interests of minority shareholders": "N/A",
        "Total Cost of profits": 0,
        "Profit after tax corporate income": 384864,
        "Volume": 1125297280,
        "Close of Quarter": "N/A",
        "EPS": 426.7,
        "Non-adjusted EPS": 1412,
        "PE": "N/A",
        "Book Price": 3.6
      }
    },
    {
      "quarter": "Q1 2009",
      "income status": {
        "Net sales": 4705822,
        "Cost of goods sold": 3055312,
        "Gross Profit": 1650510,
        "Financial expenses": "N/A",
        "Of which: Interest expense": "N/A",
        "Cost of sales": 34325,
        "Enterprise cost management": 724944,
        "Total Operating Expenses": 759269,
        "Total revenue financing activities": 177655,
        "Net profit from business activities": 1206290,
        "Profit": 1206290,
        "Profit before tax": 1206290,
        "Present corporate income tax expenses": "N/A",
        "Deferred income taxes expenses": "N/A",
        "The interests of minority shareholders": "N/A",
        "Total Cost of profits": 0,
        "Profit after tax corporate income": 1204597,
        "Volume": 1125297280,
        "Close of Quarter": "N/A",
        "EPS": 323.4,
        "Non-adjusted EPS": 1070,
        "PE": "N/A",
        "Book Price": 3.6
      }
    }
  ]
}