{
  "ticker": "PLC",
  "data": [
    {
      "quarter": "Q1 2017",
      "income status": {
        "Net sales": 1145083,
        "Cost of goods sold": 936222,
        "Gross Profit": 208861,
        "Financial expenses": 16390,
        "Of which: Interest expense": 16559,
        "Cost of sales": 113814,
        "Enterprise cost management": 26106,
        "Total Operating Expenses": 156310,
        "Total revenue financing activities": 7765,
        "Net profit from business activities": 60338,
        "Profit": 61,
        "Profit before tax": 60400,
        "Present corporate income tax expenses": 12111,
        "Deferred income taxes expenses": "N/A",
        "The interests of minority shareholders": "N/A",
        "Total Cost of profits": 12111,
        "Profit after tax corporate income": 48289,
        "Volume": 80798839,
        "Close of Quarter": 26.2,
        "EPS": 2656,
        "Non-adjusted EPS": 2656,
        "PE": 9.9,
        "Book Price": 17.3
      }
    },
    {
      "quarter": "Q4 2016",
      "income status": {
        "Net sales": 1473483,
        "Cost of goods sold": 1278852,
        "Gross Profit": 194631,
        "Financial expenses": 29093,
        "Of which: Interest expense": 7431,
        "Cost of sales": 89002,
        "Enterprise cost management": 20191,
        "Total Operating Expenses": 138286,
        "Total revenue financing activities": 5035,
        "Net profit from business activities": 62461,
        "Profit": 7348,
        "Profit before tax": 69809,
        "Present corporate income tax expenses": 9686,
        "Deferred income taxes expenses": "N/A",
        "The interests of minority shareholders": "N/A",
        "Total Cost of profits": 9686,
        "Profit after tax corporate income": 60123,
        "Volume": 80798839,
        "Close of Quarter": 25.7,
        "EPS": 2543,
        "Non-adjusted EPS": 2543,
        "PE": 10.1,
        "Book Price": 16.7
      }
    },
    {
      "quarter": "Q3 2016",
      "income status": {
        "Net sales": 1018600,
        "Cost of goods sold": 840297,
        "Gross Profit": 178303,
        "Financial expenses": 11724,
        "Of which: Interest expense": 11311,
        "Cost of sales": 97974,
        "Enterprise cost management": 19026,
        "Total Operating Expenses": 128724,
        "Total revenue financing activities": 4603,
        "Net profit from business activities": 52488,
        "Profit": -4654,
        "Profit before tax": 47835,
        "Present corporate income tax expenses": 11535,
        "Deferred income taxes expenses": "N/A",
        "The interests of minority shareholders": "N/A",
        "Total Cost of profits": 11535,
        "Profit after tax corporate income": 36300,
        "Volume": 80798839,
        "Close of Quarter": 26.1,
        "EPS": 2465,
        "Non-adjusted EPS": 2465,
        "PE": 10.6,
        "Book Price": 15.8
      }
    },
    {
      "quarter": "Q2 2016",
      "income status": {
        "Net sales": 1136904,
        "Cost of goods sold": 882185,
        "Gross Profit": 254719,
        "Financial expenses": 22751,
        "Of which: Interest expense": 19521,
        "Cost of sales": 122393,
        "Enterprise cost management": 42791,
        "Total Operating Expenses": 187935,
        "Total revenue financing activities": 9007,
        "Net profit from business activities": 85301,
        "Profit": 5214,
        "Profit before tax": 90515,
        "Present corporate income tax expenses": 20651,
        "Deferred income taxes expenses": "N/A",
        "The interests of minority shareholders": "N/A",
        "Total Cost of profits": 20651,
        "Profit after tax corporate income": 69865,
        "Volume": 80798839,
        "Close of Quarter": 28.5,
        "EPS": 3105,
        "Non-adjusted EPS": 3105,
        "PE": 9.2,
        "Book Price": 15.4
      }
    },
    {
      "quarter": "Q1 2016",
      "income status": {
        "Net sales": 1170965,
        "Cost of goods sold": 996286,
        "Gross Profit": 174679,
        "Financial expenses": 13797,
        "Of which: Interest expense": 11979,
        "Cost of sales": 102430,
        "Enterprise cost management": 21452,
        "Total Operating Expenses": 137679,
        "Total revenue financing activities": 13092,
        "Net profit from business activities": 50092,
        "Profit": -615,
        "Profit before tax": 49477,
        "Present corporate income tax expenses": 10311,
        "Deferred income taxes expenses": "N/A",
        "The interests of minority shareholders": "N/A",
        "Total Cost of profits": 10311,
        "Profit after tax corporate income": 39166,
        "Volume": 80798839,
        "Close of Quarter": 29.4,
        "EPS": 3819,
        "Non-adjusted EPS": 3819,
        "PE": 7.7,
        "Book Price": 14.7
      }
    },
    {
      "quarter": "Q4 2015",
      "income status": {
        "Net sales": 1626308,
        "Cost of goods sold": 1335787,
        "Gross Profit": 290521,
        "Financial expenses": 36950,
        "Of which: Interest expense": 23286,
        "Cost of sales": 170048,
        "Enterprise cost management": 35181,
        "Total Operating Expenses": 242179,
        "Total revenue financing activities": 17757,
        "Net profit from business activities": 66099,
        "Profit": -349,
        "Profit before tax": 65750,
        "Present corporate income tax expenses": 11945,
        "Deferred income taxes expenses": "N/A",
        "The interests of minority shareholders": "N/A",
        "Total Cost of profits": 11945,
        "Profit after tax corporate income": 53804,
        "Volume": 80798839,
        "Close of Quarter": 33.7,
        "EPS": 4067,
        "Non-adjusted EPS": 4067,
        "PE": 8.3,
        "Book Price": 14.2
      }
    },
    {
      "quarter": "Q3 2015",
      "income status": {
        "Net sales": 1690115,
        "Cost of goods sold": 1362333,
        "Gross Profit": 327781,
        "Financial expenses": 52691,
        "Of which: Interest expense": 9917,
        "Cost of sales": 134649,
        "Enterprise cost management": 41657,
        "Total Operating Expenses": 228997,
        "Total revenue financing activities": 12230,
        "Net profit from business activities": 111014,
        "Profit": 4359,
        "Profit before tax": 115373,
        "Present corporate income tax expenses": 27310,
        "Deferred income taxes expenses": "N/A",
        "The interests of minority shareholders": "N/A",
        "Total Cost of profits": 27310,
        "Profit after tax corporate income": 88063,
        "Volume": 80798839,
        "Close of Quarter": 29.7,
        "EPS": 4342,
        "Non-adjusted EPS": 4342,
        "PE": 6.8,
        "Book Price": 16.6
      }
    },
    {
      "quarter": "Q2 2015",
      "income status": {
        "Net sales": 1781344,
        "Cost of goods sold": 1377160,
        "Gross Profit": 404185,
        "Financial expenses": 38891,
        "Of which: Interest expense": 9964,
        "Cost of sales": 157676,
        "Enterprise cost management": 48741,
        "Total Operating Expenses": 245308,
        "Total revenue financing activities": 6113,
        "Net profit from business activities": 164989,
        "Profit": -71,
        "Profit before tax": 164919,
        "Present corporate income tax expenses": 37390,
        "Deferred income taxes expenses": "N/A",
        "The interests of minority shareholders": "N/A",
        "Total Cost of profits": 37390,
        "Profit after tax corporate income": 127528,
        "Volume": 70260837,
        "Close of Quarter": 24.4,
        "EPS": 4310.5,
        "Non-adjusted EPS": 4957,
        "PE": 4.9,
        "Book Price": 15.9
      }
    },
    {
      "quarter": "Q1 2015",
      "income status": {
        "Net sales": 1818254,
        "Cost of goods sold": 1565517,
        "Gross Profit": 252738,
        "Financial expenses": 29766,
        "Of which: Interest expense": 7132,
        "Cost of sales": 128399,
        "Enterprise cost management": 22677,
        "Total Operating Expenses": 180842,
        "Total revenue financing activities": 4970,
        "Net profit from business activities": 76865,
        "Profit": 717,
        "Profit before tax": 77582,
        "Present corporate income tax expenses": 18369,
        "Deferred income taxes expenses": "N/A",
        "The interests of minority shareholders": "N/A",
        "Total Cost of profits": 18369,
        "Profit after tax corporate income": 59213,
        "Volume": 70260837,
        "Close of Quarter": 25.3,
        "EPS": 3474.8,
        "Non-adjusted EPS": 3996,
        "PE": 6.3,
        "Book Price": 14.4
      }
    },
    {
      "quarter": "Q4 2014",
      "income status": {
        "Net sales": 1759084,
        "Cost of goods sold": 1488903,
        "Gross Profit": 270181,
        "Financial expenses": 15810,
        "Of which: Interest expense": 6835,
        "Cost of sales": 121326,
        "Enterprise cost management": 40536,
        "Total Operating Expenses": 177672,
        "Total revenue financing activities": 4820,
        "Net profit from business activities": 97328,
        "Profit": 410,
        "Profit before tax": 97737,
        "Present corporate income tax expenses": 21739,
        "Deferred income taxes expenses": "N/A",
        "The interests of minority shareholders": "N/A",
        "Total Cost of profits": 21739,
        "Profit after tax corporate income": 75998,
        "Volume": 70260837,
        "Close of Quarter": 22.2,
        "EPS": 3300.9,
        "Non-adjusted EPS": 3796,
        "PE": 5.9,
        "Book Price": 13.7
      }
    },
    {
      "quarter": "Q3 2014",
      "income status": {
        "Net sales": 1783835,
        "Cost of goods sold": 1523105,
        "Gross Profit": 260730,
        "Financial expenses": 11648,
        "Of which: Interest expense": 6425,
        "Cost of sales": 122175,
        "Enterprise cost management": 28577,
        "Total Operating Expenses": 162400,
        "Total revenue financing activities": 5375,
        "Net profit from business activities": 103706,
        "Profit": 6243,
        "Profit before tax": 109948,
        "Present corporate income tax expenses": 24410,
        "Deferred income taxes expenses": "N/A",
        "The interests of minority shareholders": "N/A",
        "Total Cost of profits": 24410,
        "Profit after tax corporate income": 85538,
        "Volume": 70260837,
        "Close of Quarter": 16.9,
        "EPS": 2834.8,
        "Non-adjusted EPS": 3260,
        "PE": 5.2,
        "Book Price": 15.0
      }
    },
    {
      "quarter": "Q2 2014",
      "income status": {
        "Net sales": 1622302,
        "Cost of goods sold": 1367651,
        "Gross Profit": 254651,
        "Financial expenses": 12550,
        "Of which: Interest expense": 4100,
        "Cost of sales": 113845,
        "Enterprise cost management": 56803,
        "Total Operating Expenses": 183198,
        "Total revenue financing activities": 4126,
        "Net profit from business activities": 75580,
        "Profit": 1505,
        "Profit before tax": 77085,
        "Present corporate income tax expenses": 17077,
        "Deferred income taxes expenses": "N/A",
        "The interests of minority shareholders": "N/A",
        "Total Cost of profits": 17077,
        "Profit after tax corporate income": 60009,
        "Volume": 65057390,
        "Close of Quarter": 12.6,
        "EPS": 2303.6,
        "Non-adjusted EPS": 2861,
        "PE": 4.4,
        "Book Price": 14.0
      }
    },
    {
      "quarter": "Q1 2014",
      "income status": {
        "Net sales": 1655526,
        "Cost of goods sold": 1445851,
        "Gross Profit": 209675,
        "Financial expenses": 11586,
        "Of which: Interest expense": 10226,
        "Cost of sales": 119226,
        "Enterprise cost management": 26218,
        "Total Operating Expenses": 157030,
        "Total revenue financing activities": 5579,
        "Net profit from business activities": 58225,
        "Profit": 215,
        "Profit before tax": 58440,
        "Present corporate income tax expenses": 13267,
        "Deferred income taxes expenses": "N/A",
        "The interests of minority shareholders": "N/A",
        "Total Cost of profits": 13267,
        "Profit after tax corporate income": 45173,
        "Volume": 65057390,
        "Close of Quarter": 14.4,
        "EPS": 2327.8,
        "Non-adjusted EPS": 2891,
        "PE": 5.0,
        "Book Price": 14.6
      }
    },
    {
      "quarter": "Q4 2013",
      "income status": {
        "Net sales": 1838412,
        "Cost of goods sold": 1638036,
        "Gross Profit": 200376,
        "Financial expenses": 27678,
        "Of which: Interest expense": 13574,
        "Cost of sales": 100656,
        "Enterprise cost management": 30514,
        "Total Operating Expenses": 158848,
        "Total revenue financing activities": 6669,
        "Net profit from business activities": 48197,
        "Profit": 3204,
        "Profit before tax": 51401,
        "Present corporate income tax expenses": 13103,
        "Deferred income taxes expenses": "N/A",
        "The interests of minority shareholders": "N/A",
        "Total Cost of profits": 13103,
        "Profit after tax corporate income": 38299,
        "Volume": 65057390,
        "Close of Quarter": 10.7,
        "EPS": 2341.5,
        "Non-adjusted EPS": 2908,
        "PE": 3.7,
        "Book Price": 14.0
      }
    },
    {
      "quarter": "Q3 2013",
      "income status": {
        "Net sales": 1354082,
        "Cost of goods sold": 1198834,
        "Gross Profit": 155248,
        "Financial expenses": 23242,
        "Of which: Interest expense": 14625,
        "Cost of sales": 72470,
        "Enterprise cost management": 12854,
        "Total Operating Expenses": 108566,
        "Total revenue financing activities": 6181,
        "Net profit from business activities": 52863,
        "Profit": 4155,
        "Profit before tax": 57018,
        "Present corporate income tax expenses": 14388,
        "Deferred income taxes expenses": "N/A",
        "The interests of minority shareholders": "N/A",
        "Total Cost of profits": 14388,
        "Profit after tax corporate income": 42629,
        "Volume": 65057390,
        "Close of Quarter": 9.7,
        "EPS": 2356.8,
        "Non-adjusted EPS": 2927,
        "PE": 3.3,
        "Book Price": 13.5
      }
    },
    {
      "quarter": "Q2 2013",
      "income status": {
        "Net sales": 1608817,
        "Cost of goods sold": 1390884,
        "Gross Profit": 217934,
        "Financial expenses": 19351,
        "Of which: Interest expense": 15370,
        "Cost of sales": 101623,
        "Enterprise cost management": 21043,
        "Total Operating Expenses": 142017,
        "Total revenue financing activities": 1962,
        "Net profit from business activities": 77878,
        "Profit": 4592,
        "Profit before tax": 82470,
        "Present corporate income tax expenses": 20518,
        "Deferred income taxes expenses": "N/A",
        "The interests of minority shareholders": "N/A",
        "Total Cost of profits": 20518,
        "Profit after tax corporate income": 61952,
        "Volume": 60239378,
        "Close of Quarter": 9.5,
        "EPS": 2177,
        "Non-adjusted EPS": 2920,
        "PE": 3.3,
        "Book Price": 13.0
      }
    },
    {
      "quarter": "Q1 2013",
      "income status": {
        "Net sales": 1395010,
        "Cost of goods sold": 1208274,
        "Gross Profit": 186736,
        "Financial expenses": 18441,
        "Of which: Interest expense": 13290,
        "Cost of sales": 97801,
        "Enterprise cost management": 11543,
        "Total Operating Expenses": 127785,
        "Total revenue financing activities": 3323,
        "Net profit from business activities": 62274,
        "Profit": 108,
        "Profit before tax": 62382,
        "Present corporate income tax expenses": 16047,
        "Deferred income taxes expenses": "N/A",
        "The interests of minority shareholders": "N/A",
        "Total Cost of profits": 16047,
        "Profit after tax corporate income": 46335,
        "Volume": 60239378,
        "Close of Quarter": 8.4,
        "EPS": 2051,
        "Non-adjusted EPS": 2751,
        "PE": 3.0,
        "Book Price": 12.8
      }
    },
    {
      "quarter": "Q4 2012",
      "income status": {
        "Net sales": 1632999,
        "Cost of goods sold": 1447832,
        "Gross Profit": 185167,
        "Financial expenses": 18891,
        "Of which: Interest expense": 15878,
        "Cost of sales": 110165,
        "Enterprise cost management": 15322,
        "Total Operating Expenses": 144378,
        "Total revenue financing activities": 8141,
        "Net profit from business activities": 48930,
        "Profit": 5815,
        "Profit before tax": 54745,
        "Present corporate income tax expenses": 15222,
        "Deferred income taxes expenses": "N/A",
        "The interests of minority shareholders": "N/A",
        "Total Cost of profits": 15222,
        "Profit after tax corporate income": 39523,
        "Volume": 60239378,
        "Close of Quarter": 8.6,
        "EPS": 2090.5,
        "Non-adjusted EPS": 2804,
        "PE": 3.1,
        "Book Price": 12.2
      }
    },
    {
      "quarter": "Q3 2012",
      "income status": {
        "Net sales": 1427061,
        "Cost of goods sold": 1279422,
        "Gross Profit": 147639,
        "Financial expenses": 18084,
        "Of which: Interest expense": 16862,
        "Cost of sales": 74205,
        "Enterprise cost management": 23575,
        "Total Operating Expenses": 115864,
        "Total revenue financing activities": 4800,
        "Net profit from business activities": 36575,
        "Profit": 936,
        "Profit before tax": 37511,
        "Present corporate income tax expenses": 9439,
        "Deferred income taxes expenses": "N/A",
        "The interests of minority shareholders": "N/A",
        "Total Cost of profits": 9439,
        "Profit after tax corporate income": 28072,
        "Volume": 60239378,
        "Close of Quarter": 8.1,
        "EPS": 2030.9,
        "Non-adjusted EPS": 2724,
        "PE": 3.0,
        "Book Price": 13.1
      }
    },
    {
      "quarter": "Q2 2012",
      "income status": {
        "Net sales": 1509723,
        "Cost of goods sold": 1346901,
        "Gross Profit": 162822,
        "Financial expenses": 26298,
        "Of which: Interest expense": 23018,
        "Cost of sales": 67227,
        "Enterprise cost management": 9944,
        "Total Operating Expenses": 103469,
        "Total revenue financing activities": 9739,
        "Net profit from business activities": 69092,
        "Profit": 234,
        "Profit before tax": 69326,
        "Present corporate income tax expenses": 17543,
        "Deferred income taxes expenses": "N/A",
        "The interests of minority shareholders": "N/A",
        "Total Cost of profits": 17543,
        "Profit after tax corporate income": 51783,
        "Volume": 50200363,
        "Close of Quarter": 9.1,
        "EPS": 2885.3,
        "Non-adjusted EPS": 4644,
        "PE": 2.0,
        "Book Price": 12.7
      }
    },
    {
      "quarter": "Q1 2012",
      "income status": {
        "Net sales": 1492163,
        "Cost of goods sold": 1324880,
        "Gross Profit": 167283,
        "Financial expenses": 25688,
        "Of which: Interest expense": 19585,
        "Cost of sales": 72445,
        "Enterprise cost management": 18117,
        "Total Operating Expenses": 116250,
        "Total revenue financing activities": 14939,
        "Net profit from business activities": 65971,
        "Profit": 104,
        "Profit before tax": 66075,
        "Present corporate income tax expenses": 16561,
        "Deferred income taxes expenses": "N/A",
        "The interests of minority shareholders": "N/A",
        "Total Cost of profits": 16561,
        "Profit after tax corporate income": 49514,
        "Volume": 50200363,
        "Close of Quarter": 6.9,
        "EPS": 3004.6,
        "Non-adjusted EPS": 4836,
        "PE": 1.4,
        "Book Price": 12.5
      }
    },
    {
      "quarter": "Q4 2011",
      "income status": {
        "Net sales": 1950199,
        "Cost of goods sold": 1714116,
        "Gross Profit": 236083,
        "Financial expenses": 42694,
        "Of which: Interest expense": 23342,
        "Cost of sales": 123737,
        "Enterprise cost management": 31437,
        "Total Operating Expenses": 197868,
        "Total revenue financing activities": 7633,
        "Net profit from business activities": 45849,
        "Profit": 521,
        "Profit before tax": 310264,
        "Present corporate income tax expenses": 11653,
        "Deferred income taxes expenses": "N/A",
        "The interests of minority shareholders": "N/A",
        "Total Cost of profits": 11653,
        "Profit after tax corporate income": 34717,
        "Volume": 50200363,
        "Close of Quarter": 5.8,
        "EPS": 2883.5,
        "Non-adjusted EPS": 4641,
        "PE": 1.2,
        "Book Price": 11.9
      }
    },
    {
      "quarter": "Q3 2011",
      "income status": {
        "Net sales": 1405345,
        "Cost of goods sold": 1174350,
        "Gross Profit": 230995,
        "Financial expenses": 26096,
        "Of which: Interest expense": 19667,
        "Cost of sales": 74704,
        "Enterprise cost management": 14541,
        "Total Operating Expenses": 115341,
        "Total revenue financing activities": 12113,
        "Net profit from business activities": 127766,
        "Profit": 1725,
        "Profit before tax": 263894,
        "Present corporate income tax expenses": 32387,
        "Deferred income taxes expenses": "N/A",
        "The interests of minority shareholders": "N/A",
        "Total Cost of profits": 32387,
        "Profit after tax corporate income": 97104,
        "Volume": 43653499,
        "Close of Quarter": 7.3,
        "EPS": 3682.0,
        "Non-adjusted EPS": 6815,
        "PE": 1.1,
        "Book Price": 11.5
      }
    },
    {
      "quarter": "Q2 2011",
      "income status": {
        "Net sales": 1435560,
        "Cost of goods sold": 1227863,
        "Gross Profit": 207697,
        "Financial expenses": 54275,
        "Of which: Interest expense": 15249,
        "Cost of sales": 78862,
        "Enterprise cost management": 15544,
        "Total Operating Expenses": 148681,
        "Total revenue financing activities": 18271,
        "Net profit from business activities": 77287,
        "Profit": 4578,
        "Profit before tax": 81865,
        "Present corporate income tax expenses": 20456,
        "Deferred income taxes expenses": "N/A",
        "The interests of minority shareholders": "N/A",
        "Total Cost of profits": 20456,
        "Profit after tax corporate income": 61409,
        "Volume": 34923619,
        "Close of Quarter": 7.4,
        "EPS": 3387.8,
        "Non-adjusted EPS": 7838,
        "PE": 1.0,
        "Book Price": 10.3
      }
    },
    {
      "quarter": "Q1 2011",
      "income status": {
        "Net sales": 1289152,
        "Cost of goods sold": 1087669,
        "Gross Profit": 201484,
        "Financial expenses": 80802,
        "Of which: Interest expense": 15322,
        "Cost of sales": 76718,
        "Enterprise cost management": 2345,
        "Total Operating Expenses": 159865,
        "Total revenue financing activities": 10928,
        "Net profit from business activities": 52547,
        "Profit": 489,
        "Profit before tax": 53035,
        "Present corporate income tax expenses": 13290,
        "Deferred income taxes expenses": "N/A",
        "The interests of minority shareholders": "N/A",
        "Total Cost of profits": 13290,
        "Profit after tax corporate income": 39745,
        "Volume": 34923619,
        "Close of Quarter": 8.5,
        "EPS": 3174.7,
        "Non-adjusted EPS": 7345,
        "PE": 1.2,
        "Book Price": 9.6
      }
    },
    {
      "quarter": "Q4 2010",
      "income status": {
        "Net sales": 1481685,
        "Cost of goods sold": 1162758,
        "Gross Profit": 318927,
        "Financial expenses": 41425,
        "Of which: Interest expense": 16064,
        "Cost of sales": 116704,
        "Enterprise cost management": 56222,
        "Total Operating Expenses": 214351,
        "Total revenue financing activities": 4215,
        "Net profit from business activities": 108792,
        "Profit": 2206,
        "Profit before tax": 110998,
        "Present corporate income tax expenses": 11739,
        "Deferred income taxes expenses": "N/A",
        "The interests of minority shareholders": "N/A",
        "Total Cost of profits": 11739,
        "Profit after tax corporate income": 99259,
        "Volume": 29103765,
        "Close of Quarter": 10.5,
        "EPS": 3336.2,
        "Non-adjusted EPS": 9262,
        "PE": 1.1,
        "Book Price": 9.2
      }
    },
    {
      "quarter": "Q3 2010",
      "income status": {
        "Net sales": 1245339,
        "Cost of goods sold": 1062655,
        "Gross Profit": 182683,
        "Financial expenses": 31449,
        "Of which: Interest expense": 13546,
        "Cost of sales": 65348,
        "Enterprise cost management": 6568,
        "Total Operating Expenses": 103365,
        "Total revenue financing activities": 3500,
        "Net profit from business activities": 82819,
        "Profit": 1098,
        "Profit before tax": 83916,
        "Present corporate income tax expenses": 10609,
        "Deferred income taxes expenses": "N/A",
        "The interests of minority shareholders": "N/A",
        "Total Cost of profits": 10609,
        "Profit after tax corporate income": 73307,
        "Volume": 27717894,
        "Close of Quarter": 10.0,
        "EPS": 3434.3,
        "Non-adjusted EPS": 10011,
        "PE": 1,
        "Book Price": 7.9
      }
    },
    {
      "quarter": "Q2 2010",
      "income status": {
        "Net sales": 1161243,
        "Cost of goods sold": 1021171,
        "Gross Profit": 140072,
        "Financial expenses": 19125,
        "Of which: Interest expense": 11006,
        "Cost of sales": 73528,
        "Enterprise cost management": 1917,
        "Total Operating Expenses": 94570,
        "Total revenue financing activities": 6048,
        "Net profit from business activities": 51551,
        "Profit": 718,
        "Profit before tax": 52269,
        "Present corporate income tax expenses": 8058,
        "Deferred income taxes expenses": "N/A",
        "The interests of minority shareholders": "N/A",
        "Total Cost of profits": 8058,
        "Profit after tax corporate income": 44211,
        "Volume": 22174888,
        "Close of Quarter": 11.7,
        "EPS": 2876.5,
        "Non-adjusted EPS": 10481,
        "PE": 1.1,
        "Book Price": 6.9
      }
    },
    {
      "quarter": "Q1 2010",
      "income status": {
        "Net sales": 1265797,
        "Cost of goods sold": 1102861,
        "Gross Profit": 162936,
        "Financial expenses": 31433,
        "Of which: Interest expense": 12255,
        "Cost of sales": 65680,
        "Enterprise cost management": 10465,
        "Total Operating Expenses": 107578,
        "Total revenue financing activities": 3393,
        "Net profit from business activities": 58752,
        "Profit": 4105,
        "Profit before tax": 62857,
        "Present corporate income tax expenses": 10066,
        "Deferred income taxes expenses": "N/A",
        "The interests of minority shareholders": "N/A",
        "Total Cost of profits": 10066,
        "Profit after tax corporate income": 52790,
        "Volume": 22174888,
        "Close of Quarter": 10.2,
        "EPS": 2724.7,
        "Non-adjusted EPS": 9928,
        "PE": 1.0,
        "Book Price": 6.6
      }
    },
    {
      "quarter": "Q4 2009",
      "income status": {
        "Net sales": 1241131,
        "Cost of goods sold": 993076,
        "Gross Profit": 248056,
        "Financial expenses": 26455,
        "Of which: Interest expense": "N/A",
        "Cost of sales": 77561,
        "Enterprise cost management": 21825,
        "Total Operating Expenses": 125841,
        "Total revenue financing activities": 1498,
        "Net profit from business activities": 123713,
        "Profit": -393,
        "Profit before tax": 123321,
        "Present corporate income tax expenses": 16137,
        "Deferred income taxes expenses": "N/A",
        "The interests of minority shareholders": "N/A",
        "Total Cost of profits": 16137,
        "Profit after tax corporate income": 107184,
        "Volume": 20159000,
        "Close of Quarter": 5.5,
        "EPS": 2168.6,
        "Non-adjusted EPS": 8692,
        "PE": 0.6,
        "Book Price": 5.9
      }
    },
    {
      "quarter": "Q3 2009",
      "income status": {
        "Net sales": 988695,
        "Cost of goods sold": 854485,
        "Gross Profit": 134210,
        "Financial expenses": 12608,
        "Of which: Interest expense": 7251,
        "Cost of sales": 67245,
        "Enterprise cost management": 31829,
        "Total Operating Expenses": 111682,
        "Total revenue financing activities": 2766,
        "Net profit from business activities": 25293,
        "Profit": 4562,
        "Profit before tax": 29856,
        "Present corporate income tax expenses": 1628,
        "Deferred income taxes expenses": "N/A",
        "The interests of minority shareholders": "N/A",
        "Total Cost of profits": 1628,
        "Profit after tax corporate income": 28228,
        "Volume": 16127200,
        "Close of Quarter": 4.8,
        "EPS": 813.6,
        "Non-adjusted EPS": 4076,
        "PE": 1.2,
        "Book Price": 4.6
      }
    },
    {
      "quarter": "Q2 2009",
      "income status": {
        "Net sales": 834050,
        "Cost of goods sold": 725692,
        "Gross Profit": 108358,
        "Financial expenses": 29394,
        "Of which: Interest expense": 7007,
        "Cost of sales": 47003,
        "Enterprise cost management": 5945,
        "Total Operating Expenses": 82342,
        "Total revenue financing activities": 6808,
        "Net profit from business activities": 32825,
        "Profit": 5696,
        "Profit before tax": 38521,
        "Present corporate income tax expenses": 6574,
        "Deferred income taxes expenses": "N/A",
        "The interests of minority shareholders": "N/A",
        "Total Cost of profits": 6574,
        "Profit after tax corporate income": 31947,
        "Volume": 16127200,
        "Close of Quarter": 3.4,
        "EPS": 777.2,
        "Non-adjusted EPS": 3894,
        "PE": 0.9,
        "Book Price": 4.3
      }
    },
    {
      "quarter": "Q1 2009",
      "income status": {
        "Net sales": 680558,
        "Cost of goods sold": 576405,
        "Gross Profit": 104153,
        "Financial expenses": 36227,
        "Of which: Interest expense": "N/A",
        "Cost of sales": 47383,
        "Enterprise cost management": 14363,
        "Total Operating Expenses": 97973,
        "Total revenue financing activities": 4141,
        "Net profit from business activities": 10321,
        "Profit": 325,
        "Profit before tax": 10646,
        "Present corporate income tax expenses": 2789,
        "Deferred income taxes expenses": "N/A",
        "The interests of minority shareholders": "N/A",
        "Total Cost of profits": 2789,
        "Profit after tax corporate income": 7856,
        "Volume": 16127200,
        "Close of Quarter": 2.2,
        "EPS": 660.7,
        "Non-adjusted EPS": 3310,
        "PE": 0.7,
        "Book Price": 4.3
      }
    },
    {
      "quarter": "Q4 2008",
      "income status": {
        "Net sales": 720598,
        "Cost of goods sold": 625984,
        "Gross Profit": 94614,
        "Financial expenses": 39862,
        "Of which: Interest expense": "N/A",
        "Cost of sales": 63010,
        "Enterprise cost management": -2828,
        "Total Operating Expenses": 100044,
        "Total revenue financing activities": 6121,
        "Net profit from business activities": 692,
        "Profit": -2017,
        "Profit before tax": -1325,
        "Present corporate income tax expenses": 978,
        "Deferred income taxes expenses": "N/A",
        "The interests of minority shareholders": "N/A",
        "Total Cost of profits": 978,
        "Profit after tax corporate income": -2303,
        "Volume": 16127200,
        "Close of Quarter": 2.7,
        "EPS": 785.8,
        "Non-adjusted EPS": 3937,
        "PE": 0.7,
        "Book Price": 4.3
      }
    },
    {
      "quarter": "Q3 2008",
      "income status": {
        "Net sales": 673421,
        "Cost of goods sold": 584571,
        "Gross Profit": 88850,
        "Financial expenses": 27994,
        "Of which: Interest expense": "N/A",
        "Cost of sales": 33967,
        "Enterprise cost management": 6743,
        "Total Operating Expenses": 68704,
        "Total revenue financing activities": 5305,
        "Net profit from business activities": 25451,
        "Profit": 3966,
        "Profit before tax": 29417,
        "Present corporate income tax expenses": 4122,
        "Deferred income taxes expenses": "N/A",
        "The interests of minority shareholders": "N/A",
        "Total Cost of profits": 4122,
        "Profit after tax corporate income": 25295,
        "Volume": 16056100,
        "Close of Quarter": 3.2,
        "EPS": 1053.8,
        "Non-adjusted EPS": 5303,
        "PE": 0.6,
        "Book Price": 4.3
      }
    },
    {
      "quarter": "Q2 2008",
      "income status": {
        "Net sales": 792008,
        "Cost of goods sold": 676703,
        "Gross Profit": 115306,
        "Financial expenses": 39933,
        "Of which: Interest expense": "N/A",
        "Cost of sales": 47197,
        "Enterprise cost management": 10336,
        "Total Operating Expenses": 97466,
        "Total revenue financing activities": 8325,
        "Net profit from business activities": 26164,
        "Profit": 343,
        "Profit before tax": 26508,
        "Present corporate income tax expenses": 3971,
        "Deferred income taxes expenses": "N/A",
        "The interests of minority shareholders": "N/A",
        "Total Cost of profits": 3971,
        "Profit after tax corporate income": 22537,
        "Volume": 16056100,
        "Close of Quarter": 2.2,
        "EPS": 887.5,
        "Non-adjusted EPS": 4466,
        "PE": 0.5,
        "Book Price": 4.0
      }
    },
    {
      "quarter": "Q1 2008",
      "income status": {
        "Net sales": 787795,
        "Cost of goods sold": 707507,
        "Gross Profit": 80288,
        "Financial expenses": 11287,
        "Of which: Interest expense": "N/A",
        "Cost of sales": 45548,
        "Enterprise cost management": 9514,
        "Total Operating Expenses": 66349,
        "Total revenue financing activities": 6377,
        "Net profit from business activities": 20316,
        "Profit": 574,
        "Profit before tax": 20890,
        "Present corporate income tax expenses": 2925,
        "Deferred income taxes expenses": "N/A",
        "The interests of minority shareholders": "N/A",
        "Total Cost of profits": 2925,
        "Profit after tax corporate income": 17965,
        "Volume": 16056100,
        "Close of Quarter": 3.3,
        "EPS": 741.2,
        "Non-adjusted EPS": 3730,
        "PE": 0.9,
        "Book Price": 3.9
      }
    },
    {
      "quarter": "Q4 2007",
      "income status": {
        "Net sales": 824686,
        "Cost of goods sold": 725078,
        "Gross Profit": 99608,
        "Financial expenses": 8629,
        "Of which: Interest expense": "N/A",
        "Cost of sales": 57042,
        "Enterprise cost management": 20362,
        "Total Operating Expenses": 86033,
        "Total revenue financing activities": 5430,
        "Net profit from business activities": 19006,
        "Profit": 3359,
        "Profit before tax": 22364,
        "Present corporate income tax expenses": 3014,
        "Deferred income taxes expenses": "N/A",
        "The interests of minority shareholders": "N/A",
        "Total Cost of profits": 3014,
        "Profit after tax corporate income": 19350,
        "Volume": 16056100,
        "Close of Quarter": 6.2,
        "EPS": 674.1,
        "Non-adjusted EPS": 3392,
        "PE": 1.8,
        "Book Price": 3.9
      }
    },
    {
      "quarter": "Q3 2007",
      "income status": {
        "Net sales": 591618,
        "Cost of goods sold": 522634,
        "Gross Profit": 68984,
        "Financial expenses": 17125,
        "Of which: Interest expense": "N/A",
        "Cost of sales": 35122,
        "Enterprise cost management": 5158,
        "Total Operating Expenses": 57405,
        "Total revenue financing activities": 2008,
        "Net profit from business activities": 13586,
        "Profit": 183,
        "Profit before tax": 13769,
        "Present corporate income tax expenses": 1921,
        "Deferred income taxes expenses": "N/A",
        "The interests of minority shareholders": "N/A",
        "Total Cost of profits": 1921,
        "Profit after tax corporate income": 11848,
        "Volume": 15000000,
        "Close of Quarter": 7.4,
        "EPS": 458.0,
        "Non-adjusted EPS": 2467,
        "PE": 3.0,
        "Book Price": 3.6
      }
    },
    {
      "quarter": "Q2 2007",
      "income status": {
        "Net sales": 642747,
        "Cost of goods sold": 570757,
        "Gross Profit": 71990,
        "Financial expenses": 12133,
        "Of which: Interest expense": "N/A",
        "Cost of sales": 40465,
        "Enterprise cost management": 9903,
        "Total Operating Expenses": 62501,
        "Total revenue financing activities": 1937,
        "Net profit from business activities": 11425,
        "Profit": 2352,
        "Profit before tax": 13777,
        "Present corporate income tax expenses": 3050,
        "Deferred income taxes expenses": "N/A",
        "The interests of minority shareholders": "N/A",
        "Total Cost of profits": 3050,
        "Profit after tax corporate income": 10727,
        "Volume": 15000000,
        "Close of Quarter": 7.3,
        "EPS": 311.3,
        "Non-adjusted EPS": 1677,
        "PE": 4.3,
        "Book Price": 2.7
      }
    },
    {
      "quarter": "Q1 2007",
      "income status": {
        "Net sales": 573622,
        "Cost of goods sold": 513483,
        "Gross Profit": 60139,
        "Financial expenses": 8593,
        "Of which: Interest expense": "N/A",
        "Cost of sales": 29222,
        "Enterprise cost management": 9711,
        "Total Operating Expenses": 47526,
        "Total revenue financing activities": 1846,
        "Net profit from business activities": 14459,
        "Profit": 116,
        "Profit before tax": 14575,
        "Present corporate income tax expenses": 2041,
        "Deferred income taxes expenses": "N/A",
        "The interests of minority shareholders": "N/A",
        "Total Cost of profits": 2041,
        "Profit after tax corporate income": 12535,
        "Volume": 15000000,
        "Close of Quarter": 10.2,
        "EPS": 178.6,
        "Non-adjusted EPS": 962,
        "PE": 10.6,
        "Book Price": 2.8
      }
    },
    {
      "quarter": "Q4 2006",
      "income status": {
        "Net sales": 71264,
        "Cost of goods sold": 66650,
        "Gross Profit": 4614,
        "Financial expenses": 147,
        "Of which: Interest expense": "N/A",
        "Cost of sales": 847,
        "Enterprise cost management": 1036,
        "Total Operating Expenses": 2030,
        "Total revenue financing activities": 14,
        "Net profit from business activities": 2597,
        "Profit": "N/A",
        "Profit before tax": 2632,
        "Present corporate income tax expenses": 736,
        "Deferred income taxes expenses": "N/A",
        "The interests of minority shareholders": 1,
        "Total Cost of profits": 737,
        "Profit after tax corporate income": 1894,
        "Volume": 15000000,
        "Close of Quarter": 8.2,
        "EPS": 23.4,
        "Non-adjusted EPS": 126,
        "PE": 64.9,
        "Book Price": 2.6
      }
    }
  ]
}