{
  "ticker": "ABT",
  "data": [
    {
      "quarter": "Q1 2017",
      "income status": {
        "Net sales": 99551,
        "Cost of goods sold": 84838,
        "Gross Profit": 14713,
        "Financial expenses": 2289,
        "Of which: Interest expense": 2116,
        "Cost of sales": 4624,
        "Enterprise cost management": 2121,
        "Total Operating Expenses": 9034,
        "Total revenue financing activities": 6373,
        "Net profit from business activities": 12052,
        "Profit": "N/A",
        "Profit before tax": 12052,
        "Present corporate income tax expenses": 1759,
        "Deferred income taxes expenses": "N/A",
        "The interests of minority shareholders": "N/A",
        "Total Cost of profits": 1759,
        "Profit after tax corporate income": 10293,
        "Volume": 11558307,
        "Close of Quarter": 42.6,
        "EPS": 4077,
        "Non-adjusted EPS": 4077,
        "PE": 10.5,
        "Book Price": 34.9
      }
    },
    {
      "quarter": "Q4 2016",
      "income status": {
        "Net sales": 84960,
        "Cost of goods sold": 75489,
        "Gross Profit": 9471,
        "Financial expenses": 2161,
        "Of which: Interest expense": 1255,
        "Cost of sales": 4037,
        "Enterprise cost management": 734,
        "Total Operating Expenses": 6932,
        "Total revenue financing activities": 7113,
        "Net profit from business activities": 9652,
        "Profit": -360,
        "Profit before tax": 9292,
        "Present corporate income tax expenses": 1440,
        "Deferred income taxes expenses": 160,
        "The interests of minority shareholders": "N/A",
        "Total Cost of profits": 1600,
        "Profit after tax corporate income": 7691,
        "Volume": 11558307,
        "Close of Quarter": 42.0,
        "EPS": 4124,
        "Non-adjusted EPS": 4124,
        "PE": 10.2,
        "Book Price": 36
      }
    },
    {
      "quarter": "Q3 2016",
      "income status": {
        "Net sales": 119584,
        "Cost of goods sold": 97241,
        "Gross Profit": 22343,
        "Financial expenses": 2379,
        "Of which: Interest expense": 2234,
        "Cost of sales": 5342,
        "Enterprise cost management": 2965,
        "Total Operating Expenses": 10686,
        "Total revenue financing activities": 6069,
        "Net profit from business activities": 17726,
        "Profit": 4,
        "Profit before tax": 17730,
        "Present corporate income tax expenses": 2165,
        "Deferred income taxes expenses": "N/A",
        "The interests of minority shareholders": "N/A",
        "Total Cost of profits": 2165,
        "Profit after tax corporate income": 15565,
        "Volume": 11558307,
        "Close of Quarter": 44.4,
        "EPS": 4537,
        "Non-adjusted EPS": 4537,
        "PE": 9.8,
        "Book Price": 35.6
      }
    },
    {
      "quarter": "Q2 2016",
      "income status": {
        "Net sales": 117135,
        "Cost of goods sold": 97720,
        "Gross Profit": 19415,
        "Financial expenses": 2070,
        "Of which: Interest expense": 2014,
        "Cost of sales": 5135,
        "Enterprise cost management": 2969,
        "Total Operating Expenses": 10174,
        "Total revenue financing activities": 5785,
        "Net profit from business activities": 15026,
        "Profit": -3,
        "Profit before tax": 15023,
        "Present corporate income tax expenses": 1524,
        "Deferred income taxes expenses": -79,
        "The interests of minority shareholders": "N/A",
        "Total Cost of profits": 1445,
        "Profit after tax corporate income": 13579,
        "Volume": 11558307,
        "Close of Quarter": 43.9,
        "EPS": 4704,
        "Non-adjusted EPS": 4704,
        "PE": 9.3,
        "Book Price": 36.7
      }
    },
    {
      "quarter": "Q1 2016",
      "income status": {
        "Net sales": 100426,
        "Cost of goods sold": 76751,
        "Gross Profit": 23675,
        "Financial expenses": 9299,
        "Of which: Interest expense": 983,
        "Cost of sales": 3794,
        "Enterprise cost management": 2139,
        "Total Operating Expenses": 15232,
        "Total revenue financing activities": 3682,
        "Net profit from business activities": 12124,
        "Profit": -22,
        "Profit before tax": 12102,
        "Present corporate income tax expenses": 1266,
        "Deferred income taxes expenses": "N/A",
        "The interests of minority shareholders": "N/A",
        "Total Cost of profits": 1266,
        "Profit after tax corporate income": 10836,
        "Volume": 11558307,
        "Close of Quarter": 44.7,
        "EPS": 5010,
        "Non-adjusted EPS": 5010,
        "PE": 8.9,
        "Book Price": 35.5
      }
    },
    {
      "quarter": "Q4 2015",
      "income status": {
        "Net sales": 116482,
        "Cost of goods sold": 98264,
        "Gross Profit": 18218,
        "Financial expenses": 4792,
        "Of which: Interest expense": 917,
        "Cost of sales": 6603,
        "Enterprise cost management": 2795,
        "Total Operating Expenses": 14190,
        "Total revenue financing activities": 6628,
        "Net profit from business activities": 10656,
        "Profit": -861,
        "Profit before tax": 9795,
        "Present corporate income tax expenses": -3004,
        "Deferred income taxes expenses": 338,
        "The interests of minority shareholders": "N/A",
        "Total Cost of profits": -2666,
        "Profit after tax corporate income": 12460,
        "Volume": 11558307,
        "Close of Quarter": 43.3,
        "EPS": 5839,
        "Non-adjusted EPS": 5839,
        "PE": 7.4,
        "Book Price": 35.1
      }
    },
    {
      "quarter": "Q3 2015",
      "income status": {
        "Net sales": 127960,
        "Cost of goods sold": 98316,
        "Gross Profit": 29643,
        "Financial expenses": 8432,
        "Of which: Interest expense": 767,
        "Cost of sales": 5789,
        "Enterprise cost management": 2735,
        "Total Operating Expenses": 16956,
        "Total revenue financing activities": 5912,
        "Net profit from business activities": 18600,
        "Profit": 1056,
        "Profit before tax": 19657,
        "Present corporate income tax expenses": 2162,
        "Deferred income taxes expenses": "N/A",
        "The interests of minority shareholders": "N/A",
        "Total Cost of profits": 2162,
        "Profit after tax corporate income": 17495,
        "Volume": 11558307,
        "Close of Quarter": 45.2,
        "EPS": 6135,
        "Non-adjusted EPS": 6135,
        "PE": 7.4,
        "Book Price": 35.8
      }
    },
    {
      "quarter": "Q2 2015",
      "income status": {
        "Net sales": 115640,
        "Cost of goods sold": 86058,
        "Gross Profit": 29582,
        "Financial expenses": 12680,
        "Of which: Interest expense": 856,
        "Cost of sales": 5504,
        "Enterprise cost management": 2929,
        "Total Operating Expenses": 21113,
        "Total revenue financing activities": 10988,
        "Net profit from business activities": 19457,
        "Profit": -389,
        "Profit before tax": 19069,
        "Present corporate income tax expenses": 1950,
        "Deferred income taxes expenses": "N/A",
        "The interests of minority shareholders": "N/A",
        "Total Cost of profits": 1950,
        "Profit after tax corporate income": 17119,
        "Volume": 11558307,
        "Close of Quarter": 45.3,
        "EPS": 6380,
        "Non-adjusted EPS": 6380,
        "PE": 7.1,
        "Book Price": 35.8
      }
    },
    {
      "quarter": "Q1 2015",
      "income status": {
        "Net sales": 111879,
        "Cost of goods sold": 78950,
        "Gross Profit": 32929,
        "Financial expenses": 8899,
        "Of which: Interest expense": 667,
        "Cost of sales": 7024,
        "Enterprise cost management": 2369,
        "Total Operating Expenses": 18292,
        "Total revenue financing activities": 7071,
        "Net profit from business activities": 21709,
        "Profit": 1292,
        "Profit before tax": 23001,
        "Present corporate income tax expenses": 2587,
        "Deferred income taxes expenses": "N/A",
        "The interests of minority shareholders": "N/A",
        "Total Cost of profits": 2587,
        "Profit after tax corporate income": 20414,
        "Volume": 11558307,
        "Close of Quarter": 44.4,
        "EPS": 6523,
        "Non-adjusted EPS": 6523,
        "PE": 6.8,
        "Book Price": 35.8
      }
    },
    {
      "quarter": "Q4 2014",
      "income status": {
        "Net sales": 100016,
        "Cost of goods sold": 76109,
        "Gross Profit": 23907,
        "Financial expenses": 1778,
        "Of which: Interest expense": 1105,
        "Cost of sales": 5474,
        "Enterprise cost management": 8043,
        "Total Operating Expenses": 15295,
        "Total revenue financing activities": 9073,
        "Net profit from business activities": 17685,
        "Profit": 462,
        "Profit before tax": 18147,
        "Present corporate income tax expenses": 3289,
        "Deferred income taxes expenses": -1023,
        "The interests of minority shareholders": "N/A",
        "Total Cost of profits": 2266,
        "Profit after tax corporate income": 15881,
        "Volume": 11558307,
        "Close of Quarter": 42.0,
        "EPS": 6705,
        "Non-adjusted EPS": 6705,
        "PE": 6.3,
        "Book Price": 36
      }
    },
    {
      "quarter": "Q3 2014",
      "income status": {
        "Net sales": 130899,
        "Cost of goods sold": 106617,
        "Gross Profit": 24282,
        "Financial expenses": -703,
        "Of which: Interest expense": 624,
        "Cost of sales": 8273,
        "Enterprise cost management": 2911,
        "Total Operating Expenses": 10481,
        "Total revenue financing activities": 9452,
        "Net profit from business activities": 23253,
        "Profit": 1046,
        "Profit before tax": 24299,
        "Present corporate income tax expenses": 3972,
        "Deferred income taxes expenses": "N/A",
        "The interests of minority shareholders": "N/A",
        "Total Cost of profits": 3972,
        "Profit after tax corporate income": 20326,
        "Volume": 11558307,
        "Close of Quarter": 42.0,
        "EPS": 7321,
        "Non-adjusted EPS": 7321,
        "PE": 5.7,
        "Book Price": 36.4
      }
    },
    {
      "quarter": "Q2 2014",
      "income status": {
        "Net sales": 122706,
        "Cost of goods sold": 93758,
        "Gross Profit": 28948,
        "Financial expenses": -1193,
        "Of which: Interest expense": 1054,
        "Cost of sales": 5800,
        "Enterprise cost management": 4553,
        "Total Operating Expenses": 9160,
        "Total revenue financing activities": 2369,
        "Net profit from business activities": 22157,
        "Profit": 526,
        "Profit before tax": 22683,
        "Present corporate income tax expenses": 4412,
        "Deferred income taxes expenses": -501,
        "The interests of minority shareholders": "N/A",
        "Total Cost of profits": 3911,
        "Profit after tax corporate income": 18772,
        "Volume": 11558307,
        "Close of Quarter": 37.6,
        "EPS": 7225,
        "Non-adjusted EPS": 7225,
        "PE": 5.2,
        "Book Price": 36.1
      }
    },
    {
      "quarter": "Q1 2014",
      "income status": {
        "Net sales": 95240,
        "Cost of goods sold": 71499,
        "Gross Profit": 23740,
        "Financial expenses": 429,
        "Of which: Interest expense": 1285,
        "Cost of sales": 7427,
        "Enterprise cost management": 2108,
        "Total Operating Expenses": 9964,
        "Total revenue financing activities": 10385,
        "Net profit from business activities": 24162,
        "Profit": 1147,
        "Profit before tax": 25309,
        "Present corporate income tax expenses": 2784,
        "Deferred income taxes expenses": "N/A",
        "The interests of minority shareholders": "N/A",
        "Total Cost of profits": 2784,
        "Profit after tax corporate income": 22525,
        "Volume": 11558307,
        "Close of Quarter": 36.7,
        "EPS": 7165,
        "Non-adjusted EPS": 7165,
        "PE": 5.1,
        "Book Price": 36
      }
    },
    {
      "quarter": "Q4 2013",
      "income status": {
        "Net sales": 116592,
        "Cost of goods sold": 94403,
        "Gross Profit": 22190,
        "Financial expenses": -80,
        "Of which: Interest expense": 855,
        "Cost of sales": 6774,
        "Enterprise cost management": 2988,
        "Total Operating Expenses": 9682,
        "Total revenue financing activities": 16880,
        "Net profit from business activities": 29389,
        "Profit": -111,
        "Profit before tax": 29278,
        "Present corporate income tax expenses": 6284,
        "Deferred income taxes expenses": "N/A",
        "The interests of minority shareholders": "N/A",
        "Total Cost of profits": 6284,
        "Profit after tax corporate income": 22994,
        "Volume": 11558307,
        "Close of Quarter": 28.6,
        "EPS": 6424,
        "Non-adjusted EPS": 6424,
        "PE": 4.5,
        "Book Price": 35.9
      }
    },
    {
      "quarter": "Q3 2013",
      "income status": {
        "Net sales": 134558,
        "Cost of goods sold": 103388,
        "Gross Profit": 31170,
        "Financial expenses": 4828,
        "Of which: Interest expense": 1474,
        "Cost of sales": 9379,
        "Enterprise cost management": 2644,
        "Total Operating Expenses": 16851,
        "Total revenue financing activities": 6322,
        "Net profit from business activities": 20642,
        "Profit": 1149,
        "Profit before tax": 21791,
        "Present corporate income tax expenses": 2576,
        "Deferred income taxes expenses": "N/A",
        "The interests of minority shareholders": "N/A",
        "Total Cost of profits": 2576,
        "Profit after tax corporate income": 19215,
        "Volume": 11558307,
        "Close of Quarter": 25.5,
        "EPS": 5702,
        "Non-adjusted EPS": 5702,
        "PE": 4.5,
        "Book Price": 35.7
      }
    },
    {
      "quarter": "Q2 2013",
      "income status": {
        "Net sales": 141153,
        "Cost of goods sold": 112876,
        "Gross Profit": 28277,
        "Financial expenses": 720,
        "Of which: Interest expense": 771,
        "Cost of sales": 8345,
        "Enterprise cost management": 2501,
        "Total Operating Expenses": 11566,
        "Total revenue financing activities": 2801,
        "Net profit from business activities": 19513,
        "Profit": 417,
        "Profit before tax": 19930,
        "Present corporate income tax expenses": 1852,
        "Deferred income taxes expenses": "N/A",
        "The interests of minority shareholders": "N/A",
        "Total Cost of profits": 1852,
        "Profit after tax corporate income": 18078,
        "Volume": 11558307,
        "Close of Quarter": 25.2,
        "EPS": 5916,
        "Non-adjusted EPS": 5916,
        "PE": 4.3,
        "Book Price": 37
      }
    },
    {
      "quarter": "Q1 2013",
      "income status": {
        "Net sales": 142231,
        "Cost of goods sold": 119885,
        "Gross Profit": 22346,
        "Financial expenses": 197,
        "Of which: Interest expense": 988,
        "Cost of sales": 7792,
        "Enterprise cost management": 2584,
        "Total Operating Expenses": 10573,
        "Total revenue financing activities": 2892,
        "Net profit from business activities": 14665,
        "Profit": 1027,
        "Profit before tax": 15693,
        "Present corporate income tax expenses": 1723,
        "Deferred income taxes expenses": "N/A",
        "The interests of minority shareholders": "N/A",
        "Total Cost of profits": 1723,
        "Profit after tax corporate income": 13969,
        "Volume": 11058307,
        "Close of Quarter": 26.4,
        "EPS": 6566.1,
        "Non-adjusted EPS": 6863,
        "PE": 3.9,
        "Book Price": 34.2
      }
    },
    {
      "quarter": "Q4 2012",
      "income status": {
        "Net sales": 103394,
        "Cost of goods sold": 89680,
        "Gross Profit": 13714,
        "Financial expenses": 3351,
        "Of which: Interest expense": 640,
        "Cost of sales": 3410,
        "Enterprise cost management": 1280,
        "Total Operating Expenses": 8041,
        "Total revenue financing activities": 6450,
        "Net profit from business activities": 12123,
        "Profit": 626,
        "Profit before tax": 12749,
        "Present corporate income tax expenses": -1897,
        "Deferred income taxes expenses": "N/A",
        "The interests of minority shareholders": "N/A",
        "Total Cost of profits": -1897,
        "Profit after tax corporate income": 14646,
        "Volume": 11058307,
        "Close of Quarter": 26.8,
        "EPS": 7706.6,
        "Non-adjusted EPS": 8055,
        "PE": 3.3,
        "Book Price": 34.4
      }
    },
    {
      "quarter": "Q3 2012",
      "income status": {
        "Net sales": 174089,
        "Cost of goods sold": 129326,
        "Gross Profit": 44763,
        "Financial expenses": 19661,
        "Of which: Interest expense": 1149,
        "Cost of sales": 9815,
        "Enterprise cost management": 1677,
        "Total Operating Expenses": 31153,
        "Total revenue financing activities": 7712,
        "Net profit from business activities": 21321,
        "Profit": 1365,
        "Profit before tax": 22686,
        "Present corporate income tax expenses": 1001,
        "Deferred income taxes expenses": "N/A",
        "The interests of minority shareholders": "N/A",
        "Total Cost of profits": 1001,
        "Profit after tax corporate income": 21684,
        "Volume": 11058307,
        "Close of Quarter": 23.5,
        "EPS": 8599.2,
        "Non-adjusted EPS": 8988,
        "PE": 2.6,
        "Book Price": 34.5
      }
    },
    {
      "quarter": "Q2 2012",
      "income status": {
        "Net sales": 179591,
        "Cost of goods sold": 150654,
        "Gross Profit": 28937,
        "Financial expenses": -3575,
        "Of which: Interest expense": 1106,
        "Cost of sales": 9314,
        "Enterprise cost management": 3350,
        "Total Operating Expenses": 9089,
        "Total revenue financing activities": 10177,
        "Net profit from business activities": 30026,
        "Profit": 424,
        "Profit before tax": 30450,
        "Present corporate income tax expenses": 4861,
        "Deferred income taxes expenses": "N/A",
        "The interests of minority shareholders": "N/A",
        "Total Cost of profits": 4861,
        "Profit after tax corporate income": 25589,
        "Volume": 11058307,
        "Close of Quarter": 22.0,
        "EPS": 8269.1,
        "Non-adjusted EPS": 8643,
        "PE": 2.5,
        "Book Price": 35.5
      }
    },
    {
      "quarter": "Q1 2012",
      "income status": {
        "Net sales": 177106,
        "Cost of goods sold": 141700,
        "Gross Profit": 35406,
        "Financial expenses": 4248,
        "Of which: Interest expense": 930,
        "Cost of sales": 8056,
        "Enterprise cost management": 2026,
        "Total Operating Expenses": 14330,
        "Total revenue financing activities": 8907,
        "Net profit from business activities": 29982,
        "Profit": 910,
        "Profit before tax": 30892,
        "Present corporate income tax expenses": 3738,
        "Deferred income taxes expenses": "N/A",
        "The interests of minority shareholders": "N/A",
        "Total Cost of profits": 3738,
        "Profit after tax corporate income": 27154,
        "Volume": 11058307,
        "Close of Quarter": 19.1,
        "EPS": 8401.1,
        "Non-adjusted EPS": 8781,
        "PE": 2.2,
        "Book Price": 34.7
      }
    },
    {
      "quarter": "Q4 2011",
      "income status": {
        "Net sales": 120235,
        "Cost of goods sold": 98054,
        "Gross Profit": 22182,
        "Financial expenses": 2605,
        "Of which: Interest expense": 1506,
        "Cost of sales": 5659,
        "Enterprise cost management": 238,
        "Total Operating Expenses": 8502,
        "Total revenue financing activities": 10551,
        "Net profit from business activities": 24231,
        "Profit": 93,
        "Profit before tax": 24324,
        "Present corporate income tax expenses": -638,
        "Deferred income taxes expenses": "N/A",
        "The interests of minority shareholders": "N/A",
        "Total Cost of profits": -638,
        "Profit after tax corporate income": 24961,
        "Volume": 11058307,
        "Close of Quarter": 17.8,
        "EPS": 8649.9,
        "Non-adjusted EPS": 9041,
        "PE": 2.0,
        "Book Price": 34.0
      }
    },
    {
      "quarter": "Q3 2011",
      "income status": {
        "Net sales": 211676,
        "Cost of goods sold": 165497,
        "Gross Profit": 46179,
        "Financial expenses": 27404,
        "Of which: Interest expense": 2755,
        "Cost of sales": 7588,
        "Enterprise cost management": 1702,
        "Total Operating Expenses": 36694,
        "Total revenue financing activities": 9243,
        "Net profit from business activities": 18728,
        "Profit": 1141,
        "Profit before tax": 19869,
        "Present corporate income tax expenses": 1998,
        "Deferred income taxes expenses": "N/A",
        "The interests of minority shareholders": "N/A",
        "Total Cost of profits": 1998,
        "Profit after tax corporate income": 17870,
        "Volume": 11918447,
        "Close of Quarter": 19.8,
        "EPS": 7721.3,
        "Non-adjusted EPS": 7488,
        "PE": 2.6,
        "Book Price": 36.2
      }
    },
    {
      "quarter": "Q2 2011",
      "income status": {
        "Net sales": 178290,
        "Cost of goods sold": 133962,
        "Gross Profit": 44328,
        "Financial expenses": 12846,
        "Of which: Interest expense": 2383,
        "Cost of sales": 7957,
        "Enterprise cost management": 2869,
        "Total Operating Expenses": 23672,
        "Total revenue financing activities": 8808,
        "Net profit from business activities": 29464,
        "Profit": 203,
        "Profit before tax": 29667,
        "Present corporate income tax expenses": 2554,
        "Deferred income taxes expenses": "N/A",
        "The interests of minority shareholders": "N/A",
        "Total Cost of profits": 2554,
        "Profit after tax corporate income": 27113,
        "Volume": 12246487,
        "Close of Quarter": 19.0,
        "EPS": 7535.5,
        "Non-adjusted EPS": 7112,
        "PE": 2.7,
        "Book Price": 37.2
      }
    },
    {
      "quarter": "Q1 2011",
      "income status": {
        "Net sales": 152621,
        "Cost of goods sold": 103379,
        "Gross Profit": 49241,
        "Financial expenses": 21539,
        "Of which: Interest expense": 327,
        "Cost of sales": 8026,
        "Enterprise cost management": 2084,
        "Total Operating Expenses": 31649,
        "Total revenue financing activities": 15131,
        "Net profit from business activities": 32723,
        "Profit": 425,
        "Profit before tax": 33148,
        "Present corporate income tax expenses": 3118,
        "Deferred income taxes expenses": "N/A",
        "The interests of minority shareholders": "N/A",
        "Total Cost of profits": 3118,
        "Profit after tax corporate income": 30030,
        "Volume": 13607207,
        "Close of Quarter": 18.3,
        "EPS": 8590.5,
        "Non-adjusted EPS": 7297,
        "PE": 2.5,
        "Book Price": 41.8
      }
    },
    {
      "quarter": "Q4 2010",
      "income status": {
        "Net sales": 204952,
        "Cost of goods sold": 175411,
        "Gross Profit": 29541,
        "Financial expenses": 10743,
        "Of which: Interest expense": 862,
        "Cost of sales": 9977,
        "Enterprise cost management": 3527,
        "Total Operating Expenses": 24247,
        "Total revenue financing activities": 7577,
        "Net profit from business activities": 12872,
        "Profit": 670,
        "Profit before tax": 13542,
        "Present corporate income tax expenses": -695,
        "Deferred income taxes expenses": "N/A",
        "The interests of minority shareholders": "N/A",
        "Total Cost of profits": -695,
        "Profit after tax corporate income": 14237,
        "Volume": 13607207,
        "Close of Quarter": 18.5,
        "EPS": 7926.5,
        "Non-adjusted EPS": 6733,
        "PE": 2.8,
        "Book Price": 38.4
      }
    },
    {
      "quarter": "Q3 2010",
      "income status": {
        "Net sales": 173406,
        "Cost of goods sold": "N/A",
        "Gross Profit": 29224,
        "Financial expenses": "N/A",
        "Of which: Interest expense": "N/A",
        "Cost of sales": "N/A",
        "Enterprise cost management": 1713,
        "Total Operating Expenses": 1713,
        "Total revenue financing activities": "N/A",
        "Net profit from business activities": 16757,
        "Profit": 504,
        "Profit before tax": 17260,
        "Present corporate income tax expenses": "N/A",
        "Deferred income taxes expenses": 1548,
        "The interests of minority shareholders": "N/A",
        "Total Cost of profits": 1548,
        "Profit after tax corporate income": 15712,
        "Volume": 11339635,
        "Close of Quarter": 20.1,
        "EPS": 8961.2,
        "Non-adjusted EPS": 9134,
        "PE": 2.2,
        "Book Price": 44.4
      }
    },
    {
      "quarter": "Q2 2010",
      "income status": {
        "Net sales": 129119,
        "Cost of goods sold": "N/A",
        "Gross Profit": 36067,
        "Financial expenses": "N/A",
        "Of which: Interest expense": 52,
        "Cost of sales": "N/A",
        "Enterprise cost management": 1976,
        "Total Operating Expenses": 1976,
        "Total revenue financing activities": "N/A",
        "Net profit from business activities": 49742,
        "Profit": 206,
        "Profit before tax": 49948,
        "Present corporate income tax expenses": "N/A",
        "Deferred income taxes expenses": 10640,
        "The interests of minority shareholders": "N/A",
        "Total Cost of profits": 10640,
        "Profit after tax corporate income": 39308,
        "Volume": 11339635,
        "Close of Quarter": 17.8,
        "EPS": 10165.0,
        "Non-adjusted EPS": 10361,
        "PE": 1.7,
        "Book Price": 43.1
      }
    },
    {
      "quarter": "Q1 2010",
      "income status": {
        "Net sales": 177716,
        "Cost of goods sold": "N/A",
        "Gross Profit": 27503,
        "Financial expenses": "N/A",
        "Of which: Interest expense": 564,
        "Cost of sales": "N/A",
        "Enterprise cost management": 2894,
        "Total Operating Expenses": 2894,
        "Total revenue financing activities": "N/A",
        "Net profit from business activities": 24479,
        "Profit": 583,
        "Profit before tax": 25063,
        "Present corporate income tax expenses": "N/A",
        "Deferred income taxes expenses": 2698,
        "The interests of minority shareholders": "N/A",
        "Total Cost of profits": 2698,
        "Profit after tax corporate income": 22364,
        "Volume": 11339635,
        "Close of Quarter": 18.7,
        "EPS": 8093.9,
        "Non-adjusted EPS": 8250,
        "PE": 2.3,
        "Book Price": 39.6
      }
    },
    {
      "quarter": "Q4 2009",
      "income status": {
        "Net sales": 179922,
        "Cost of goods sold": "N/A",
        "Gross Profit": 21115,
        "Financial expenses": "N/A",
        "Of which: Interest expense": 1130,
        "Cost of sales": "N/A",
        "Enterprise cost management": 1913,
        "Total Operating Expenses": 1913,
        "Total revenue financing activities": "N/A",
        "Net profit from business activities": 31461,
        "Profit": 539,
        "Profit before tax": 32000,
        "Present corporate income tax expenses": "N/A",
        "Deferred income taxes expenses": 5808,
        "The interests of minority shareholders": "N/A",
        "Total Cost of profits": 5808,
        "Profit after tax corporate income": 26192,
        "Volume": 8099999,
        "Close of Quarter": 17.4,
        "EPS": 6944.9,
        "Non-adjusted EPS": 9910,
        "PE": 1.8,
        "Book Price": 36.8
      }
    },
    {
      "quarter": "Q3 2009",
      "income status": {
        "Net sales": 121783,
        "Cost of goods sold": "N/A",
        "Gross Profit": 28998,
        "Financial expenses": "N/A",
        "Of which: Interest expense": 531,
        "Cost of sales": "N/A",
        "Enterprise cost management": 1621,
        "Total Operating Expenses": 1621,
        "Total revenue financing activities": "N/A",
        "Net profit from business activities": 32520,
        "Profit": 650,
        "Profit before tax": 33170,
        "Present corporate income tax expenses": "N/A",
        "Deferred income taxes expenses": 3547,
        "The interests of minority shareholders": "N/A",
        "Total Cost of profits": 3547,
        "Profit after tax corporate income": 29623,
        "Volume": 8099999,
        "Close of Quarter": 19.1,
        "EPS": 5281.9,
        "Non-adjusted EPS": 7537,
        "PE": 2.5,
        "Book Price": 37.4
      }
    },
    {
      "quarter": "Q2 2009",
      "income status": {
        "Net sales": 126150,
        "Cost of goods sold": 97567,
        "Gross Profit": 28583,
        "Financial expenses": 7438,
        "Of which: Interest expense": 162,
        "Cost of sales": 7133,
        "Enterprise cost management": 1739,
        "Total Operating Expenses": 16310,
        "Total revenue financing activities": 4795,
        "Net profit from business activities": 17068,
        "Profit": 251,
        "Profit before tax": 17318,
        "Present corporate income tax expenses": 1945,
        "Deferred income taxes expenses": "N/A",
        "The interests of minority shareholders": "N/A",
        "Total Cost of profits": 1945,
        "Profit after tax corporate income": 15374,
        "Volume": 7299999,
        "Close of Quarter": 10.8,
        "EPS": 3752.9,
        "Non-adjusted EPS": 5942,
        "PE": 1.8,
        "Book Price": 31.2
      }
    },
    {
      "quarter": "Q1 2009",
      "income status": {
        "Net sales": 116064,
        "Cost of goods sold": 93443,
        "Gross Profit": 22621,
        "Financial expenses": 7904,
        "Of which: Interest expense": 82,
        "Cost of sales": 7493,
        "Enterprise cost management": 1414,
        "Total Operating Expenses": 16811,
        "Total revenue financing activities": 3669,
        "Net profit from business activities": 9479,
        "Profit": 528,
        "Profit before tax": 10008,
        "Present corporate income tax expenses": 927,
        "Deferred income taxes expenses": "N/A",
        "The interests of minority shareholders": "N/A",
        "Total Cost of profits": 927,
        "Profit after tax corporate income": 9080,
        "Volume": 7299999,
        "Close of Quarter": 7.4,
        "EPS": 3415.6,
        "Non-adjusted EPS": 5408,
        "PE": 1.4,
        "Book Price": 29.9
      }
    },
    {
      "quarter": "Q4 2008",
      "income status": {
        "Net sales": 105351,
        "Cost of goods sold": 78834,
        "Gross Profit": 26517,
        "Financial expenses": 15315,
        "Of which: Interest expense": 178,
        "Cost of sales": 8493,
        "Enterprise cost management": 1381,
        "Total Operating Expenses": 25189,
        "Total revenue financing activities": 5416,
        "Net profit from business activities": 6743,
        "Profit": 695,
        "Profit before tax": 7437,
        "Present corporate income tax expenses": 462,
        "Deferred income taxes expenses": "N/A",
        "The interests of minority shareholders": "N/A",
        "Total Cost of profits": 462,
        "Profit after tax corporate income": 6975,
        "Volume": 7299999,
        "Close of Quarter": 5.8,
        "EPS": 3595.0,
        "Non-adjusted EPS": 5692,
        "PE": 1.0,
        "Book Price": 31.3
      }
    },
    {
      "quarter": "Q3 2008",
      "income status": {
        "Net sales": 128002,
        "Cost of goods sold": 85010,
        "Gross Profit": 42992,
        "Financial expenses": 24225,
        "Of which: Interest expense": 517,
        "Cost of sales": 10372,
        "Enterprise cost management": 1240,
        "Total Operating Expenses": 35837,
        "Total revenue financing activities": 5309,
        "Net profit from business activities": 12464,
        "Profit": 496,
        "Profit before tax": 12961,
        "Present corporate income tax expenses": 1014,
        "Deferred income taxes expenses": "N/A",
        "The interests of minority shareholders": "N/A",
        "Total Cost of profits": 1014,
        "Profit after tax corporate income": 11947,
        "Volume": 7299999,
        "Close of Quarter": 8.0,
        "EPS": 3916.4,
        "Non-adjusted EPS": 6201,
        "PE": 1.3,
        "Book Price": 31.4
      }
    },
    {
      "quarter": "Q2 2008",
      "income status": {
        "Net sales": 130659,
        "Cost of goods sold": 96294,
        "Gross Profit": 34365,
        "Financial expenses": 18673,
        "Of which: Interest expense": "N/A",
        "Cost of sales": 10456,
        "Enterprise cost management": 1066,
        "Total Operating Expenses": 30195,
        "Total revenue financing activities": 8005,
        "Net profit from business activities": 12174,
        "Profit": 416,
        "Profit before tax": 12590,
        "Present corporate income tax expenses": 1114,
        "Deferred income taxes expenses": "N/A",
        "The interests of minority shareholders": "N/A",
        "Total Cost of profits": 1114,
        "Profit after tax corporate income": 11476,
        "Volume": 8099999,
        "Close of Quarter": 8.1,
        "EPS": 3850.2,
        "Non-adjusted EPS": 5494,
        "PE": 1.5,
        "Book Price": 32.7
      }
    },
    {
      "quarter": "Q1 2008",
      "income status": {
        "Net sales": 109416,
        "Cost of goods sold": 90246,
        "Gross Profit": 19170,
        "Financial expenses": 1927,
        "Of which: Interest expense": 1430,
        "Cost of sales": 8355,
        "Enterprise cost management": 956,
        "Total Operating Expenses": 11238,
        "Total revenue financing activities": 3717,
        "Net profit from business activities": 11649,
        "Profit": 603,
        "Profit before tax": 12253,
        "Present corporate income tax expenses": 1100,
        "Deferred income taxes expenses": "N/A",
        "The interests of minority shareholders": "N/A",
        "Total Cost of profits": 1100,
        "Profit after tax corporate income": 11153,
        "Volume": 8099999,
        "Close of Quarter": 8.6,
        "EPS": 3872.6,
        "Non-adjusted EPS": 5526,
        "PE": 1.6,
        "Book Price": 34.1
      }
    },
    {
      "quarter": "Q4 2007",
      "income status": {
        "Net sales": 136656,
        "Cost of goods sold": 119044,
        "Gross Profit": 17612,
        "Financial expenses": 1317,
        "Of which: Interest expense": 893,
        "Cost of sales": 8899,
        "Enterprise cost management": 807,
        "Total Operating Expenses": 11023,
        "Total revenue financing activities": 5049,
        "Net profit from business activities": 11637,
        "Profit": 248,
        "Profit before tax": 11885,
        "Present corporate income tax expenses": 1168,
        "Deferred income taxes expenses": "N/A",
        "The interests of minority shareholders": 27,
        "Total Cost of profits": 1195,
        "Profit after tax corporate income": 10690,
        "Volume": 6299999,
        "Close of Quarter": 17.9,
        "EPS": 3538.6,
        "Non-adjusted EPS": 6492,
        "PE": 2.8,
        "Book Price": 24.9
      }
    },
    {
      "quarter": "Q3 2007",
      "income status": {
        "Net sales": 92319,
        "Cost of goods sold": 73059,
        "Gross Profit": 19259,
        "Financial expenses": 1888,
        "Of which: Interest expense": 1537,
        "Cost of sales": 9500,
        "Enterprise cost management": 769,
        "Total Operating Expenses": 12157,
        "Total revenue financing activities": 5253,
        "Net profit from business activities": 12355,
        "Profit": 31,
        "Profit before tax": 12386,
        "Present corporate income tax expenses": 1197,
        "Deferred income taxes expenses": "N/A",
        "The interests of minority shareholders": 7,
        "Total Cost of profits": 1204,
        "Profit after tax corporate income": 11183,
        "Volume": 6299999,
        "Close of Quarter": 20.9,
        "EPS": 2973.9,
        "Non-adjusted EPS": 5456,
        "PE": 3.8,
        "Book Price": 25.2
      }
    },
    {
      "quarter": "Q2 2007",
      "income status": {
        "Net sales": 120965,
        "Cost of goods sold": 102209,
        "Gross Profit": 18755,
        "Financial expenses": 1028,
        "Of which: Interest expense": 935,
        "Cost of sales": 8314,
        "Enterprise cost management": 854,
        "Total Operating Expenses": 10196,
        "Total revenue financing activities": 4343,
        "Net profit from business activities": 12902,
        "Profit": 149,
        "Profit before tax": 13051,
        "Present corporate income tax expenses": 1300,
        "Deferred income taxes expenses": "N/A",
        "The interests of minority shareholders": 16,
        "Total Cost of profits": 1316,
        "Profit after tax corporate income": 11735,
        "Volume": 3300000,
        "Close of Quarter": 20.7,
        "EPS": 2663.8,
        "Non-adjusted EPS": 9330,
        "PE": 2.2,
        "Book Price": 24.8
      }
    },
    {
      "quarter": "Q1 2007",
      "income status": {
        "Net sales": 79766,
        "Cost of goods sold": 66345,
        "Gross Profit": 13422,
        "Financial expenses": 626,
        "Of which: Interest expense": 551,
        "Cost of sales": 6690,
        "Enterprise cost management": 817,
        "Total Operating Expenses": 8133,
        "Total revenue financing activities": 2426,
        "Net profit from business activities": 7715,
        "Profit": 367,
        "Profit before tax": 8081,
        "Present corporate income tax expenses": 817,
        "Deferred income taxes expenses": "N/A",
        "The interests of minority shareholders": -30,
        "Total Cost of profits": 787,
        "Profit after tax corporate income": 7294,
        "Volume": 3300000,
        "Close of Quarter": 21.2,
        "EPS": 2072.2,
        "Non-adjusted EPS": 7258,
        "PE": 2.9,
        "Book Price": 6.7
      }
    },
    {
      "quarter": "Q4 2006",
      "income status": {
        "Net sales": 83016,
        "Cost of goods sold": 71071,
        "Gross Profit": 11945,
        "Financial expenses": 399,
        "Of which: Interest expense": 196,
        "Cost of sales": 6851,
        "Enterprise cost management": 937,
        "Total Operating Expenses": 8187,
        "Total revenue financing activities": 202,
        "Net profit from business activities": 3961,
        "Profit": 201,
        "Profit before tax": 4162,
        "Present corporate income tax expenses": "N/A",
        "Deferred income taxes expenses": "N/A",
        "The interests of minority shareholders": "N/A",
        "Total Cost of profits": 0,
        "Profit after tax corporate income": 4162,
        "Volume": 3300000,
        "Close of Quarter": 17.7,
        "EPS": 2151.9,
        "Non-adjusted EPS": 7537,
        "PE": 2.4,
        "Book Price": 6.2
      }
    },
    {
      "quarter": "Q3 2006",
      "income status": {
        "Net sales": 90524,
        "Cost of goods sold": 74395,
        "Gross Profit": 16129,
        "Financial expenses": 1288,
        "Of which: Interest expense": 1228,
        "Cost of sales": 7218,
        "Enterprise cost management": 765,
        "Total Operating Expenses": 9271,
        "Total revenue financing activities": 529,
        "Net profit from business activities": 7387,
        "Profit": 211,
        "Profit before tax": 7598,
        "Present corporate income tax expenses": "N/A",
        "Deferred income taxes expenses": "N/A",
        "The interests of minority shareholders": "N/A",
        "Total Cost of profits": 0,
        "Profit after tax corporate income": 7598,
        "Volume": 3300000,
        "Close of Quarter": "N/A",
        "EPS": 1791.9,
        "Non-adjusted EPS": 6276,
        "PE": "N/A",
        "Book Price": 6.1
      }
    },
    {
      "quarter": "Q2 2006",
      "income status": {
        "Net sales": 78678,
        "Cost of goods sold": 65012,
        "Gross Profit": 13667,
        "Financial expenses": 1458,
        "Of which: Interest expense": 1280,
        "Cost of sales": 6745,
        "Enterprise cost management": 1489,
        "Total Operating Expenses": 9692,
        "Total revenue financing activities": 486,
        "Net profit from business activities": 4460,
        "Profit": 394,
        "Profit before tax": 4853,
        "Present corporate income tax expenses": "N/A",
        "Deferred income taxes expenses": "N/A",
        "The interests of minority shareholders": -44,
        "Total Cost of profits": -44,
        "Profit after tax corporate income": 4897,
        "Volume": 3300000,
        "Close of Quarter": "N/A",
        "EPS": 1134.3,
        "Non-adjusted EPS": 3973,
        "PE": "N/A",
        "Book Price": "N/A"
      }
    },
    {
      "quarter": "Q1 2006",
      "income status": {
        "Net sales": 79836,
        "Cost of goods sold": 62949,
        "Gross Profit": 16887,
        "Financial expenses": 1009,
        "Of which: Interest expense": 981,
        "Cost of sales": 7137,
        "Enterprise cost management": 986,
        "Total Operating Expenses": 9132,
        "Total revenue financing activities": 443,
        "Net profit from business activities": 8198,
        "Profit": 17,
        "Profit before tax": 8215,
        "Present corporate income tax expenses": "N/A",
        "Deferred income taxes expenses": "N/A",
        "The interests of minority shareholders": "N/A",
        "Total Cost of profits": 0,
        "Profit after tax corporate income": 8215,
        "Volume": 3300000,
        "Close of Quarter": "N/A",
        "EPS": 710.6,
        "Non-adjusted EPS": 2489,
        "PE": "N/A",
        "Book Price": "N/A"
      }
    }
  ]
}