{
  "ticker": "KDC",
  "data": [
    {
      "quarter": "Q1 2017",
      "income status": {
        "Net sales": 1250030,
        "Cost of goods sold": 1005164,
        "Gross Profit": 244866,
        "Financial expenses": 11298,
        "Of which: Interest expense": 32318,
        "Cost of sales": 160798,
        "Enterprise cost management": 80596,
        "Total Operating Expenses": 252692,
        "Total revenue financing activities": 25627,
        "Net profit from business activities": 39468,
        "Profit": 2009,
        "Profit before tax": 41477,
        "Present corporate income tax expenses": 2411,
        "Deferred income taxes expenses": 8964,
        "The interests of minority shareholders": 11153,
        "Total Cost of profits": 22528,
        "Profit after tax corporate income": 18949,
        "Volume": 255161141,
        "Close of Quarter": 42,
        "EPS": 4454,
        "Non-adjusted EPS": 4454,
        "PE": 9.4,
        "Book Price": 24.4
      }
    },
    {
      "quarter": "Q4 2016",
      "income status": {
        "Net sales": 794822,
        "Cost of goods sold": 639628,
        "Gross Profit": 155194,
        "Financial expenses": 79639,
        "Of which: Interest expense": 18481,
        "Cost of sales": 86519,
        "Enterprise cost management": 72240,
        "Total Operating Expenses": 238398,
        "Total revenue financing activities": 253230,
        "Net profit from business activities": 180559,
        "Profit": -2308,
        "Profit before tax": 178251,
        "Present corporate income tax expenses": 18159,
        "Deferred income taxes expenses": 15351,
        "The interests of minority shareholders": 9048,
        "Total Cost of profits": 42558,
        "Profit after tax corporate income": 135693,
        "Volume": 255161141,
        "Close of Quarter": 36.4,
        "EPS": 4487,
        "Non-adjusted EPS": 4487,
        "PE": 8.1,
        "Book Price": 24.6
      }
    },
    {
      "quarter": "Q3 2016",
      "income status": {
        "Net sales": 463933,
        "Cost of goods sold": 238917,
        "Gross Profit": 225016,
        "Financial expenses": 50785,
        "Of which: Interest expense": 11634,
        "Cost of sales": 262174,
        "Enterprise cost management": 66423,
        "Total Operating Expenses": 379382,
        "Total revenue financing activities": 1252292,
        "Net profit from business activities": 1132749,
        "Profit": -4911,
        "Profit before tax": 1127838,
        "Present corporate income tax expenses": 269828,
        "Deferred income taxes expenses": -10469,
        "The interests of minority shareholders": -2,
        "Total Cost of profits": 259357,
        "Profit after tax corporate income": 868481,
        "Volume": 255161141,
        "Close of Quarter": 37.8,
        "EPS": 4391,
        "Non-adjusted EPS": 4391,
        "PE": 8.6,
        "Book Price": 23.4
      }
    },
    {
      "quarter": "Q2 2016",
      "income status": {
        "Net sales": 587606,
        "Cost of goods sold": 247832,
        "Gross Profit": 339773,
        "Financial expenses": 9056,
        "Of which: Interest expense": 7220,
        "Cost of sales": 218610,
        "Enterprise cost management": 60496,
        "Total Operating Expenses": 288162,
        "Total revenue financing activities": 33737,
        "Net profit from business activities": 107211,
        "Profit": 32014,
        "Profit before tax": 139226,
        "Present corporate income tax expenses": 29184,
        "Deferred income taxes expenses": -3236,
        "The interests of minority shareholders": -8,
        "Total Cost of profits": 25940,
        "Profit after tax corporate income": 113286,
        "Volume": 255161141,
        "Close of Quarter": 27.0,
        "EPS": 1302,
        "Non-adjusted EPS": 1302,
        "PE": 20.7,
        "Book Price": 20.8
      }
    },
    {
      "quarter": "Q1 2016",
      "income status": {
        "Net sales": 393796,
        "Cost of goods sold": 233606,
        "Gross Profit": 160191,
        "Financial expenses": 4026,
        "Of which: Interest expense": 1377,
        "Cost of sales": 127377,
        "Enterprise cost management": 49936,
        "Total Operating Expenses": 181339,
        "Total revenue financing activities": 31200,
        "Net profit from business activities": 29573,
        "Profit": 1452,
        "Profit before tax": 31025,
        "Present corporate income tax expenses": 6470,
        "Deferred income taxes expenses": -2972,
        "The interests of minority shareholders": -15,
        "Total Cost of profits": 3483,
        "Profit after tax corporate income": 27541,
        "Volume": 255161141,
        "Close of Quarter": 21.8,
        "EPS": 20582,
        "Non-adjusted EPS": 20582,
        "PE": 1.1,
        "Book Price": 21.1
      }
    },
    {
      "quarter": "Q4 2015",
      "income status": {
        "Net sales": 442415,
        "Cost of goods sold": 304609,
        "Gross Profit": 137806,
        "Financial expenses": 20336,
        "Of which: Interest expense": 905,
        "Cost of sales": 108375,
        "Enterprise cost management": 46292,
        "Total Operating Expenses": 175003,
        "Total revenue financing activities": 88663,
        "Net profit from business activities": 66181,
        "Profit": 2016,
        "Profit before tax": 68197,
        "Present corporate income tax expenses": -57108,
        "Deferred income taxes expenses": 14165,
        "The interests of minority shareholders": -15,
        "Total Cost of profits": -42958,
        "Profit after tax corporate income": 111155,
        "Volume": 255161141,
        "Close of Quarter": 22.5,
        "EPS": 20590,
        "Non-adjusted EPS": 20590,
        "PE": 1.1,
        "Book Price": 21
      }
    },
    {
      "quarter": "Q3 2015",
      "income status": {
        "Net sales": 517748,
        "Cost of goods sold": 312262,
        "Gross Profit": 205486,
        "Financial expenses": 8957,
        "Of which: Interest expense": 2827,
        "Cost of sales": 198390,
        "Enterprise cost management": 42901,
        "Total Operating Expenses": 250248,
        "Total revenue financing activities": 75124,
        "Net profit from business activities": 95240,
        "Profit": -1865,
        "Profit before tax": 93375,
        "Present corporate income tax expenses": 10346,
        "Deferred income taxes expenses": 2886,
        "The interests of minority shareholders": -22,
        "Total Cost of profits": 13210,
        "Profit after tax corporate income": 80165,
        "Volume": 255161141,
        "Close of Quarter": 23.0,
        "EPS": 20519,
        "Non-adjusted EPS": 20519,
        "PE": 1.1,
        "Book Price": 23.7
      }
    },
    {
      "quarter": "Q2 2015",
      "income status": {
        "Net sales": 1158017,
        "Cost of goods sold": 709741,
        "Gross Profit": 448276,
        "Financial expenses": 39616,
        "Of which: Interest expense": 11558,
        "Cost of sales": 312370,
        "Enterprise cost management": 150122,
        "Total Operating Expenses": 502108,
        "Total revenue financing activities": 6503507,
        "Net profit from business activities": 6456405,
        "Profit": 2424,
        "Profit before tax": 6458829,
        "Present corporate income tax expenses": 1435859,
        "Deferred income taxes expenses": -9736,
        "The interests of minority shareholders": -52,
        "Total Cost of profits": 1426071,
        "Profit after tax corporate income": 5032758,
        "Volume": 255161141,
        "Close of Quarter": 23.2,
        "EPS": 21611,
        "Non-adjusted EPS": 21611,
        "PE": 1.1,
        "Book Price": 41.9
      }
    },
    {
      "quarter": "Q1 2015",
      "income status": {
        "Net sales": 1015924,
        "Cost of goods sold": 619243,
        "Gross Profit": 396681,
        "Financial expenses": 10635,
        "Of which: Interest expense": 6499,
        "Cost of sales": 258213,
        "Enterprise cost management": 111585,
        "Total Operating Expenses": 380433,
        "Total revenue financing activities": 29736,
        "Net profit from business activities": 45985,
        "Profit": 1382,
        "Profit before tax": 47367,
        "Present corporate income tax expenses": 18718,
        "Deferred income taxes expenses": -849,
        "The interests of minority shareholders": -105,
        "Total Cost of profits": 17764,
        "Profit after tax corporate income": 29602,
        "Volume": 255161141,
        "Close of Quarter": 23.9,
        "EPS": 2127,
        "Non-adjusted EPS": 2127,
        "PE": 11.2,
        "Book Price": 23.4
      }
    },
    {
      "quarter": "Q4 2014",
      "income status": {
        "Net sales": 1317156,
        "Cost of goods sold": 789719,
        "Gross Profit": 527437,
        "Financial expenses": 4577,
        "Of which: Interest expense": -755,
        "Cost of sales": 367091,
        "Enterprise cost management": 125650,
        "Total Operating Expenses": 497318,
        "Total revenue financing activities": 45808,
        "Net profit from business activities": 75927,
        "Profit": 47892,
        "Profit before tax": 123819,
        "Present corporate income tax expenses": 22745,
        "Deferred income taxes expenses": 7443,
        "The interests of minority shareholders": 541,
        "Total Cost of profits": 30729,
        "Profit after tax corporate income": 93090,
        "Volume": 255161141,
        "Close of Quarter": 26.5,
        "EPS": 2139,
        "Non-adjusted EPS": 2139,
        "PE": 12.4,
        "Book Price": 24.7
      }
    },
    {
      "quarter": "Q3 2014",
      "income status": {
        "Net sales": 1872033,
        "Cost of goods sold": 950183,
        "Gross Profit": 921850,
        "Financial expenses": 5233,
        "Of which: Interest expense": 6203,
        "Cost of sales": 439411,
        "Enterprise cost management": 107317,
        "Total Operating Expenses": 551961,
        "Total revenue financing activities": 39927,
        "Net profit from business activities": 409818,
        "Profit": -1404,
        "Profit before tax": 408414,
        "Present corporate income tax expenses": 59261,
        "Deferred income taxes expenses": -10200,
        "The interests of minority shareholders": 532,
        "Total Cost of profits": 49593,
        "Profit after tax corporate income": 358820,
        "Volume": 212636014,
        "Close of Quarter": 31.5,
        "EPS": 2147.5,
        "Non-adjusted EPS": 2577,
        "PE": 12.2,
        "Book Price": 26.6
      }
    },
    {
      "quarter": "Q2 2014",
      "income status": {
        "Net sales": 1004073,
        "Cost of goods sold": 583176,
        "Gross Profit": 420897,
        "Financial expenses": 11199,
        "Of which: Interest expense": 8058,
        "Cost of sales": 262389,
        "Enterprise cost management": 101260,
        "Total Operating Expenses": 374848,
        "Total revenue financing activities": 36671,
        "Net profit from business activities": 82720,
        "Profit": 1515,
        "Profit before tax": 84235,
        "Present corporate income tax expenses": 25375,
        "Deferred income taxes expenses": -2428,
        "The interests of minority shareholders": -29,
        "Total Cost of profits": 22918,
        "Profit after tax corporate income": 61318,
        "Volume": 212636014,
        "Close of Quarter": 26.1,
        "EPS": 2030.9,
        "Non-adjusted EPS": 2437,
        "PE": 10.7,
        "Book Price": 26
      }
    },
    {
      "quarter": "Q1 2014",
      "income status": {
        "Net sales": 792941,
        "Cost of goods sold": 509116,
        "Gross Profit": 283825,
        "Financial expenses": 6818,
        "Of which: Interest expense": 7199,
        "Cost of sales": 155787,
        "Enterprise cost management": 93414,
        "Total Operating Expenses": 256019,
        "Total revenue financing activities": 22369,
        "Net profit from business activities": 50175,
        "Profit": 856,
        "Profit before tax": 51031,
        "Present corporate income tax expenses": 13021,
        "Deferred income taxes expenses": 5257,
        "The interests of minority shareholders": 82,
        "Total Cost of profits": 18360,
        "Profit after tax corporate income": 32671,
        "Volume": 166136014,
        "Close of Quarter": 27.8,
        "EPS": 1963.7,
        "Non-adjusted EPS": 3016,
        "PE": 9.2,
        "Book Price": 19.3
      }
    },
    {
      "quarter": "Q4 2013",
      "income status": {
        "Net sales": 1129500,
        "Cost of goods sold": 697513,
        "Gross Profit": 431987,
        "Financial expenses": 26109,
        "Of which: Interest expense": 13460,
        "Cost of sales": 184973,
        "Enterprise cost management": 134520,
        "Total Operating Expenses": 345602,
        "Total revenue financing activities": 23180,
        "Net profit from business activities": 109565,
        "Profit": -1992,
        "Profit before tax": 107573,
        "Present corporate income tax expenses": 3431,
        "Deferred income taxes expenses": 8809,
        "The interests of minority shareholders": 228,
        "Total Cost of profits": 12468,
        "Profit after tax corporate income": 95105,
        "Volume": 165030369,
        "Close of Quarter": 21.8,
        "EPS": 1968.1,
        "Non-adjusted EPS": 3043,
        "PE": 7.2,
        "Book Price": 19.2
      }
    },
    {
      "quarter": "Q3 2013",
      "income status": {
        "Net sales": 1726687,
        "Cost of goods sold": 852777,
        "Gross Profit": 873910,
        "Financial expenses": 11935,
        "Of which: Interest expense": 10886,
        "Cost of sales": 421666,
        "Enterprise cost management": 96471,
        "Total Operating Expenses": 530072,
        "Total revenue financing activities": 30202,
        "Net profit from business activities": 374040,
        "Profit": -802,
        "Profit before tax": 373238,
        "Present corporate income tax expenses": 57635,
        "Deferred income taxes expenses": -13935,
        "The interests of minority shareholders": 373,
        "Total Cost of profits": 44073,
        "Profit after tax corporate income": 329165,
        "Volume": 165030369,
        "Close of Quarter": 22.4,
        "EPS": 1790.9,
        "Non-adjusted EPS": 2769,
        "PE": 8.1,
        "Book Price": 18.8
      }
    },
    {
      "quarter": "Q2 2013",
      "income status": {
        "Net sales": 899767,
        "Cost of goods sold": 536299,
        "Gross Profit": 363469,
        "Financial expenses": 19031,
        "Of which: Interest expense": -36400,
        "Cost of sales": 197586,
        "Enterprise cost management": 89730,
        "Total Operating Expenses": 306347,
        "Total revenue financing activities": 34526,
        "Net profit from business activities": 91648,
        "Profit": -8430,
        "Profit before tax": 83218,
        "Present corporate income tax expenses": 31038,
        "Deferred income taxes expenses": 8704,
        "The interests of minority shareholders": -714,
        "Total Cost of profits": 39028,
        "Profit after tax corporate income": 44190,
        "Volume": 165030369,
        "Close of Quarter": 19.7,
        "EPS": 1739.2,
        "Non-adjusted EPS": 2689,
        "PE": 7.3,
        "Book Price": 18.2
      }
    },
    {
      "quarter": "Q1 2013",
      "income status": {
        "Net sales": 806905,
        "Cost of goods sold": 501288,
        "Gross Profit": 305617,
        "Financial expenses": 16343,
        "Of which: Interest expense": 10928,
        "Cost of sales": 179660,
        "Enterprise cost management": 79968,
        "Total Operating Expenses": 275971,
        "Total revenue financing activities": 22087,
        "Net profit from business activities": 51733,
        "Profit": -3377,
        "Profit before tax": 48356,
        "Present corporate income tax expenses": 9606,
        "Deferred income taxes expenses": 6114,
        "The interests of minority shareholders": -1037,
        "Total Cost of profits": 14683,
        "Profit after tax corporate income": 33674,
        "Volume": 165030369,
        "Close of Quarter": 19.8,
        "EPS": 1530.3,
        "Non-adjusted EPS": 2366,
        "PE": 8.4,
        "Book Price": 18.0
      }
    },
    {
      "quarter": "Q4 2012",
      "income status": {
        "Net sales": 1071073,
        "Cost of goods sold": 619137,
        "Gross Profit": 451936,
        "Financial expenses": 39382,
        "Of which: Interest expense": 13550,
        "Cost of sales": 245905,
        "Enterprise cost management": 94050,
        "Total Operating Expenses": 379337,
        "Total revenue financing activities": 20626,
        "Net profit from business activities": 93225,
        "Profit": 47,
        "Profit before tax": 93272,
        "Present corporate income tax expenses": 37665,
        "Deferred income taxes expenses": 3840,
        "The interests of minority shareholders": 1754,
        "Total Cost of profits": 43259,
        "Profit after tax corporate income": 50012,
        "Volume": 158429369,
        "Close of Quarter": 16.4,
        "EPS": 1400.1,
        "Non-adjusted EPS": 2255,
        "PE": 7.3,
        "Book Price": 15.8
      }
    },
    {
      "quarter": "Q3 2012",
      "income status": {
        "Net sales": 1668189,
        "Cost of goods sold": 826917,
        "Gross Profit": 841271,
        "Financial expenses": 45257,
        "Of which: Interest expense": 19582,
        "Cost of sales": 386719,
        "Enterprise cost management": 79603,
        "Total Operating Expenses": 511579,
        "Total revenue financing activities": 54063,
        "Net profit from business activities": 383755,
        "Profit": -3630,
        "Profit before tax": 380125,
        "Present corporate income tax expenses": 78914,
        "Deferred income taxes expenses": -16878,
        "The interests of minority shareholders": 2218,
        "Total Cost of profits": 64254,
        "Profit after tax corporate income": 315871,
        "Volume": 132025625,
        "Close of Quarter": 11.5,
        "EPS": 1376.3,
        "Non-adjusted EPS": 2660,
        "PE": 4.3,
        "Book Price": 16.7
      }
    },
    {
      "quarter": "Q2 2012",
      "income status": {
        "Net sales": 842439,
        "Cost of goods sold": 491543,
        "Gross Profit": 350896,
        "Financial expenses": 80119,
        "Of which: Interest expense": 21044,
        "Cost of sales": 179457,
        "Enterprise cost management": 88882,
        "Total Operating Expenses": 348458,
        "Total revenue financing activities": 26065,
        "Net profit from business activities": 28502,
        "Profit": -11373,
        "Profit before tax": 16104,
        "Present corporate income tax expenses": 8606,
        "Deferred income taxes expenses": 15953,
        "The interests of minority shareholders": 574,
        "Total Cost of profits": 25133,
        "Profit after tax corporate income": -9029,
        "Volume": 132025625,
        "Close of Quarter": 13.6,
        "EPS": 1004.3,
        "Non-adjusted EPS": 1941,
        "PE": 7.0,
        "Book Price": 16.1
      }
    },
    {
      "quarter": "Q1 2012",
      "income status": {
        "Net sales": 707093,
        "Cost of goods sold": 466344,
        "Gross Profit": 240749,
        "Financial expenses": 46131,
        "Of which: Interest expense": 38864,
        "Cost of sales": 155145,
        "Enterprise cost management": 81381,
        "Total Operating Expenses": 282657,
        "Total revenue financing activities": 49640,
        "Net profit from business activities": 7732,
        "Profit": 2378,
        "Profit before tax": 11136,
        "Present corporate income tax expenses": 3407,
        "Deferred income taxes expenses": 6207,
        "The interests of minority shareholders": 1161,
        "Total Cost of profits": 10775,
        "Profit after tax corporate income": 361,
        "Volume": 132025625,
        "Close of Quarter": 13.1,
        "EPS": 1111.4,
        "Non-adjusted EPS": 2148,
        "PE": 6.1,
        "Book Price": 17.5
      }
    },
    {
      "quarter": "Q4 2011",
      "income status": {
        "Net sales": 1194570,
        "Cost of goods sold": 745714,
        "Gross Profit": 448856,
        "Financial expenses": 55913,
        "Of which: Interest expense": 42590,
        "Cost of sales": 299690,
        "Enterprise cost management": 90238,
        "Total Operating Expenses": 445841,
        "Total revenue financing activities": 40929,
        "Net profit from business activities": 43944,
        "Profit": 39,
        "Profit before tax": 43983,
        "Present corporate income tax expenses": 7364,
        "Deferred income taxes expenses": -8711,
        "The interests of minority shareholders": 1399,
        "Total Cost of profits": 52,
        "Profit after tax corporate income": 43931,
        "Volume": 118025625,
        "Close of Quarter": 8.4,
        "EPS": 1135.1,
        "Non-adjusted EPS": 2454,
        "PE": 3.4,
        "Book Price": 15.0
      }
    },
    {
      "quarter": "Q3 2011",
      "income status": {
        "Net sales": 1524803,
        "Cost of goods sold": 833410,
        "Gross Profit": 691393,
        "Financial expenses": 42060,
        "Of which: Interest expense": 24583,
        "Cost of sales": 350201,
        "Enterprise cost management": 92419,
        "Total Operating Expenses": 484680,
        "Total revenue financing activities": 43189,
        "Net profit from business activities": 249902,
        "Profit": 2991,
        "Profit before tax": 304801,
        "Present corporate income tax expenses": 48287,
        "Deferred income taxes expenses": -18167,
        "The interests of minority shareholders": 1785,
        "Total Cost of profits": 31905,
        "Profit after tax corporate income": 220988,
        "Volume": 118484695,
        "Close of Quarter": 11.4,
        "EPS": 1364.7,
        "Non-adjusted EPS": 2939,
        "PE": 3.9,
        "Book Price": 15.5
      }
    },
    {
      "quarter": "Q2 2011",
      "income status": {
        "Net sales": 877253,
        "Cost of goods sold": 565892,
        "Gross Profit": 311361,
        "Financial expenses": 56309,
        "Of which: Interest expense": 31669,
        "Cost of sales": 167582,
        "Enterprise cost management": 75802,
        "Total Operating Expenses": 299693,
        "Total revenue financing activities": 23343,
        "Net profit from business activities": 35010,
        "Profit": 1331,
        "Profit before tax": 36341,
        "Present corporate income tax expenses": 6580,
        "Deferred income taxes expenses": 10002,
        "The interests of minority shareholders": 1446,
        "Total Cost of profits": 18028,
        "Profit after tax corporate income": 18314,
        "Volume": 118484695,
        "Close of Quarter": 11.8,
        "EPS": 1052.2,
        "Non-adjusted EPS": 2266,
        "PE": 5.2,
        "Book Price": 14.7
      }
    },
    {
      "quarter": "Q1 2011",
      "income status": {
        "Net sales": 634748,
        "Cost of goods sold": 417184,
        "Gross Profit": 217564,
        "Financial expenses": 24998,
        "Of which: Interest expense": 20592,
        "Cost of sales": 132333,
        "Enterprise cost management": 66276,
        "Total Operating Expenses": 223607,
        "Total revenue financing activities": 21295,
        "Net profit from business activities": 15252,
        "Profit": 4131,
        "Profit before tax": 19383,
        "Present corporate income tax expenses": 5996,
        "Deferred income taxes expenses": "N/A",
        "The interests of minority shareholders": 6946,
        "Total Cost of profits": 12942,
        "Profit after tax corporate income": 6441,
        "Volume": 118484695,
        "Close of Quarter": 13.3,
        "EPS": 831.2,
        "Non-adjusted EPS": 1790,
        "PE": 7.4,
        "Book Price": 14.7
      }
    },
    {
      "quarter": "Q4 2010",
      "income status": {
        "Net sales": 591941,
        "Cost of goods sold": 387871,
        "Gross Profit": 204070,
        "Financial expenses": 9945,
        "Of which: Interest expense": 8826,
        "Cost of sales": 113971,
        "Enterprise cost management": 34634,
        "Total Operating Expenses": 158550,
        "Total revenue financing activities": 31359,
        "Net profit from business activities": 76879,
        "Profit": 33502,
        "Profit before tax": 113136,
        "Present corporate income tax expenses": 4308,
        "Deferred income taxes expenses": -11562,
        "The interests of minority shareholders": 17893,
        "Total Cost of profits": 10639,
        "Profit after tax corporate income": 102497,
        "Volume": 100243402,
        "Close of Quarter": 16.0,
        "EPS": 2175.7,
        "Non-adjusted EPS": 5538,
        "PE": 2.9,
        "Book Price": 14.6
      }
    },
    {
      "quarter": "Q3 2010",
      "income status": {
        "Net sales": 732363,
        "Cost of goods sold": 408770,
        "Gross Profit": 323593,
        "Financial expenses": 10842,
        "Of which: Interest expense": 11665,
        "Cost of sales": 138699,
        "Enterprise cost management": 39139,
        "Total Operating Expenses": 188680,
        "Total revenue financing activities": 23988,
        "Net profit from business activities": 158902,
        "Profit": 2039,
        "Profit before tax": 168591,
        "Present corporate income tax expenses": 6,
        "Deferred income taxes expenses": -1679,
        "The interests of minority shareholders": 28983,
        "Total Cost of profits": 27310,
        "Profit after tax corporate income": 141281,
        "Volume": 100243402,
        "Close of Quarter": 16.9,
        "EPS": 2005.6,
        "Non-adjusted EPS": 5105,
        "PE": 3.3,
        "Book Price": 11.3
      }
    },
    {
      "quarter": "Q2 2010",
      "income status": {
        "Net sales": 279030,
        "Cost of goods sold": 202427,
        "Gross Profit": 76603,
        "Financial expenses": 64686,
        "Of which: Interest expense": 15597,
        "Cost of sales": 49040,
        "Enterprise cost management": 35606,
        "Total Operating Expenses": 149332,
        "Total revenue financing activities": 32152,
        "Net profit from business activities": -40576,
        "Profit": 1294,
        "Profit before tax": -31558,
        "Present corporate income tax expenses": 730,
        "Deferred income taxes expenses": 3075,
        "The interests of minority shareholders": 2766,
        "Total Cost of profits": 6571,
        "Profit after tax corporate income": -38129,
        "Volume": 100243402,
        "Close of Quarter": 15.9,
        "EPS": 2763.0,
        "Non-adjusted EPS": 7033,
        "PE": 2.3,
        "Book Price": 10.7
      }
    },
    {
      "quarter": "Q1 2010",
      "income status": {
        "Net sales": 306134,
        "Cost of goods sold": 217333,
        "Gross Profit": 88802,
        "Financial expenses": 157470,
        "Of which: Interest expense": 6663,
        "Cost of sales": 42847,
        "Enterprise cost management": 25510,
        "Total Operating Expenses": 225827,
        "Total revenue financing activities": 582187,
        "Net profit from business activities": 445161,
        "Profit": 8893,
        "Profit before tax": 456732,
        "Present corporate income tax expenses": 103901,
        "Deferred income taxes expenses": -3075,
        "The interests of minority shareholders": 6447,
        "Total Cost of profits": 107273,
        "Profit after tax corporate income": 349459,
        "Volume": 80195523,
        "Close of Quarter": 15.3,
        "EPS": 3236.9,
        "Non-adjusted EPS": 10299,
        "PE": 1.5,
        "Book Price": 10.8
      }
    },
    {
      "quarter": "Q4 2009",
      "income status": {
        "Net sales": 447755,
        "Cost of goods sold": 294879,
        "Gross Profit": 152876,
        "Financial expenses": 23420,
        "Of which: Interest expense": 10979,
        "Cost of sales": 40413,
        "Enterprise cost management": 33752,
        "Total Operating Expenses": 97585,
        "Total revenue financing activities": 14047,
        "Net profit from business activities": 69337,
        "Profit": 4084,
        "Profit before tax": 76364,
        "Present corporate income tax expenses": 1039,
        "Deferred income taxes expenses": 2841,
        "The interests of minority shareholders": 13348,
        "Total Cost of profits": 17228,
        "Profit after tax corporate income": 59136,
        "Volume": 78513073,
        "Close of Quarter": 14.7,
        "EPS": 1921.3,
        "Non-adjusted EPS": 6244,
        "PE": 2.4,
        "Book Price": 9.5
      }
    },
    {
      "quarter": "Q3 2009",
      "income status": {
        "Net sales": 546392,
        "Cost of goods sold": 331300,
        "Gross Profit": 215092,
        "Financial expenses": 30269,
        "Of which: Interest expense": 11071,
        "Cost of sales": 60528,
        "Enterprise cost management": 21768,
        "Total Operating Expenses": 112565,
        "Total revenue financing activities": 43084,
        "Net profit from business activities": 145611,
        "Profit": 251052,
        "Profit before tax": 402051,
        "Present corporate income tax expenses": 1161,
        "Deferred income taxes expenses": 45743,
        "The interests of minority shareholders": 20630,
        "Total Cost of profits": 67534,
        "Profit after tax corporate income": 334516,
        "Volume": 56081690,
        "Close of Quarter": 15.0,
        "EPS": 1719.0,
        "Non-adjusted EPS": 7821,
        "PE": 1.9,
        "Book Price": 9.8
      }
    },
    {
      "quarter": "Q2 2009",
      "income status": {
        "Net sales": 275103,
        "Cost of goods sold": 203655,
        "Gross Profit": 71448,
        "Financial expenses": 137973,
        "Of which: Interest expense": 9644,
        "Cost of sales": 30959,
        "Enterprise cost management": 28810,
        "Total Operating Expenses": 197742,
        "Total revenue financing activities": 203972,
        "Net profit from business activities": 77679,
        "Profit": 3816,
        "Profit before tax": 85405,
        "Present corporate income tax expenses": 508,
        "Deferred income taxes expenses": "N/A",
        "The interests of minority shareholders": 2038,
        "Total Cost of profits": 2546,
        "Profit after tax corporate income": 82859,
        "Volume": 56081690,
        "Close of Quarter": 7.4,
        "EPS": 689.0,
        "Non-adjusted EPS": 3135,
        "PE": 2.4,
        "Book Price": 8.5
      }
    },
    {
      "quarter": "Q1 2009",
      "income status": {
        "Net sales": 257593,
        "Cost of goods sold": 194635,
        "Gross Profit": 62959,
        "Financial expenses": 19930,
        "Of which: Interest expense": 11578,
        "Cost of sales": 18811,
        "Enterprise cost management": 19376,
        "Total Operating Expenses": 58117,
        "Total revenue financing activities": 15378,
        "Net profit from business activities": 20219,
        "Profit": 1053,
        "Profit before tax": 21273,
        "Present corporate income tax expenses": 173,
        "Deferred income taxes expenses": "N/A",
        "The interests of minority shareholders": 7389,
        "Total Cost of profits": 7562,
        "Profit after tax corporate income": 13711,
        "Volume": 56081690,
        "Close of Quarter": 4.0,
        "EPS": 426.0,
        "Non-adjusted EPS": 1938,
        "PE": 2.1,
        "Book Price": 8.2
      }
    },
    {
      "quarter": "Q4 2008",
      "income status": {
        "Net sales": 385329,
        "Cost of goods sold": 301201,
        "Gross Profit": 84128,
        "Financial expenses": 49207,
        "Of which: Interest expense": 14523,
        "Cost of sales": 59138,
        "Enterprise cost management": 25223,
        "Total Operating Expenses": 133568,
        "Total revenue financing activities": 34670,
        "Net profit from business activities": -14770,
        "Profit": 15906,
        "Profit before tax": 1136,
        "Present corporate income tax expenses": -1173,
        "Deferred income taxes expenses": "N/A",
        "The interests of minority shareholders": -5207,
        "Total Cost of profits": -6380,
        "Profit after tax corporate income": 7516,
        "Volume": 56081690,
        "Close of Quarter": 5.1,
        "EPS": 537.2,
        "Non-adjusted EPS": 2444,
        "PE": 2.1,
        "Book Price": 8.9
      }
    },
    {
      "quarter": "Q3 2008",
      "income status": {
        "Net sales": 532232,
        "Cost of goods sold": 376233,
        "Gross Profit": 155998,
        "Financial expenses": 44638,
        "Of which: Interest expense": 20015,
        "Cost of sales": 40532,
        "Enterprise cost management": 32548,
        "Total Operating Expenses": 117718,
        "Total revenue financing activities": 23668,
        "Net profit from business activities": 61948,
        "Profit": 7870,
        "Profit before tax": 69818,
        "Present corporate income tax expenses": -1912,
        "Deferred income taxes expenses": "N/A",
        "The interests of minority shareholders": "N/A",
        "Total Cost of profits": -1912,
        "Profit after tax corporate income": 71730,
        "Volume": 56112820,
        "Close of Quarter": 8.5,
        "EPS": 804.7,
        "Non-adjusted EPS": 3659,
        "PE": 2.3,
        "Book Price": 9.3
      }
    },
    {
      "quarter": "Q2 2008",
      "income status": {
        "Net sales": 258592,
        "Cost of goods sold": 208572,
        "Gross Profit": 50021,
        "Financial expenses": 13562,
        "Of which: Interest expense": 9321,
        "Cost of sales": 30514,
        "Enterprise cost management": 22685,
        "Total Operating Expenses": 66761,
        "Total revenue financing activities": 34955,
        "Net profit from business activities": 18215,
        "Profit": 186,
        "Profit before tax": 18401,
        "Present corporate income tax expenses": 2645,
        "Deferred income taxes expenses": "N/A",
        "The interests of minority shareholders": "N/A",
        "Total Cost of profits": 2645,
        "Profit after tax corporate income": 15756,
        "Volume": 45997609,
        "Close of Quarter": 10.1,
        "EPS": 883.5,
        "Non-adjusted EPS": 4901,
        "PE": 2.1,
        "Book Price": 9.3
      }
    },
    {
      "quarter": "Q1 2008",
      "income status": {
        "Net sales": 255271,
        "Cost of goods sold": 184549,
        "Gross Profit": 70722,
        "Financial expenses": 10876,
        "Of which: Interest expense": 7643,
        "Cost of sales": 8680,
        "Enterprise cost management": 14506,
        "Total Operating Expenses": 34062,
        "Total revenue financing activities": 16610,
        "Net profit from business activities": 53270,
        "Profit": -249,
        "Profit before tax": 53021,
        "Present corporate income tax expenses": 439,
        "Deferred income taxes expenses": "N/A",
        "The interests of minority shareholders": 10516,
        "Total Cost of profits": 10955,
        "Profit after tax corporate income": 42065,
        "Volume": 46999665,
        "Close of Quarter": 14.1,
        "EPS": 918.4,
        "Non-adjusted EPS": 4986,
        "PE": 2.8,
        "Book Price": 9.2
      }
    },
    {
      "quarter": "Q4 2007",
      "income status": {
        "Net sales": 366127,
        "Cost of goods sold": 287986,
        "Gross Profit": 78142,
        "Financial expenses": 16723,
        "Of which: Interest expense": 11482,
        "Cost of sales": 31226,
        "Enterprise cost management": 22508,
        "Total Operating Expenses": 70457,
        "Total revenue financing activities": 63342,
        "Net profit from business activities": 71027,
        "Profit": 4803,
        "Profit before tax": 75792,
        "Present corporate income tax expenses": "N/A",
        "Deferred income taxes expenses": "N/A",
        "The interests of minority shareholders": "N/A",
        "Total Cost of profits": 0,
        "Profit after tax corporate income": 75792,
        "Volume": 35999665,
        "Close of Quarter": 25.0,
        "EPS": 943.3,
        "Non-adjusted EPS": 6686,
        "PE": 3.7,
        "Book Price": 9.6
      }
    },
    {
      "quarter": "Q3 2007",
      "income status": {
        "Net sales": 407718,
        "Cost of goods sold": 264532,
        "Gross Profit": 143186,
        "Financial expenses": 7318,
        "Of which: Interest expense": -18143,
        "Cost of sales": 31626,
        "Enterprise cost management": 18569,
        "Total Operating Expenses": 57513,
        "Total revenue financing activities": 2754,
        "Net profit from business activities": 88427,
        "Profit": 1235,
        "Profit before tax": 91839,
        "Present corporate income tax expenses": "N/A",
        "Deferred income taxes expenses": "N/A",
        "The interests of minority shareholders": "N/A",
        "Total Cost of profits": 0,
        "Profit after tax corporate income": 91839,
        "Volume": 35999665,
        "Close of Quarter": 32.9,
        "EPS": 782.2,
        "Non-adjusted EPS": 5544,
        "PE": 5.9,
        "Book Price": 2.9
      }
    },
    {
      "quarter": "Q2 2007",
      "income status": {
        "Net sales": 232881,
        "Cost of goods sold": 189893,
        "Gross Profit": 42989,
        "Financial expenses": 7429,
        "Of which: Interest expense": 6661,
        "Cost of sales": 18476,
        "Enterprise cost management": 14933,
        "Total Operating Expenses": 40838,
        "Total revenue financing activities": 9948,
        "Net profit from business activities": 12097,
        "Profit": 6638,
        "Profit before tax": 24638,
        "Present corporate income tax expenses": "N/A",
        "Deferred income taxes expenses": "N/A",
        "The interests of minority shareholders": "N/A",
        "Total Cost of profits": 0,
        "Profit after tax corporate income": 24638,
        "Volume": 35999665,
        "Close of Quarter": 30.3,
        "EPS": 785,
        "Non-adjusted EPS": 5564,
        "PE": 5.5,
        "Book Price": 2.5
      }
    },
    {
      "quarter": "Q1 2007",
      "income status": {
        "Net sales": 226392,
        "Cost of goods sold": 168668,
        "Gross Profit": 57725,
        "Financial expenses": 6771,
        "Of which: Interest expense": "N/A",
        "Cost of sales": 14099,
        "Enterprise cost management": 14139,
        "Total Operating Expenses": 35009,
        "Total revenue financing activities": 20788,
        "Net profit from business activities": 43504,
        "Profit": 3921,
        "Profit before tax": 48435,
        "Present corporate income tax expenses": "N/A",
        "Deferred income taxes expenses": "N/A",
        "The interests of minority shareholders": "N/A",
        "Total Cost of profits": 0,
        "Profit after tax corporate income": 48435,
        "Volume": 29999980,
        "Close of Quarter": 21.0,
        "EPS": 745.7,
        "Non-adjusted EPS": 6342,
        "PE": 3.3,
        "Book Price": 2.5
      }
    },
    {
      "quarter": "Q4 2006",
      "income status": {
        "Net sales": 279329,
        "Cost of goods sold": 208482,
        "Gross Profit": 70847,
        "Financial expenses": 5451,
        "Of which: Interest expense": "N/A",
        "Cost of sales": 29441,
        "Enterprise cost management": 18661,
        "Total Operating Expenses": 53553,
        "Total revenue financing activities": 15752,
        "Net profit from business activities": 33046,
        "Profit": 1231,
        "Profit before tax": 34681,
        "Present corporate income tax expenses": "N/A",
        "Deferred income taxes expenses": "N/A",
        "The interests of minority shareholders": "N/A",
        "Total Cost of profits": 0,
        "Profit after tax corporate income": 34681,
        "Volume": 29999980,
        "Close of Quarter": 15.1,
        "EPS": 629.7,
        "Non-adjusted EPS": 5356,
        "PE": 2.8,
        "Book Price": 2.3
      }
    },
    {
      "quarter": "Q3 2006",
      "income status": {
        "Net sales": 379165,
        "Cost of goods sold": 243363,
        "Gross Profit": 135802,
        "Financial expenses": 6437,
        "Of which: Interest expense": "N/A",
        "Cost of sales": 37814,
        "Enterprise cost management": 16198,
        "Total Operating Expenses": 60449,
        "Total revenue financing activities": 14596,
        "Net profit from business activities": 89948,
        "Profit": 785,
        "Profit before tax": 92549,
        "Present corporate income tax expenses": "N/A",
        "Deferred income taxes expenses": "N/A",
        "The interests of minority shareholders": "N/A",
        "Total Cost of profits": 0,
        "Profit after tax corporate income": 92549,
        "Volume": 29999980,
        "Close of Quarter": 8.8,
        "EPS": 493.8,
        "Non-adjusted EPS": 4200,
        "PE": 2.1,
        "Book Price": 2.3
      }
    },
    {
      "quarter": "Q2 2006",
      "income status": {
        "Net sales": 182008,
        "Cost of goods sold": 140742,
        "Gross Profit": 41267,
        "Financial expenses": 6258,
        "Of which: Interest expense": 3820,
        "Cost of sales": 17875,
        "Enterprise cost management": 15038,
        "Total Operating Expenses": 39171,
        "Total revenue financing activities": 9136,
        "Net profit from business activities": 11231,
        "Profit": 1434,
        "Profit before tax": 14585,
        "Present corporate income tax expenses": "N/A",
        "Deferred income taxes expenses": "N/A",
        "The interests of minority shareholders": "N/A",
        "Total Cost of profits": 0,
        "Profit after tax corporate income": 14585,
        "Volume": 29999980,
        "Close of Quarter": 9.3,
        "EPS": 131.1,
        "Non-adjusted EPS": 1115,
        "PE": 8.3,
        "Book Price": 2.0
      }
    },
    {
      "quarter": "Q1 2006",
      "income status": {
        "Net sales": 164798,
        "Cost of goods sold": 127082,
        "Gross Profit": 37716,
        "Financial expenses": 3575,
        "Of which: Interest expense": "N/A",
        "Cost of sales": 11242,
        "Enterprise cost management": 12538,
        "Total Operating Expenses": 27355,
        "Total revenue financing activities": 7980,
        "Net profit from business activities": 18341,
        "Profit": 514,
        "Profit before tax": 18865,
        "Present corporate income tax expenses": "N/A",
        "Deferred income taxes expenses": "N/A",
        "The interests of minority shareholders": "N/A",
        "Total Cost of profits": 0,
        "Profit after tax corporate income": 18865,
        "Volume": 25000000,
        "Close of Quarter": 7.2,
        "EPS": 74.0,
        "Non-adjusted EPS": 755,
        "PE": 9.6,
        "Book Price": 2.0
      }
    }
  ]
}