{
  "ticker": "PGS",
  "data": [
    {
      "quarter": "Q1 2017",
      "income status": {
        "Net sales": 1650428,
        "Cost of goods sold": 1386580,
        "Gross Profit": 263849,
        "Financial expenses": 4467,
        "Of which: Interest expense": 4405,
        "Cost of sales": 221099,
        "Enterprise cost management": 10026,
        "Total Operating Expenses": 235592,
        "Total revenue financing activities": 2319,
        "Net profit from business activities": 30576,
        "Profit": 380,
        "Profit before tax": 30956,
        "Present corporate income tax expenses": 6234,
        "Deferred income taxes expenses": "N/A",
        "The interests of minority shareholders": "N/A",
        "Total Cost of profits": 6234,
        "Profit after tax corporate income": 24722,
        "Volume": 50000000,
        "Close of Quarter": 16.9,
        "EPS": 3639,
        "Non-adjusted EPS": 3639,
        "PE": 4.6,
        "Book Price": 19.7
      }
    },
    {
      "quarter": "Q4 2016",
      "income status": {
        "Net sales": 1515153,
        "Cost of goods sold": 1208494,
        "Gross Profit": 306659,
        "Financial expenses": 4456,
        "Of which: Interest expense": 4222,
        "Cost of sales": 247149,
        "Enterprise cost management": 34104,
        "Total Operating Expenses": 285709,
        "Total revenue financing activities": 3142,
        "Net profit from business activities": 24092,
        "Profit": 945,
        "Profit before tax": 25037,
        "Present corporate income tax expenses": 5114,
        "Deferred income taxes expenses": "N/A",
        "The interests of minority shareholders": "N/A",
        "Total Cost of profits": 5114,
        "Profit after tax corporate income": 19923,
        "Volume": 50000000,
        "Close of Quarter": 15.2,
        "EPS": 6837,
        "Non-adjusted EPS": 6837,
        "PE": 2.2,
        "Book Price": 19.3
      }
    },
    {
      "quarter": "Q3 2016",
      "income status": {
        "Net sales": 1389827,
        "Cost of goods sold": 1132603,
        "Gross Profit": 257224,
        "Financial expenses": 5321,
        "Of which: Interest expense": 5227,
        "Cost of sales": 209876,
        "Enterprise cost management": 9603,
        "Total Operating Expenses": 224800,
        "Total revenue financing activities": 3445,
        "Net profit from business activities": 35868,
        "Profit": 1301,
        "Profit before tax": 37169,
        "Present corporate income tax expenses": 7457,
        "Deferred income taxes expenses": "N/A",
        "The interests of minority shareholders": "N/A",
        "Total Cost of profits": 7457,
        "Profit after tax corporate income": 29712,
        "Volume": 50000000,
        "Close of Quarter": 15.3,
        "EPS": 6521,
        "Non-adjusted EPS": 6521,
        "PE": 2.3,
        "Book Price": 20.1
      }
    },
    {
      "quarter": "Q2 2016",
      "income status": {
        "Net sales": 823099,
        "Cost of goods sold": 663336,
        "Gross Profit": 159763,
        "Financial expenses": 29430,
        "Of which: Interest expense": 3871,
        "Cost of sales": 135666,
        "Enterprise cost management": 7653,
        "Total Operating Expenses": 172749,
        "Total revenue financing activities": 117884,
        "Net profit from business activities": 104898,
        "Profit": -1797,
        "Profit before tax": 103101,
        "Present corporate income tax expenses": 2253,
        "Deferred income taxes expenses": "N/A",
        "The interests of minority shareholders": -6741,
        "Total Cost of profits": -4488,
        "Profit after tax corporate income": 107589,
        "Volume": 50000000,
        "Close of Quarter": 15.4,
        "EPS": 6793,
        "Non-adjusted EPS": 6793,
        "PE": 2.3,
        "Book Price": 19.6
      }
    },
    {
      "quarter": "Q1 2016",
      "income status": {
        "Net sales": 1229020,
        "Cost of goods sold": 1012826,
        "Gross Profit": 216195,
        "Financial expenses": 32423,
        "Of which: Interest expense": 7288,
        "Cost of sales": 172989,
        "Enterprise cost management": 28713,
        "Total Operating Expenses": 234125,
        "Total revenue financing activities": 273390,
        "Net profit from business activities": 255459,
        "Profit": 2242,
        "Profit before tax": 257701,
        "Present corporate income tax expenses": 66348,
        "Deferred income taxes expenses": "N/A",
        "The interests of minority shareholders": 6741,
        "Total Cost of profits": 73089,
        "Profit after tax corporate income": 184612,
        "Volume": 50000000,
        "Close of Quarter": 15.4,
        "EPS": 5276,
        "Non-adjusted EPS": 5276,
        "PE": 2.9,
        "Book Price": 21.3
      }
    },
    {
      "quarter": "Q4 2015",
      "income status": {
        "Net sales": 1489136,
        "Cost of goods sold": 1215881,
        "Gross Profit": 273256,
        "Financial expenses": 7211,
        "Of which: Interest expense": 6787,
        "Cost of sales": 184370,
        "Enterprise cost management": 53487,
        "Total Operating Expenses": 245068,
        "Total revenue financing activities": 2676,
        "Net profit from business activities": 30864,
        "Profit": 6417,
        "Profit before tax": 37281,
        "Present corporate income tax expenses": 18344,
        "Deferred income taxes expenses": 1344,
        "The interests of minority shareholders": 13447,
        "Total Cost of profits": 33135,
        "Profit after tax corporate income": 4145,
        "Volume": 50000000,
        "Close of Quarter": 14.2,
        "EPS": 2253,
        "Non-adjusted EPS": 2253,
        "PE": 6.3,
        "Book Price": 21.3
      }
    },
    {
      "quarter": "Q3 2015",
      "income status": {
        "Net sales": 1465629,
        "Cost of goods sold": 1173270,
        "Gross Profit": 292359,
        "Financial expenses": 7329,
        "Of which: Interest expense": 7282,
        "Cost of sales": 177704,
        "Enterprise cost management": 32599,
        "Total Operating Expenses": 217632,
        "Total revenue financing activities": 2673,
        "Net profit from business activities": 77401,
        "Profit": -1306,
        "Profit before tax": 76095,
        "Present corporate income tax expenses": 19080,
        "Deferred income taxes expenses": "N/A",
        "The interests of minority shareholders": 13714,
        "Total Cost of profits": 32794,
        "Profit after tax corporate income": 43302,
        "Volume": 50000000,
        "Close of Quarter": 14.7,
        "EPS": 2236,
        "Non-adjusted EPS": 2236,
        "PE": 6.6,
        "Book Price": 22.7
      }
    },
    {
      "quarter": "Q2 2015",
      "income status": {
        "Net sales": 1564288,
        "Cost of goods sold": 1263288,
        "Gross Profit": 301000,
        "Financial expenses": 6271,
        "Of which: Interest expense": 6197,
        "Cost of sales": 178258,
        "Enterprise cost management": 55689,
        "Total Operating Expenses": 240218,
        "Total revenue financing activities": -1169,
        "Net profit from business activities": 59613,
        "Profit": 1960,
        "Profit before tax": 61574,
        "Present corporate income tax expenses": 14566,
        "Deferred income taxes expenses": -604,
        "The interests of minority shareholders": 15848,
        "Total Cost of profits": 29810,
        "Profit after tax corporate income": 31764,
        "Volume": 50000000,
        "Close of Quarter": 16.7,
        "EPS": 2503,
        "Non-adjusted EPS": 2503,
        "PE": 6.7,
        "Book Price": 21.9
      }
    },
    {
      "quarter": "Q1 2015",
      "income status": {
        "Net sales": 1431047,
        "Cost of goods sold": 1172790,
        "Gross Profit": 258257,
        "Financial expenses": 7348,
        "Of which: Interest expense": 7233,
        "Cost of sales": 172154,
        "Enterprise cost management": 33483,
        "Total Operating Expenses": 212985,
        "Total revenue financing activities": 6639,
        "Net profit from business activities": 51911,
        "Profit": 1231,
        "Profit before tax": 53142,
        "Present corporate income tax expenses": 9628,
        "Deferred income taxes expenses": "N/A",
        "The interests of minority shareholders": 10079,
        "Total Cost of profits": 19707,
        "Profit after tax corporate income": 33435,
        "Volume": 38000000,
        "Close of Quarter": 14.5,
        "EPS": 2844.7,
        "Non-adjusted EPS": 3743,
        "PE": 3.9,
        "Book Price": 22.7
      }
    },
    {
      "quarter": "Q4 2014",
      "income status": {
        "Net sales": 1883152,
        "Cost of goods sold": 1613545,
        "Gross Profit": 269607,
        "Financial expenses": 6832,
        "Of which: Interest expense": 6753,
        "Cost of sales": 167879,
        "Enterprise cost management": 58329,
        "Total Operating Expenses": 233040,
        "Total revenue financing activities": 2980,
        "Net profit from business activities": 39547,
        "Profit": -1452,
        "Profit before tax": 38095,
        "Present corporate income tax expenses": 28245,
        "Deferred income taxes expenses": -3084,
        "The interests of minority shareholders": 9649,
        "Total Cost of profits": 34810,
        "Profit after tax corporate income": 3284,
        "Volume": 38000000,
        "Close of Quarter": 14.8,
        "EPS": 2733.7,
        "Non-adjusted EPS": 3597,
        "PE": 4.1,
        "Book Price": 22.7
      }
    },
    {
      "quarter": "Q3 2014",
      "income status": {
        "Net sales": 1961858,
        "Cost of goods sold": 1641758,
        "Gross Profit": 320100,
        "Financial expenses": 7443,
        "Of which: Interest expense": 7343,
        "Cost of sales": 182395,
        "Enterprise cost management": 41031,
        "Total Operating Expenses": 230869,
        "Total revenue financing activities": 4587,
        "Net profit from business activities": 93817,
        "Profit": 543,
        "Profit before tax": 94360,
        "Present corporate income tax expenses": 21023,
        "Deferred income taxes expenses": "N/A",
        "The interests of minority shareholders": 16666,
        "Total Cost of profits": 37689,
        "Profit after tax corporate income": 56672,
        "Volume": 38000000,
        "Close of Quarter": 19.7,
        "EPS": 3225.4,
        "Non-adjusted EPS": 4244,
        "PE": 4.7,
        "Book Price": 22.7
      }
    },
    {
      "quarter": "Q2 2014",
      "income status": {
        "Net sales": 1927009,
        "Cost of goods sold": 1639518,
        "Gross Profit": 287491,
        "Financial expenses": 9124,
        "Of which: Interest expense": 8816,
        "Cost of sales": 161487,
        "Enterprise cost management": 57546,
        "Total Operating Expenses": 228157,
        "Total revenue financing activities": 5570,
        "Net profit from business activities": 64904,
        "Profit": 39,
        "Profit before tax": 64942,
        "Present corporate income tax expenses": 13464,
        "Deferred income taxes expenses": -10329,
        "The interests of minority shareholders": 12983,
        "Total Cost of profits": 16118,
        "Profit after tax corporate income": 48824,
        "Volume": 38000000,
        "Close of Quarter": 17.1,
        "EPS": 3160.8,
        "Non-adjusted EPS": 4159,
        "PE": 4.1,
        "Book Price": 21.4
      }
    },
    {
      "quarter": "Q1 2014",
      "income status": {
        "Net sales": 1702835,
        "Cost of goods sold": 1441439,
        "Gross Profit": 261396,
        "Financial expenses": 9795,
        "Of which: Interest expense": 9786,
        "Cost of sales": 164727,
        "Enterprise cost management": 47771,
        "Total Operating Expenses": 222293,
        "Total revenue financing activities": 4227,
        "Net profit from business activities": 43331,
        "Profit": 1429,
        "Profit before tax": 44760,
        "Present corporate income tax expenses": 4512,
        "Deferred income taxes expenses": 394,
        "The interests of minority shareholders": 11966,
        "Total Cost of profits": 16872,
        "Profit after tax corporate income": 27888,
        "Volume": 38000000,
        "Close of Quarter": 19.2,
        "EPS": 3103.1,
        "Non-adjusted EPS": 4083,
        "PE": 4.7,
        "Book Price": 21.6
      }
    },
    {
      "quarter": "Q4 2013",
      "income status": {
        "Net sales": 2101529,
        "Cost of goods sold": 1841588,
        "Gross Profit": 259941,
        "Financial expenses": 10609,
        "Of which: Interest expense": 9429,
        "Cost of sales": 144503,
        "Enterprise cost management": 73157,
        "Total Operating Expenses": 228269,
        "Total revenue financing activities": 9393,
        "Net profit from business activities": 41065,
        "Profit": 6855,
        "Profit before tax": 47921,
        "Present corporate income tax expenses": 6590,
        "Deferred income taxes expenses": -394,
        "The interests of minority shareholders": 13833,
        "Total Cost of profits": 20029,
        "Profit after tax corporate income": 27891,
        "Volume": 38000000,
        "Close of Quarter": 14.7,
        "EPS": 3569.0,
        "Non-adjusted EPS": 4696,
        "PE": 3.1,
        "Book Price": 18.6
      }
    },
    {
      "quarter": "Q3 2013",
      "income status": {
        "Net sales": 1815091,
        "Cost of goods sold": 1518092,
        "Gross Profit": 297000,
        "Financial expenses": 13363,
        "Of which: Interest expense": 9440,
        "Cost of sales": 171540,
        "Enterprise cost management": 40774,
        "Total Operating Expenses": 225677,
        "Total revenue financing activities": 6331,
        "Net profit from business activities": 77653,
        "Profit": 530,
        "Profit before tax": 78184,
        "Present corporate income tax expenses": 10527,
        "Deferred income taxes expenses": "N/A",
        "The interests of minority shareholders": 14207,
        "Total Cost of profits": 24734,
        "Profit after tax corporate income": 53450,
        "Volume": 38000000,
        "Close of Quarter": 12.2,
        "EPS": 4181.5,
        "Non-adjusted EPS": 5502,
        "PE": 2.2,
        "Book Price": 17.8
      }
    },
    {
      "quarter": "Q2 2013",
      "income status": {
        "Net sales": 1547240,
        "Cost of goods sold": 1254360,
        "Gross Profit": 292881,
        "Financial expenses": 38473,
        "Of which: Interest expense": 20924,
        "Cost of sales": 146730,
        "Enterprise cost management": 44764,
        "Total Operating Expenses": 229967,
        "Total revenue financing activities": 10546,
        "Net profit from business activities": 73460,
        "Profit": 5187,
        "Profit before tax": 77862,
        "Present corporate income tax expenses": 14841,
        "Deferred income taxes expenses": "N/A",
        "The interests of minority shareholders": 18784,
        "Total Cost of profits": 33625,
        "Profit after tax corporate income": 45922,
        "Volume": 38000000,
        "Close of Quarter": 9.5,
        "EPS": 3965.7,
        "Non-adjusted EPS": 5218,
        "PE": 1.8,
        "Book Price": 17.0
      }
    },
    {
      "quarter": "Q1 2013",
      "income status": {
        "Net sales": 1473709,
        "Cost of goods sold": 1210291,
        "Gross Profit": 263418,
        "Financial expenses": 18295,
        "Of which: Interest expense": 15106,
        "Cost of sales": 158215,
        "Enterprise cost management": 20919,
        "Total Operating Expenses": 197429,
        "Total revenue financing activities": 5665,
        "Net profit from business activities": 71654,
        "Profit": 5124,
        "Profit before tax": 76778,
        "Present corporate income tax expenses": 10591,
        "Deferred income taxes expenses": "N/A",
        "The interests of minority shareholders": 14997,
        "Total Cost of profits": 25588,
        "Profit after tax corporate income": 51189,
        "Volume": 38000000,
        "Close of Quarter": 8.8,
        "EPS": 3378.2,
        "Non-adjusted EPS": 4445,
        "PE": 2.0,
        "Book Price": 17.0
      }
    },
    {
      "quarter": "Q4 2012",
      "income status": {
        "Net sales": 1646260,
        "Cost of goods sold": 1341386,
        "Gross Profit": 304874,
        "Financial expenses": 45808,
        "Of which: Interest expense": 12069,
        "Cost of sales": 132348,
        "Enterprise cost management": 49361,
        "Total Operating Expenses": 227517,
        "Total revenue financing activities": 6882,
        "Net profit from business activities": 84238,
        "Profit": 6721,
        "Profit before tax": 90959,
        "Present corporate income tax expenses": 20239,
        "Deferred income taxes expenses": "N/A",
        "The interests of minority shareholders": 12203,
        "Total Cost of profits": 32442,
        "Profit after tax corporate income": 58517,
        "Volume": 38000000,
        "Close of Quarter": 8.3,
        "EPS": 2945.8,
        "Non-adjusted EPS": 3876,
        "PE": 2.1,
        "Book Price": 16.0
      }
    },
    {
      "quarter": "Q3 2012",
      "income status": {
        "Net sales": 1452467,
        "Cost of goods sold": 1167792,
        "Gross Profit": 284675,
        "Financial expenses": 32309,
        "Of which: Interest expense": 27285,
        "Cost of sales": 160318,
        "Enterprise cost management": 34733,
        "Total Operating Expenses": 227360,
        "Total revenue financing activities": 7449,
        "Net profit from business activities": 64764,
        "Profit": 2320,
        "Profit before tax": 67084,
        "Present corporate income tax expenses": 7624,
        "Deferred income taxes expenses": "N/A",
        "The interests of minority shareholders": 16789,
        "Total Cost of profits": 24413,
        "Profit after tax corporate income": 42671,
        "Volume": 38000000,
        "Close of Quarter": 8.2,
        "EPS": 2051.2,
        "Non-adjusted EPS": 2699,
        "PE": 3.1,
        "Book Price": 15.1
      }
    },
    {
      "quarter": "Q2 2012",
      "income status": {
        "Net sales": 1404310,
        "Cost of goods sold": 1197769,
        "Gross Profit": 206540,
        "Financial expenses": 36612,
        "Of which: Interest expense": 39346,
        "Cost of sales": 110511,
        "Enterprise cost management": 36261,
        "Total Operating Expenses": 183384,
        "Total revenue financing activities": 15999,
        "Net profit from business activities": 39156,
        "Profit": 6777,
        "Profit before tax": 44444,
        "Present corporate income tax expenses": 7954,
        "Deferred income taxes expenses": "N/A",
        "The interests of minority shareholders": 19970,
        "Total Cost of profits": 27924,
        "Profit after tax corporate income": 16520,
        "Volume": 38000000,
        "Close of Quarter": 10.3,
        "EPS": 2814.3,
        "Non-adjusted EPS": 3703,
        "PE": 2.8,
        "Book Price": 14.4
      }
    },
    {
      "quarter": "Q1 2012",
      "income status": {
        "Net sales": 1762933,
        "Cost of goods sold": 1574956,
        "Gross Profit": 187976,
        "Financial expenses": 32600,
        "Of which: Interest expense": 29546,
        "Cost of sales": 103027,
        "Enterprise cost management": 16117,
        "Total Operating Expenses": 151744,
        "Total revenue financing activities": 11426,
        "Net profit from business activities": 47658,
        "Profit": 2650,
        "Profit before tax": 50308,
        "Present corporate income tax expenses": 6279,
        "Deferred income taxes expenses": "N/A",
        "The interests of minority shareholders": 14456,
        "Total Cost of profits": 20735,
        "Profit after tax corporate income": 29573,
        "Volume": 38000000,
        "Close of Quarter": 9.8,
        "EPS": 4560,
        "Non-adjusted EPS": 6000,
        "PE": 1.6,
        "Book Price": 15.1
      }
    },
    {
      "quarter": "Q4 2011",
      "income status": {
        "Net sales": 1657277,
        "Cost of goods sold": 1429070,
        "Gross Profit": 228207,
        "Financial expenses": 47371,
        "Of which: Interest expense": 32445,
        "Cost of sales": 121237,
        "Enterprise cost management": 47402,
        "Total Operating Expenses": 216010,
        "Total revenue financing activities": 19117,
        "Net profit from business activities": 31313,
        "Profit": 2268,
        "Profit before tax": 33581,
        "Present corporate income tax expenses": 6371,
        "Deferred income taxes expenses": "N/A",
        "The interests of minority shareholders": 13419,
        "Total Cost of profits": 19790,
        "Profit after tax corporate income": 13791,
        "Volume": 38000000,
        "Close of Quarter": 8.6,
        "EPS": 4735.6,
        "Non-adjusted EPS": 6231,
        "PE": 1.4,
        "Book Price": 14.8
      }
    },
    {
      "quarter": "Q3 2011",
      "income status": {
        "Net sales": 1434668,
        "Cost of goods sold": 1151871,
        "Gross Profit": 282797,
        "Financial expenses": 35100,
        "Of which: Interest expense": 32405,
        "Cost of sales": 112676,
        "Enterprise cost management": 24830,
        "Total Operating Expenses": 172606,
        "Total revenue financing activities": 15178,
        "Net profit from business activities": 125369,
        "Profit": 1289,
        "Profit before tax": 359914,
        "Present corporate income tax expenses": 17188,
        "Deferred income taxes expenses": "N/A",
        "The interests of minority shareholders": 28632,
        "Total Cost of profits": 45820,
        "Profit after tax corporate income": 80838,
        "Volume": 38000000,
        "Close of Quarter": 10.0,
        "EPS": 5230.3,
        "Non-adjusted EPS": 6882,
        "PE": 1.5,
        "Book Price": 15.8
      }
    },
    {
      "quarter": "Q2 2011",
      "income status": {
        "Net sales": 1464938,
        "Cost of goods sold": 1170905,
        "Gross Profit": 294033,
        "Financial expenses": 39719,
        "Of which: Interest expense": 25582,
        "Cost of sales": 76214,
        "Enterprise cost management": 34871,
        "Total Operating Expenses": 150804,
        "Total revenue financing activities": 10978,
        "Net profit from business activities": 154206,
        "Profit": 3245,
        "Profit before tax": 157451,
        "Present corporate income tax expenses": 18293,
        "Deferred income taxes expenses": "N/A",
        "The interests of minority shareholders": 35372,
        "Total Cost of profits": 53665,
        "Profit after tax corporate income": 103786,
        "Volume": 38000000,
        "Close of Quarter": 7.3,
        "EPS": 6780.7,
        "Non-adjusted EPS": 8922,
        "PE": 0.8,
        "Book Price": 14.3
      }
    },
    {
      "quarter": "Q1 2011",
      "income status": {
        "Net sales": 1217109,
        "Cost of goods sold": 1055465,
        "Gross Profit": 161644,
        "Financial expenses": 16814,
        "Of which: Interest expense": 15414,
        "Cost of sales": 67886,
        "Enterprise cost management": 14108,
        "Total Operating Expenses": 98808,
        "Total revenue financing activities": 6451,
        "Net profit from business activities": 69286,
        "Profit": 3339,
        "Profit before tax": 72625,
        "Present corporate income tax expenses": 7866,
        "Deferred income taxes expenses": "N/A",
        "The interests of minority shareholders": 26395,
        "Total Cost of profits": 34261,
        "Profit after tax corporate income": 38364,
        "Volume": 38000000,
        "Close of Quarter": 8.4,
        "EPS": 5024.4,
        "Non-adjusted EPS": 6611,
        "PE": 1.3,
        "Book Price": 13
      }
    },
    {
      "quarter": "Q4 2010",
      "income status": {
        "Net sales": 1220145,
        "Cost of goods sold": 1032454,
        "Gross Profit": 187691,
        "Financial expenses": 23796,
        "Of which: Interest expense": 19463,
        "Cost of sales": 69785,
        "Enterprise cost management": 39192,
        "Total Operating Expenses": 132773,
        "Total revenue financing activities": 8014,
        "Net profit from business activities": 62932,
        "Profit": 10495,
        "Profit before tax": 73468,
        "Present corporate income tax expenses": 1464,
        "Deferred income taxes expenses": -40,
        "The interests of minority shareholders": 33510,
        "Total Cost of profits": 34934,
        "Profit after tax corporate income": 38534,
        "Volume": 15875600,
        "Close of Quarter": 10.7,
        "EPS": 4475.0,
        "Non-adjusted EPS": 14094,
        "PE": 0.8,
        "Book Price": 7.0
      }
    },
    {
      "quarter": "Q3 2010",
      "income status": {
        "Net sales": 997792,
        "Cost of goods sold": 876470,
        "Gross Profit": 121322,
        "Financial expenses": 14391,
        "Of which: Interest expense": 10557,
        "Cost of sales": 51573,
        "Enterprise cost management": 12509,
        "Total Operating Expenses": 78473,
        "Total revenue financing activities": 159642,
        "Net profit from business activities": 202491,
        "Profit": 10603,
        "Profit before tax": 213101,
        "Present corporate income tax expenses": 36340,
        "Deferred income taxes expenses": -25,
        "The interests of minority shareholders": 18447,
        "Total Cost of profits": 54762,
        "Profit after tax corporate income": 158339,
        "Volume": 15875600,
        "Close of Quarter": 9.8,
        "EPS": 4039.4,
        "Non-adjusted EPS": 12722,
        "PE": 0.8,
        "Book Price": 7.1
      }
    },
    {
      "quarter": "Q2 2010",
      "income status": {
        "Net sales": 847201,
        "Cost of goods sold": 797296,
        "Gross Profit": 49905,
        "Financial expenses": 4359,
        "Of which: Interest expense": 4353,
        "Cost of sales": 36176,
        "Enterprise cost management": 2964,
        "Total Operating Expenses": 43499,
        "Total revenue financing activities": 10601,
        "Net profit from business activities": 17007,
        "Profit": 296,
        "Profit before tax": 17303,
        "Present corporate income tax expenses": 1337,
        "Deferred income taxes expenses": "N/A",
        "The interests of minority shareholders": "N/A",
        "Total Cost of profits": 1337,
        "Profit after tax corporate income": 15966,
        "Volume": 15000000,
        "Close of Quarter": 7.4,
        "EPS": 1023.9,
        "Non-adjusted EPS": 3413,
        "PE": 2.2,
        "Book Price": 4.0
      }
    },
    {
      "quarter": "Q1 2010",
      "income status": {
        "Net sales": 642265,
        "Cost of goods sold": 599559,
        "Gross Profit": 42707,
        "Financial expenses": 4209,
        "Of which: Interest expense": 4201,
        "Cost of sales": 24658,
        "Enterprise cost management": 3479,
        "Total Operating Expenses": 32346,
        "Total revenue financing activities": 1886,
        "Net profit from business activities": 12248,
        "Profit": 1,
        "Profit before tax": 12249,
        "Present corporate income tax expenses": 1332,
        "Deferred income taxes expenses": "N/A",
        "The interests of minority shareholders": "N/A",
        "Total Cost of profits": 1332,
        "Profit after tax corporate income": 10917,
        "Volume": 15000000,
        "Close of Quarter": 5.8,
        "EPS": 875.7,
        "Non-adjusted EPS": 2919,
        "PE": 2.0,
        "Book Price": 4.0
      }
    },
    {
      "quarter": "Q4 2009",
      "income status": {
        "Net sales": 808009,
        "Cost of goods sold": 761767,
        "Gross Profit": 46242,
        "Financial expenses": 6764,
        "Of which: Interest expense": "N/A",
        "Cost of sales": 32702,
        "Enterprise cost management": 4667,
        "Total Operating Expenses": 44133,
        "Total revenue financing activities": 16233,
        "Net profit from business activities": 18342,
        "Profit": -15,
        "Profit before tax": 18328,
        "Present corporate income tax expenses": 1577,
        "Deferred income taxes expenses": "N/A",
        "The interests of minority shareholders": "N/A",
        "Total Cost of profits": 1577,
        "Profit after tax corporate income": 16751,
        "Volume": 15000000,
        "Close of Quarter": 5.7,
        "EPS": 794.1,
        "Non-adjusted EPS": 2647,
        "PE": 2.2,
        "Book Price": 3.8
      }
    },
    {
      "quarter": "Q3 2009",
      "income status": {
        "Net sales": 547871,
        "Cost of goods sold": 509631,
        "Gross Profit": 38240,
        "Financial expenses": 3275,
        "Of which: Interest expense": "N/A",
        "Cost of sales": 24748,
        "Enterprise cost management": 3533,
        "Total Operating Expenses": 31556,
        "Total revenue financing activities": 2339,
        "Net profit from business activities": 9022,
        "Profit": 145,
        "Profit before tax": 9167,
        "Present corporate income tax expenses": 1604,
        "Deferred income taxes expenses": "N/A",
        "The interests of minority shareholders": "N/A",
        "Total Cost of profits": 1604,
        "Profit after tax corporate income": 7562,
        "Volume": 15000000,
        "Close of Quarter": 7.6,
        "EPS": 588,
        "Non-adjusted EPS": 1960,
        "PE": 3.9,
        "Book Price": 3.5
      }
    },
    {
      "quarter": "Q2 2009",
      "income status": {
        "Net sales": 354235,
        "Cost of goods sold": 320788,
        "Gross Profit": 33448,
        "Financial expenses": 4393,
        "Of which: Interest expense": "N/A",
        "Cost of sales": 21820,
        "Enterprise cost management": 2796,
        "Total Operating Expenses": 29009,
        "Total revenue financing activities": 8535,
        "Net profit from business activities": 12975,
        "Profit": -3668,
        "Profit before tax": 9306,
        "Present corporate income tax expenses": 754,
        "Deferred income taxes expenses": "N/A",
        "The interests of minority shareholders": "N/A",
        "Total Cost of profits": 754,
        "Profit after tax corporate income": 8553,
        "Volume": 15000000,
        "Close of Quarter": 4.5,
        "EPS": 632.4,
        "Non-adjusted EPS": 2108,
        "PE": 2.1,
        "Book Price": 3.4
      }
    },
    {
      "quarter": "Q1 2009",
      "income status": {
        "Net sales": 270949,
        "Cost of goods sold": 244284,
        "Gross Profit": 26664,
        "Financial expenses": 3169,
        "Of which: Interest expense": "N/A",
        "Cost of sales": 22283,
        "Enterprise cost management": 3291,
        "Total Operating Expenses": 28743,
        "Total revenue financing activities": 9185,
        "Net profit from business activities": 7106,
        "Profit": 270,
        "Profit before tax": 7376,
        "Present corporate income tax expenses": 543,
        "Deferred income taxes expenses": "N/A",
        "The interests of minority shareholders": "N/A",
        "Total Cost of profits": 543,
        "Profit after tax corporate income": 6833,
        "Volume": 15000000,
        "Close of Quarter": 2.4,
        "EPS": 637.2,
        "Non-adjusted EPS": 2124,
        "PE": 1.1,
        "Book Price": 3.4
      }
    },
    {
      "quarter": "Q4 2008",
      "income status": {
        "Net sales": 516230,
        "Cost of goods sold": 493053,
        "Gross Profit": 23177,
        "Financial expenses": 3953,
        "Of which: Interest expense": 1734,
        "Cost of sales": 18573,
        "Enterprise cost management": 4263,
        "Total Operating Expenses": 26789,
        "Total revenue financing activities": 22399,
        "Net profit from business activities": 18788,
        "Profit": -14453,
        "Profit before tax": 4335,
        "Present corporate income tax expenses": -2114,
        "Deferred income taxes expenses": "N/A",
        "The interests of minority shareholders": "N/A",
        "Total Cost of profits": -2114,
        "Profit after tax corporate income": 6448,
        "Volume": 15000000,
        "Close of Quarter": 2.5,
        "EPS": 639.6,
        "Non-adjusted EPS": 2132,
        "PE": 1.2,
        "Book Price": 3.3
      }
    },
    {
      "quarter": "Q3 2008",
      "income status": {
        "Net sales": 393740,
        "Cost of goods sold": 376965,
        "Gross Profit": 16775,
        "Financial expenses": 4774,
        "Of which: Interest expense": "N/A",
        "Cost of sales": 14082,
        "Enterprise cost management": 1810,
        "Total Operating Expenses": 20666,
        "Total revenue financing activities": 16282,
        "Net profit from business activities": 12389,
        "Profit": 431,
        "Profit before tax": 12820,
        "Present corporate income tax expenses": 3033,
        "Deferred income taxes expenses": "N/A",
        "The interests of minority shareholders": "N/A",
        "Total Cost of profits": 3033,
        "Profit after tax corporate income": 9787,
        "Volume": 15000000,
        "Close of Quarter": 3.0,
        "EPS": 656.4,
        "Non-adjusted EPS": 2188,
        "PE": 1.4,
        "Book Price": 3.5
      }
    },
    {
      "quarter": "Q2 2008",
      "income status": {
        "Net sales": 402790,
        "Cost of goods sold": 382505,
        "Gross Profit": 20286,
        "Financial expenses": 5587,
        "Of which: Interest expense": "N/A",
        "Cost of sales": 16916,
        "Enterprise cost management": 2309,
        "Total Operating Expenses": 24812,
        "Total revenue financing activities": 13990,
        "Net profit from business activities": 9464,
        "Profit": 258,
        "Profit before tax": 9722,
        "Present corporate income tax expenses": 930,
        "Deferred income taxes expenses": "N/A",
        "The interests of minority shareholders": "N/A",
        "Total Cost of profits": 930,
        "Profit after tax corporate income": 8792,
        "Volume": 15000000,
        "Close of Quarter": 2.6,
        "EPS": 524.4,
        "Non-adjusted EPS": 1748,
        "PE": 1.5,
        "Book Price": 3.3
      }
    },
    {
      "quarter": "Q1 2008",
      "income status": {
        "Net sales": 400255,
        "Cost of goods sold": 379994,
        "Gross Profit": 20262,
        "Financial expenses": 299,
        "Of which: Interest expense": 299,
        "Cost of sales": 18947,
        "Enterprise cost management": 2865,
        "Total Operating Expenses": 22111,
        "Total revenue financing activities": 9439,
        "Net profit from business activities": 7590,
        "Profit": 456,
        "Profit before tax": 8047,
        "Present corporate income tax expenses": 1091,
        "Deferred income taxes expenses": "N/A",
        "The interests of minority shareholders": "N/A",
        "Total Cost of profits": 1091,
        "Profit after tax corporate income": 6956,
        "Volume": 15000000,
        "Close of Quarter": 3.7,
        "EPS": 485.7,
        "Non-adjusted EPS": 1619,
        "PE": 2.3,
        "Book Price": 3.3
      }
    },
    {
      "quarter": "Q4 2007",
      "income status": {
        "Net sales": 466804,
        "Cost of goods sold": 438909,
        "Gross Profit": 27895,
        "Financial expenses": 246,
        "Of which: Interest expense": "N/A",
        "Cost of sales": 24797,
        "Enterprise cost management": 6115,
        "Total Operating Expenses": 31158,
        "Total revenue financing activities": 11734,
        "Net profit from business activities": 8471,
        "Profit": 706,
        "Profit before tax": 9178,
        "Present corporate income tax expenses": 1892,
        "Deferred income taxes expenses": "N/A",
        "The interests of minority shareholders": "N/A",
        "Total Cost of profits": 1892,
        "Profit after tax corporate income": 7286,
        "Volume": 15000000,
        "Close of Quarter": 11.2,
        "EPS": 346.5,
        "Non-adjusted EPS": 1155,
        "PE": 9.7,
        "Book Price": 3.2
      }
    },
    {
      "quarter": "Q3 2007",
      "income status": {
        "Net sales": 322815,
        "Cost of goods sold": 306319,
        "Gross Profit": 16496,
        "Financial expenses": 319,
        "Of which: Interest expense": "N/A",
        "Cost of sales": 16055,
        "Enterprise cost management": 1304,
        "Total Operating Expenses": 17678,
        "Total revenue financing activities": 4339,
        "Net profit from business activities": 3157,
        "Profit": 31,
        "Profit before tax": 3188,
        "Present corporate income tax expenses": "N/A",
        "Deferred income taxes expenses": "N/A",
        "The interests of minority shareholders": "N/A",
        "Total Cost of profits": 0,
        "Profit after tax corporate income": 3188,
        "Volume": 15000000,
        "Close of Quarter": "N/A",
        "EPS": 200.7,
        "Non-adjusted EPS": 669,
        "PE": "N/A",
        "Book Price": 3.1
      }
    },
    {
      "quarter": "Q2 2007",
      "income status": {
        "Net sales": 596752,
        "Cost of goods sold": 557616,
        "Gross Profit": 39135,
        "Financial expenses": 42,
        "Of which: Interest expense": "N/A",
        "Cost of sales": 38603,
        "Enterprise cost management": 3380,
        "Total Operating Expenses": 42025,
        "Total revenue financing activities": 4549,
        "Net profit from business activities": 1658,
        "Profit": "N/A",
        "Profit before tax": 6851,
        "Present corporate income tax expenses": "N/A",
        "Deferred income taxes expenses": "N/A",
        "The interests of minority shareholders": "N/A",
        "Total Cost of profits": 0,
        "Profit after tax corporate income": 6851,
        "Volume": 15000000,
        "Close of Quarter": "N/A",
        "EPS": 137.1,
        "Non-adjusted EPS": 457,
        "PE": "N/A",
        "Book Price": 2.6
      }
    }
  ]
}