{
  "ticker": "SDS",
  "data": [
    {
      "quarter": "Q2 2012",
      "income status": {
        "Net sales": 80770,
        "Cost of goods sold": 72813,
        "Gross Profit": 7957,
        "Financial expenses": 5561,
        "Of which: Interest expense": 5561,
        "Cost of sales": 132,
        "Enterprise cost management": 2366,
        "Total Operating Expenses": 8059,
        "Total revenue financing activities": 230,
        "Net profit from business activities": 128,
        "Profit": "N/A",
        "Profit before tax": 128,
        "Present corporate income tax expenses": 32,
        "Deferred income taxes expenses": "N/A",
        "The interests of minority shareholders": "N/A",
        "Total Cost of profits": 32,
        "Profit after tax corporate income": 96,
        "Volume": 2436300,
        "Close of Quarter": 3.8,
        "EPS": 394,
        "Non-adjusted EPS": 394,
        "PE": 9.6,
        "Book Price": 12.1
      }
    },
    {
      "quarter": "Q1 2012",
      "income status": {
        "Net sales": 65590,
        "Cost of goods sold": 60598,
        "Gross Profit": 4992,
        "Financial expenses": 4478,
        "Of which: Interest expense": 4478,
        "Cost of sales": 113,
        "Enterprise cost management": 664,
        "Total Operating Expenses": 5255,
        "Total revenue financing activities": 509,
        "Net profit from business activities": 245,
        "Profit": "N/A",
        "Profit before tax": 245,
        "Present corporate income tax expenses": 61,
        "Deferred income taxes expenses": "N/A",
        "The interests of minority shareholders": "N/A",
        "Total Cost of profits": 61,
        "Profit after tax corporate income": 184,
        "Volume": 2436300,
        "Close of Quarter": 9.1,
        "EPS": 638,
        "Non-adjusted EPS": 638,
        "PE": 14.3,
        "Book Price": 12.1
      }
    },
    {
      "quarter": "Q4 2011",
      "income status": {
        "Net sales": 194820,
        "Cost of goods sold": 191492,
        "Gross Profit": 3328,
        "Financial expenses": 4271,
        "Of which: Interest expense": 3749,
        "Cost of sales": 119,
        "Enterprise cost management": 1476,
        "Total Operating Expenses": 5866,
        "Total revenue financing activities": 1200,
        "Net profit from business activities": -1339,
        "Profit": 1989,
        "Profit before tax": 650,
        "Present corporate income tax expenses": 162,
        "Deferred income taxes expenses": "N/A",
        "The interests of minority shareholders": "N/A",
        "Total Cost of profits": 162,
        "Profit after tax corporate income": 487,
        "Volume": 2436300,
        "Close of Quarter": 5.1,
        "EPS": 905,
        "Non-adjusted EPS": 905,
        "PE": 5.6,
        "Book Price": 12
      }
    },
    {
      "quarter": "Q3 2011",
      "income status": {
        "Net sales": 79914,
        "Cost of goods sold": 71847,
        "Gross Profit": 8067,
        "Financial expenses": 7899,
        "Of which: Interest expense": 7899,
        "Cost of sales": 90,
        "Enterprise cost management": 1932,
        "Total Operating Expenses": 9921,
        "Total revenue financing activities": 1818,
        "Net profit from business activities": -36,
        "Profit": 292,
        "Profit before tax": 256,
        "Present corporate income tax expenses": 64,
        "Deferred income taxes expenses": "N/A",
        "The interests of minority shareholders": "N/A",
        "Total Cost of profits": 64,
        "Profit after tax corporate income": 192,
        "Volume": 2436300,
        "Close of Quarter": 12.2,
        "EPS": 1507,
        "Non-adjusted EPS": 1507,
        "PE": 8.1,
        "Book Price": 12
      }
    },
    {
      "quarter": "Q2 2011",
      "income status": {
        "Net sales": 146057,
        "Cost of goods sold": 136773,
        "Gross Profit": 9283,
        "Financial expenses": 7096,
        "Of which: Interest expense": 7044,
        "Cost of sales": 358,
        "Enterprise cost management": 4034,
        "Total Operating Expenses": 11488,
        "Total revenue financing activities": 3124,
        "Net profit from business activities": 920,
        "Profit": 2,
        "Profit before tax": 922,
        "Present corporate income tax expenses": 231,
        "Deferred income taxes expenses": "N/A",
        "The interests of minority shareholders": "N/A",
        "Total Cost of profits": 231,
        "Profit after tax corporate income": 692,
        "Volume": 2436300,
        "Close of Quarter": 17.2,
        "EPS": 1903,
        "Non-adjusted EPS": 1903,
        "PE": 9.0,
        "Book Price": 12.3
      }
    },
    {
      "quarter": "Q1 2011",
      "income status": {
        "Net sales": 47501,
        "Cost of goods sold": 43658,
        "Gross Profit": 3844,
        "Financial expenses": 3446,
        "Of which: Interest expense": 3446,
        "Cost of sales": 234,
        "Enterprise cost management": 918,
        "Total Operating Expenses": 4598,
        "Total revenue financing activities": 1797,
        "Net profit from business activities": 1044,
        "Profit": 67,
        "Profit before tax": 1111,
        "Present corporate income tax expenses": 278,
        "Deferred income taxes expenses": "N/A",
        "The interests of minority shareholders": "N/A",
        "Total Cost of profits": 278,
        "Profit after tax corporate income": 834,
        "Volume": 2436300,
        "Close of Quarter": 20.0,
        "EPS": 2248,
        "Non-adjusted EPS": 2248,
        "PE": 8.9,
        "Book Price": 14
      }
    },
    {
      "quarter": "Q4 2010",
      "income status": {
        "Net sales": 160162,
        "Cost of goods sold": 151965,
        "Gross Profit": 8196,
        "Financial expenses": 5675,
        "Of which: Interest expense": 4719,
        "Cost of sales": 265,
        "Enterprise cost management": 1409,
        "Total Operating Expenses": 7349,
        "Total revenue financing activities": 1846,
        "Net profit from business activities": 2694,
        "Profit": -88,
        "Profit before tax": 2606,
        "Present corporate income tax expenses": 651,
        "Deferred income taxes expenses": "N/A",
        "The interests of minority shareholders": "N/A",
        "Total Cost of profits": 651,
        "Profit after tax corporate income": 1954,
        "Volume": 2436300,
        "Close of Quarter": 18.9,
        "EPS": 2184,
        "Non-adjusted EPS": 2184,
        "PE": 8.6,
        "Book Price": 13.7
      }
    },
    {
      "quarter": "Q3 2010",
      "income status": {
        "Net sales": 72589,
        "Cost of goods sold": 67718,
        "Gross Profit": 4871,
        "Financial expenses": 3313,
        "Of which: Interest expense": 3313,
        "Cost of sales": 159,
        "Enterprise cost management": 1488,
        "Total Operating Expenses": 4960,
        "Total revenue financing activities": 1630,
        "Net profit from business activities": 1541,
        "Profit": "N/A",
        "Profit before tax": 1541,
        "Present corporate income tax expenses": 385,
        "Deferred income taxes expenses": "N/A",
        "The interests of minority shareholders": "N/A",
        "Total Cost of profits": 385,
        "Profit after tax corporate income": 1156,
        "Volume": 2436300,
        "Close of Quarter": 22.5,
        "EPS": 1877,
        "Non-adjusted EPS": 1877,
        "PE": 12.0,
        "Book Price": 13.1
      }
    },
    {
      "quarter": "Q2 2010",
      "income status": {
        "Net sales": 98943,
        "Cost of goods sold": 91658,
        "Gross Profit": 7286,
        "Financial expenses": 3729,
        "Of which: Interest expense": 3729,
        "Cost of sales": 171,
        "Enterprise cost management": 3521,
        "Total Operating Expenses": 7421,
        "Total revenue financing activities": 2179,
        "Net profit from business activities": 2043,
        "Profit": "N/A",
        "Profit before tax": 2043,
        "Present corporate income tax expenses": 511,
        "Deferred income taxes expenses": "N/A",
        "The interests of minority shareholders": "N/A",
        "Total Cost of profits": 511,
        "Profit after tax corporate income": 1532,
        "Volume": 2584400,
        "Close of Quarter": 22.3,
        "EPS": 1952.9,
        "Non-adjusted EPS": 1841,
        "PE": 12.1,
        "Book Price": 12.9
      }
    },
    {
      "quarter": "Q1 2010",
      "income status": {
        "Net sales": 49551,
        "Cost of goods sold": 47294,
        "Gross Profit": 2257,
        "Financial expenses": 2564,
        "Of which: Interest expense": 2564,
        "Cost of sales": 342,
        "Enterprise cost management": 386,
        "Total Operating Expenses": 3292,
        "Total revenue financing activities": 1841,
        "Net profit from business activities": 806,
        "Profit": 99,
        "Profit before tax": 904,
        "Present corporate income tax expenses": 226,
        "Deferred income taxes expenses": "N/A",
        "The interests of minority shareholders": "N/A",
        "Total Cost of profits": 226,
        "Profit after tax corporate income": 678,
        "Volume": 1284400,
        "Close of Quarter": 22.7,
        "EPS": 1653.3,
        "Non-adjusted EPS": 3136,
        "PE": 7.2,
        "Book Price": 6.9
      }
    },
    {
      "quarter": "Q4 2009",
      "income status": {
        "Net sales": 112488,
        "Cost of goods sold": 105448,
        "Gross Profit": 7040,
        "Financial expenses": 5084,
        "Of which: Interest expense": "N/A",
        "Cost of sales": 395,
        "Enterprise cost management": 956,
        "Total Operating Expenses": 6435,
        "Total revenue financing activities": 676,
        "Net profit from business activities": 1281,
        "Profit": "N/A",
        "Profit before tax": 1281,
        "Present corporate income tax expenses": 75,
        "Deferred income taxes expenses": "N/A",
        "The interests of minority shareholders": "N/A",
        "Total Cost of profits": 75,
        "Profit after tax corporate income": 1206,
        "Volume": 1284400,
        "Close of Quarter": 19.2,
        "EPS": 1799.8,
        "Non-adjusted EPS": 3414,
        "PE": 5.6,
        "Book Price": 6.6
      }
    },
    {
      "quarter": "Q3 2009",
      "income status": {
        "Net sales": 82593,
        "Cost of goods sold": 77455,
        "Gross Profit": 5138,
        "Financial expenses": 2031,
        "Of which: Interest expense": "N/A",
        "Cost of sales": 239,
        "Enterprise cost management": 1483,
        "Total Operating Expenses": 3753,
        "Total revenue financing activities": 105,
        "Net profit from business activities": 1489,
        "Profit": "N/A",
        "Profit before tax": 1489,
        "Present corporate income tax expenses": 146,
        "Deferred income taxes expenses": "N/A",
        "The interests of minority shareholders": "N/A",
        "Total Cost of profits": 146,
        "Profit after tax corporate income": 1343,
        "Volume": 1284400,
        "Close of Quarter": 18.5,
        "EPS": 1769.8,
        "Non-adjusted EPS": 3357,
        "PE": 5.5,
        "Book Price": 6.9
      }
    },
    {
      "quarter": "Q2 2009",
      "income status": {
        "Net sales": 52713,
        "Cost of goods sold": 47170,
        "Gross Profit": 5543,
        "Financial expenses": 3300,
        "Of which: Interest expense": "N/A",
        "Cost of sales": 113,
        "Enterprise cost management": 1494,
        "Total Operating Expenses": 4907,
        "Total revenue financing activities": 247,
        "Net profit from business activities": 883,
        "Profit": 5,
        "Profit before tax": 888,
        "Present corporate income tax expenses": 87,
        "Deferred income taxes expenses": "N/A",
        "The interests of minority shareholders": "N/A",
        "Total Cost of profits": 87,
        "Profit after tax corporate income": 801,
        "Volume": 1400000,
        "Close of Quarter": 10.5,
        "EPS": 1637.2,
        "Non-adjusted EPS": 2849,
        "PE": 3.7,
        "Book Price": 6.7
      }
    },
    {
      "quarter": "Q1 2009",
      "income status": {
        "Net sales": 77446,
        "Cost of goods sold": 73401,
        "Gross Profit": 4045,
        "Financial expenses": 1742,
        "Of which: Interest expense": "N/A",
        "Cost of sales": 395,
        "Enterprise cost management": 778,
        "Total Operating Expenses": 2915,
        "Total revenue financing activities": 19,
        "Net profit from business activities": 1148,
        "Profit": "N/A",
        "Profit before tax": 1148,
        "Present corporate income tax expenses": 112,
        "Deferred income taxes expenses": "N/A",
        "The interests of minority shareholders": "N/A",
        "Total Cost of profits": 112,
        "Profit after tax corporate income": 1035,
        "Volume": 1400000,
        "Close of Quarter": 8.8,
        "EPS": 1551.0,
        "Non-adjusted EPS": 2699,
        "PE": 3.3,
        "Book Price": 6.9
      }
    },
    {
      "quarter": "Q4 2008",
      "income status": {
        "Net sales": 59762,
        "Cost of goods sold": 49200,
        "Gross Profit": 10563,
        "Financial expenses": 7128,
        "Of which: Interest expense": "N/A",
        "Cost of sales": 363,
        "Enterprise cost management": 1823,
        "Total Operating Expenses": 9314,
        "Total revenue financing activities": 70,
        "Net profit from business activities": 1318,
        "Profit": "N/A",
        "Profit before tax": 1318,
        "Present corporate income tax expenses": 186,
        "Deferred income taxes expenses": "N/A",
        "The interests of minority shareholders": "N/A",
        "Total Cost of profits": 186,
        "Profit after tax corporate income": 1133,
        "Volume": 1400000,
        "Close of Quarter": 11.3,
        "EPS": 1126.3,
        "Non-adjusted EPS": 1960,
        "PE": 5.8,
        "Book Price": 6.7
      }
    },
    {
      "quarter": "Q3 2008",
      "income status": {
        "Net sales": 43620,
        "Cost of goods sold": 39061,
        "Gross Profit": 4559,
        "Financial expenses": 2987,
        "Of which: Interest expense": "N/A",
        "Cost of sales": 258,
        "Enterprise cost management": 821,
        "Total Operating Expenses": 4066,
        "Total revenue financing activities": 258,
        "Net profit from business activities": 751,
        "Profit": 434,
        "Profit before tax": 1185,
        "Present corporate income tax expenses": 166,
        "Deferred income taxes expenses": "N/A",
        "The interests of minority shareholders": "N/A",
        "Total Cost of profits": 166,
        "Profit after tax corporate income": 1019,
        "Volume": 1500000,
        "Close of Quarter": 12.6,
        "EPS": 661.3,
        "Non-adjusted EPS": 1074,
        "PE": 11.7,
        "Book Price": 7.8
      }
    },
    {
      "quarter": "Q2 2008",
      "income status": {
        "Net sales": 52981,
        "Cost of goods sold": 49120,
        "Gross Profit": 3861,
        "Financial expenses": 1833,
        "Of which: Interest expense": "N/A",
        "Cost of sales": 194,
        "Enterprise cost management": 1468,
        "Total Operating Expenses": 3495,
        "Total revenue financing activities": 259,
        "Net profit from business activities": 625,
        "Profit": 63,
        "Profit before tax": 688,
        "Present corporate income tax expenses": 96,
        "Deferred income taxes expenses": "N/A",
        "The interests of minority shareholders": "N/A",
        "Total Cost of profits": 96,
        "Profit after tax corporate income": 592,
        "Volume": 1500000,
        "Close of Quarter": "N/A",
        "EPS": 243.2,
        "Non-adjusted EPS": 395,
        "PE": "N/A",
        "Book Price": 7.3
      }
    }
  ]
}