{
  "ticker": "VSP",
  "data": [
    {
      "quarter": "Q2 2012",
      "income status": {
        "Net sales": 58075,
        "Cost of goods sold": 90452,
        "Gross Profit": -32377,
        "Financial expenses": 67126,
        "Of which: Interest expense": 50032,
        "Cost of sales": 8387,
        "Enterprise cost management": 14825,
        "Total Operating Expenses": 90338,
        "Total revenue financing activities": 95,
        "Net profit from business activities": -122620,
        "Profit": 419,
        "Profit before tax": -122201,
        "Present corporate income tax expenses": "N/A",
        "Deferred income taxes expenses": "N/A",
        "The interests of minority shareholders": 194,
        "Total Cost of profits": 194,
        "Profit after tax corporate income": -122395,
        "Volume": 32915803,
        "Close of Quarter": 1.8,
        "EPS": -27316,
        "Non-adjusted EPS": -27316,
        "PE": -0.1,
        "Book Price": -4.2
      }
    },
    {
      "quarter": "Q1 2012",
      "income status": {
        "Net sales": 253935,
        "Cost of goods sold": 627292,
        "Gross Profit": -373357,
        "Financial expenses": 108605,
        "Of which: Interest expense": 108605,
        "Cost of sales": 3704,
        "Enterprise cost management": 6468,
        "Total Operating Expenses": 118777,
        "Total revenue financing activities": 57,
        "Net profit from business activities": -492077,
        "Profit": -1574,
        "Profit before tax": -493651,
        "Present corporate income tax expenses": "N/A",
        "Deferred income taxes expenses": "N/A",
        "The interests of minority shareholders": "N/A",
        "Total Cost of profits": 0,
        "Profit after tax corporate income": -493651,
        "Volume": 32915803,
        "Close of Quarter": 4.1,
        "EPS": -29844,
        "Non-adjusted EPS": -29844,
        "PE": -0.1,
        "Book Price": -0.5
      }
    },
    {
      "quarter": "Q4 2011",
      "income status": {
        "Net sales": 149526,
        "Cost of goods sold": 210940,
        "Gross Profit": -61414,
        "Financial expenses": 137250,
        "Of which: Interest expense": 133266,
        "Cost of sales": 5146,
        "Enterprise cost management": 5458,
        "Total Operating Expenses": 147854,
        "Total revenue financing activities": 750,
        "Net profit from business activities": -208518,
        "Profit": -2913,
        "Profit before tax": -211431,
        "Present corporate income tax expenses": "N/A",
        "Deferred income taxes expenses": "N/A",
        "The interests of minority shareholders": -72,
        "Total Cost of profits": -72,
        "Profit after tax corporate income": -211359,
        "Volume": 32915803,
        "Close of Quarter": 5,
        "EPS": -16262,
        "Non-adjusted EPS": -16262,
        "PE": -0.3,
        "Book Price": 14.4
      }
    },
    {
      "quarter": "Q3 2011",
      "income status": {
        "Net sales": 229172,
        "Cost of goods sold": 230865,
        "Gross Profit": -1693,
        "Financial expenses": 53437,
        "Of which: Interest expense": 53437,
        "Cost of sales": 5301,
        "Enterprise cost management": 19359,
        "Total Operating Expenses": 78097,
        "Total revenue financing activities": 53,
        "Net profit from business activities": -79738,
        "Profit": 8101,
        "Profit before tax": -71637,
        "Present corporate income tax expenses": "N/A",
        "Deferred income taxes expenses": "N/A",
        "The interests of minority shareholders": 71,
        "Total Cost of profits": 71,
        "Profit after tax corporate income": -71708,
        "Volume": 32915803,
        "Close of Quarter": 10.2,
        "EPS": -10783,
        "Non-adjusted EPS": -10783,
        "PE": -1.0,
        "Book Price": 21
      }
    },
    {
      "quarter": "Q2 2011",
      "income status": {
        "Net sales": 139213,
        "Cost of goods sold": 242115,
        "Gross Profit": -102902,
        "Financial expenses": 99232,
        "Of which: Interest expense": 78949,
        "Cost of sales": 4432,
        "Enterprise cost management": 7668,
        "Total Operating Expenses": 111332,
        "Total revenue financing activities": 959,
        "Net profit from business activities": -213275,
        "Profit": 8162,
        "Profit before tax": -205113,
        "Present corporate income tax expenses": "N/A",
        "Deferred income taxes expenses": "N/A",
        "The interests of minority shareholders": 514,
        "Total Cost of profits": 514,
        "Profit after tax corporate income": -205627,
        "Volume": 32915803,
        "Close of Quarter": 7.5,
        "EPS": -8478,
        "Non-adjusted EPS": -8478,
        "PE": -0.9,
        "Book Price": 23
      }
    },
    {
      "quarter": "Q1 2011",
      "income status": {
        "Net sales": 147096,
        "Cost of goods sold": 149122,
        "Gross Profit": -2026,
        "Financial expenses": 26323,
        "Of which: Interest expense": 26026,
        "Cost of sales": 3715,
        "Enterprise cost management": 5965,
        "Total Operating Expenses": 36003,
        "Total revenue financing activities": 68,
        "Net profit from business activities": -37961,
        "Profit": -8151,
        "Profit before tax": -46111,
        "Present corporate income tax expenses": "N/A",
        "Deferred income taxes expenses": "N/A",
        "The interests of minority shareholders": 477,
        "Total Cost of profits": 477,
        "Profit after tax corporate income": -46588,
        "Volume": 32915803,
        "Close of Quarter": 18,
        "EPS": -1722,
        "Non-adjusted EPS": -1722,
        "PE": -10.5,
        "Book Price": 29.5
      }
    },
    {
      "quarter": "Q4 2010",
      "income status": {
        "Net sales": 195103,
        "Cost of goods sold": 175802,
        "Gross Profit": 19301,
        "Financial expenses": 63696,
        "Of which: Interest expense": 62278,
        "Cost of sales": 3490,
        "Enterprise cost management": 4701,
        "Total Operating Expenses": 71887,
        "Total revenue financing activities": 19370,
        "Net profit from business activities": -33216,
        "Profit": -805,
        "Profit before tax": -34021,
        "Present corporate income tax expenses": -3213,
        "Deferred income taxes expenses": "N/A",
        "The interests of minority shareholders": 191,
        "Total Cost of profits": -3022,
        "Profit after tax corporate income": -30999,
        "Volume": 38084489,
        "Close of Quarter": 28.9,
        "EPS": 46.3,
        "Non-adjusted EPS": 40,
        "PE": 722.5,
        "Book Price": 35.6
      }
    },
    {
      "quarter": "Q3 2010",
      "income status": {
        "Net sales": 219170,
        "Cost of goods sold": 174728,
        "Gross Profit": 44443,
        "Financial expenses": 29451,
        "Of which: Interest expense": 27318,
        "Cost of sales": 3596,
        "Enterprise cost management": 5234,
        "Total Operating Expenses": 38281,
        "Total revenue financing activities": 73,
        "Net profit from business activities": 6235,
        "Profit": -1046,
        "Profit before tax": 5188,
        "Present corporate income tax expenses": 452,
        "Deferred income taxes expenses": "N/A",
        "The interests of minority shareholders": 578,
        "Total Cost of profits": 1030,
        "Profit after tax corporate income": 4158,
        "Volume": 38084489,
        "Close of Quarter": 33,
        "EPS": -2771.1,
        "Non-adjusted EPS": -2395,
        "PE": -13.8,
        "Book Price": 36.6
      }
    },
    {
      "quarter": "Q2 2010",
      "income status": {
        "Net sales": 208211,
        "Cost of goods sold": 140167,
        "Gross Profit": 68043,
        "Financial expenses": 46156,
        "Of which: Interest expense": 44562,
        "Cost of sales": 2288,
        "Enterprise cost management": 3994,
        "Total Operating Expenses": 52438,
        "Total revenue financing activities": 54,
        "Net profit from business activities": 15659,
        "Profit": 2902,
        "Profit before tax": 18561,
        "Present corporate income tax expenses": 1788,
        "Deferred income taxes expenses": "N/A",
        "The interests of minority shareholders": 21,
        "Total Cost of profits": 1809,
        "Profit after tax corporate income": 16752,
        "Volume": 38084489,
        "Close of Quarter": 43.6,
        "EPS": -3869.1,
        "Non-adjusted EPS": -3344,
        "PE": -13.0,
        "Book Price": 36.5
      }
    },
    {
      "quarter": "Q1 2010",
      "income status": {
        "Net sales": 252955,
        "Cost of goods sold": 205936,
        "Gross Profit": 47019,
        "Financial expenses": 26693,
        "Of which: Interest expense": 25315,
        "Cost of sales": 3018,
        "Enterprise cost management": 6537,
        "Total Operating Expenses": 36248,
        "Total revenue financing activities": 120,
        "Net profit from business activities": 10891,
        "Profit": 2592,
        "Profit before tax": 13482,
        "Present corporate income tax expenses": 1861,
        "Deferred income taxes expenses": "N/A",
        "The interests of minority shareholders": "N/A",
        "Total Cost of profits": 1861,
        "Profit after tax corporate income": 11621,
        "Volume": 38084489,
        "Close of Quarter": 23.4,
        "EPS": -7219.9,
        "Non-adjusted EPS": -6240,
        "PE": -3.8,
        "Book Price": 36.0
      }
    },
    {
      "quarter": "Q4 2009",
      "income status": {
        "Net sales": 184465,
        "Cost of goods sold": 237860,
        "Gross Profit": -53395,
        "Financial expenses": 62582,
        "Of which: Interest expense": 45694,
        "Cost of sales": 20375,
        "Enterprise cost management": 6708,
        "Total Operating Expenses": 89665,
        "Total revenue financing activities": 4983,
        "Net profit from business activities": -138077,
        "Profit": 9017,
        "Profit before tax": -129060,
        "Present corporate income tax expenses": -2034,
        "Deferred income taxes expenses": -3281,
        "The interests of minority shareholders": "N/A",
        "Total Cost of profits": -5315,
        "Profit after tax corporate income": -123745,
        "Volume": 37294489,
        "Close of Quarter": 26.4,
        "EPS": -10973.4,
        "Non-adjusted EPS": -9685,
        "PE": -2.7,
        "Book Price": 35.8
      }
    },
    {
      "quarter": "Q3 2009",
      "income status": {
        "Net sales": 140623,
        "Cost of goods sold": 165279,
        "Gross Profit": -24655,
        "Financial expenses": 47851,
        "Of which: Interest expense": 45986,
        "Cost of sales": 3974,
        "Enterprise cost management": 5676,
        "Total Operating Expenses": 57501,
        "Total revenue financing activities": 53126,
        "Net profit from business activities": -29032,
        "Profit": -2359,
        "Profit before tax": -31391,
        "Present corporate income tax expenses": 610,
        "Deferred income taxes expenses": "N/A",
        "The interests of minority shareholders": "N/A",
        "Total Cost of profits": 610,
        "Profit after tax corporate income": -32001,
        "Volume": 37294489,
        "Close of Quarter": 36.3,
        "EPS": -8979.2,
        "Non-adjusted EPS": -7925,
        "PE": -4.6,
        "Book Price": 39.7
      }
    },
    {
      "quarter": "Q2 2009",
      "income status": {
        "Net sales": 117161,
        "Cost of goods sold": 179684,
        "Gross Profit": -62523,
        "Financial expenses": 26245,
        "Of which: Interest expense": 26053,
        "Cost of sales": 1751,
        "Enterprise cost management": 6427,
        "Total Operating Expenses": 34423,
        "Total revenue financing activities": 1774,
        "Net profit from business activities": -95171,
        "Profit": 2221,
        "Profit before tax": -92951,
        "Present corporate income tax expenses": 580,
        "Deferred income taxes expenses": "N/A",
        "The interests of minority shareholders": "N/A",
        "Total Cost of profits": 580,
        "Profit after tax corporate income": -93530,
        "Volume": 15870000,
        "Close of Quarter": 36.9,
        "EPS": -3472.9,
        "Non-adjusted EPS": -7203,
        "PE": -5.1,
        "Book Price": 40.6
      }
    },
    {
      "quarter": "Q1 2009",
      "income status": {
        "Net sales": 80626,
        "Cost of goods sold": 184090,
        "Gross Profit": -103464,
        "Financial expenses": 25184,
        "Of which: Interest expense": 23366,
        "Cost of sales": 2808,
        "Enterprise cost management": 6641,
        "Total Operating Expenses": 34633,
        "Total revenue financing activities": 24130,
        "Net profit from business activities": -113967,
        "Profit": 3300,
        "Profit before tax": -110667,
        "Present corporate income tax expenses": 1014,
        "Deferred income taxes expenses": "N/A",
        "The interests of minority shareholders": 242,
        "Total Cost of profits": 1256,
        "Profit after tax corporate income": -111924,
        "Volume": 15870000,
        "Close of Quarter": 19.7,
        "EPS": 3844.6,
        "Non-adjusted EPS": 7974,
        "PE": 2.5,
        "Book Price": 43.4
      }
    },
    {
      "quarter": "Q4 2008",
      "income status": {
        "Net sales": 371150,
        "Cost of goods sold": 368768,
        "Gross Profit": 2382,
        "Financial expenses": 66199,
        "Of which: Interest expense": 56217,
        "Cost of sales": 3576,
        "Enterprise cost management": 6146,
        "Total Operating Expenses": 75921,
        "Total revenue financing activities": 19392,
        "Net profit from business activities": -54147,
        "Profit": 1045,
        "Profit before tax": -53102,
        "Present corporate income tax expenses": 2799,
        "Deferred income taxes expenses": 2203,
        "The interests of minority shareholders": "N/A",
        "Total Cost of profits": 5002,
        "Profit after tax corporate income": -58104,
        "Volume": 15870000,
        "Close of Quarter": 22.4,
        "EPS": 8959.1,
        "Non-adjusted EPS": 18582,
        "PE": 1.2,
        "Book Price": 46.8
      }
    },
    {
      "quarter": "Q3 2008",
      "income status": {
        "Net sales": 447398,
        "Cost of goods sold": 218805,
        "Gross Profit": 228593,
        "Financial expenses": 52691,
        "Of which: Interest expense": 26517,
        "Cost of sales": 2455,
        "Enterprise cost management": 5289,
        "Total Operating Expenses": 60435,
        "Total revenue financing activities": 2839,
        "Net profit from business activities": 170997,
        "Profit": -1215,
        "Profit before tax": 169781,
        "Present corporate income tax expenses": 20536,
        "Deferred income taxes expenses": "N/A",
        "The interests of minority shareholders": "N/A",
        "Total Cost of profits": 20536,
        "Profit after tax corporate income": 149245,
        "Volume": 13800000,
        "Close of Quarter": 66.6,
        "EPS": 11907.6,
        "Non-adjusted EPS": 28402,
        "PE": 2.3,
        "Book Price": 49.2
      }
    },
    {
      "quarter": "Q2 2008",
      "income status": {
        "Net sales": 428859,
        "Cost of goods sold": 233988,
        "Gross Profit": 194870,
        "Financial expenses": 26603,
        "Of which: Interest expense": 26517,
        "Cost of sales": 2548,
        "Enterprise cost management": 5643,
        "Total Operating Expenses": 34794,
        "Total revenue financing activities": 2303,
        "Net profit from business activities": 162379,
        "Profit": 1555,
        "Profit before tax": 163933,
        "Present corporate income tax expenses": 16607,
        "Deferred income taxes expenses": "N/A",
        "The interests of minority shareholders": "N/A",
        "Total Cost of profits": 16607,
        "Profit after tax corporate income": 147327,
        "Volume": 13800000,
        "Close of Quarter": 17.6,
        "EPS": 7637.9,
        "Non-adjusted EPS": 18218,
        "PE": 1.0,
        "Book Price": 44.7
      }
    },
    {
      "quarter": "Q1 2008",
      "income status": {
        "Net sales": 262291,
        "Cost of goods sold": 178040,
        "Gross Profit": 84251,
        "Financial expenses": 14318,
        "Of which: Interest expense": 13900,
        "Cost of sales": 1432,
        "Enterprise cost management": 5691,
        "Total Operating Expenses": 21441,
        "Total revenue financing activities": 3283,
        "Net profit from business activities": 66092,
        "Profit": -3597,
        "Profit before tax": 62495,
        "Present corporate income tax expenses": 6062,
        "Deferred income taxes expenses": "N/A",
        "The interests of minority shareholders": "N/A",
        "Total Cost of profits": 6062,
        "Profit after tax corporate income": 56433,
        "Volume": 4000000,
        "Close of Quarter": 31.4,
        "EPS": 3196.0,
        "Non-adjusted EPS": 26300,
        "PE": 1.2,
        "Book Price": 40.2
      }
    },
    {
      "quarter": "Q4 2007",
      "income status": {
        "Net sales": 248275,
        "Cost of goods sold": 164556,
        "Gross Profit": 83719,
        "Financial expenses": 29930,
        "Of which: Interest expense": 24831,
        "Cost of sales": 2045,
        "Enterprise cost management": 10480,
        "Total Operating Expenses": 42455,
        "Total revenue financing activities": 3591,
        "Net profit from business activities": 44855,
        "Profit": -924,
        "Profit before tax": 43932,
        "Present corporate income tax expenses": 7217,
        "Deferred income taxes expenses": -2234,
        "The interests of minority shareholders": "N/A",
        "Total Cost of profits": 4983,
        "Profit after tax corporate income": 38949,
        "Volume": 4000000,
        "Close of Quarter": 61.1,
        "EPS": 2198.1,
        "Non-adjusted EPS": 18088,
        "PE": 3.4,
        "Book Price": 3.7
      }
    },
    {
      "quarter": "Q3 2007",
      "income status": {
        "Net sales": 176308,
        "Cost of goods sold": 143582,
        "Gross Profit": 32726,
        "Financial expenses": 18851,
        "Of which: Interest expense": 18784,
        "Cost of sales": 1102,
        "Enterprise cost management": 4338,
        "Total Operating Expenses": 24291,
        "Total revenue financing activities": 118,
        "Net profit from business activities": 8553,
        "Profit": 1035,
        "Profit before tax": 9588,
        "Present corporate income tax expenses": 883,
        "Deferred income taxes expenses": "N/A",
        "The interests of minority shareholders": "N/A",
        "Total Cost of profits": 883,
        "Profit after tax corporate income": 8705,
        "Volume": 4000000,
        "Close of Quarter": 37.3,
        "EPS": 1545.0,
        "Non-adjusted EPS": 12714,
        "PE": 2.9,
        "Book Price": 2.9
      }
    },
    {
      "quarter": "Q2 2007",
      "income status": {
        "Net sales": 114264,
        "Cost of goods sold": 95302,
        "Gross Profit": 18961,
        "Financial expenses": 13261,
        "Of which: Interest expense": 11996,
        "Cost of sales": 2675,
        "Enterprise cost management": 2573,
        "Total Operating Expenses": 18509,
        "Total revenue financing activities": 192,
        "Net profit from business activities": 645,
        "Profit": 648,
        "Profit before tax": 1292,
        "Present corporate income tax expenses": 181,
        "Deferred income taxes expenses": "N/A",
        "The interests of minority shareholders": "N/A",
        "Total Cost of profits": 181,
        "Profit after tax corporate income": 1112,
        "Volume": 4000000,
        "Close of Quarter": 34.5,
        "EPS": 1280.5,
        "Non-adjusted EPS": 10537,
        "PE": 3.3,
        "Book Price": 2.7
      }
    },
    {
      "quarter": "Q1 2007",
      "income status": {
        "Net sales": 250837,
        "Cost of goods sold": 195851,
        "Gross Profit": 54985,
        "Financial expenses": 11610,
        "Of which: Interest expense": 11403,
        "Cost of sales": 6042,
        "Enterprise cost management": 9578,
        "Total Operating Expenses": 27230,
        "Total revenue financing activities": 213,
        "Net profit from business activities": 27969,
        "Profit": -542,
        "Profit before tax": 27427,
        "Present corporate income tax expenses": 3840,
        "Deferred income taxes expenses": "N/A",
        "The interests of minority shareholders": "N/A",
        "Total Cost of profits": 3840,
        "Profit after tax corporate income": 23587,
        "Volume": 4000000,
        "Close of Quarter": 42.2,
        "EPS": 1246.7,
        "Non-adjusted EPS": 10259,
        "PE": 4.1,
        "Book Price": 2.7
      }
    },
    {
      "quarter": "Q1 2006",
      "income status": {
        "Net sales": 652275,
        "Cost of goods sold": 571227,
        "Gross Profit": 81048,
        "Financial expenses": 39362,
        "Of which: Interest expense": 32769,
        "Cost of sales": 7006,
        "Enterprise cost management": 15412,
        "Total Operating Expenses": 61780,
        "Total revenue financing activities": 887,
        "Net profit from business activities": 20155,
        "Profit": -710,
        "Profit before tax": 19445,
        "Present corporate income tax expenses": 2464,
        "Deferred income taxes expenses": -469,
        "The interests of minority shareholders": "N/A",
        "Total Cost of profits": 1995,
        "Profit after tax corporate income": 17450,
        "Volume": 4000000,
        "Close of Quarter": "N/A",
        "EPS": 530.2,
        "Non-adjusted EPS": 4363,
        "PE": "N/A",
        "Book Price": "N/A"
      }
    }
  ]
}