{
  "ticker": "THT",
  "data": [
    {
      "quarter": "Q1 2017",
      "income status": {
        "Net sales": 497789,
        "Cost of goods sold": 471291,
        "Gross Profit": 26498,
        "Financial expenses": 1785,
        "Of which: Interest expense": 1785,
        "Cost of sales": 2200,
        "Enterprise cost management": 25115,
        "Total Operating Expenses": 29100,
        "Total revenue financing activities": 862,
        "Net profit from business activities": -1740,
        "Profit": 4404,
        "Profit before tax": 2664,
        "Present corporate income tax expenses": 533,
        "Deferred income taxes expenses": "N/A",
        "The interests of minority shareholders": "N/A",
        "Total Cost of profits": 533,
        "Profit after tax corporate income": 2131,
        "Volume": 24569052,
        "Close of Quarter": 6.1,
        "EPS": 800,
        "Non-adjusted EPS": 800,
        "PE": 7.6,
        "Book Price": 10.8
      }
    },
    {
      "quarter": "Q4 2016",
      "income status": {
        "Net sales": 457167,
        "Cost of goods sold": 402791,
        "Gross Profit": 54376,
        "Financial expenses": 302,
        "Of which: Interest expense": 302,
        "Cost of sales": 3229,
        "Enterprise cost management": 33187,
        "Total Operating Expenses": 36718,
        "Total revenue financing activities": 891,
        "Net profit from business activities": 18549,
        "Profit": 931,
        "Profit before tax": 19480,
        "Present corporate income tax expenses": 4064,
        "Deferred income taxes expenses": -141,
        "The interests of minority shareholders": "N/A",
        "Total Cost of profits": 3923,
        "Profit after tax corporate income": 15557,
        "Volume": 24569052,
        "Close of Quarter": 6.5,
        "EPS": 857,
        "Non-adjusted EPS": 857,
        "PE": 7.6,
        "Book Price": 10.7
      }
    },
    {
      "quarter": "Q3 2016",
      "income status": {
        "Net sales": 393027,
        "Cost of goods sold": 368322,
        "Gross Profit": 24705,
        "Financial expenses": 57,
        "Of which: Interest expense": 57,
        "Cost of sales": 1819,
        "Enterprise cost management": 25652,
        "Total Operating Expenses": 27528,
        "Total revenue financing activities": 859,
        "Net profit from business activities": -1963,
        "Profit": 422,
        "Profit before tax": -1542,
        "Present corporate income tax expenses": "N/A",
        "Deferred income taxes expenses": "N/A",
        "The interests of minority shareholders": "N/A",
        "Total Cost of profits": 0,
        "Profit after tax corporate income": -1542,
        "Volume": 24569052,
        "Close of Quarter": 5.2,
        "EPS": 1762,
        "Non-adjusted EPS": 1762,
        "PE": 3.0,
        "Book Price": 11
      }
    },
    {
      "quarter": "Q2 2016",
      "income status": {
        "Net sales": 537598,
        "Cost of goods sold": 500604,
        "Gross Profit": 36993,
        "Financial expenses": 27,
        "Of which: Interest expense": 27,
        "Cost of sales": 2644,
        "Enterprise cost management": 32426,
        "Total Operating Expenses": 35097,
        "Total revenue financing activities": 1835,
        "Net profit from business activities": 3731,
        "Profit": 766,
        "Profit before tax": 4497,
        "Present corporate income tax expenses": 899,
        "Deferred income taxes expenses": 81,
        "The interests of minority shareholders": "N/A",
        "Total Cost of profits": 980,
        "Profit after tax corporate income": 3517,
        "Volume": 13649738,
        "Close of Quarter": 6.6,
        "EPS": 817.2,
        "Non-adjusted EPS": 1471,
        "PE": 4.5,
        "Book Price": 11.1
      }
    },
    {
      "quarter": "Q1 2016",
      "income status": {
        "Net sales": 555400,
        "Cost of goods sold": 515244,
        "Gross Profit": 40156,
        "Financial expenses": "N/A",
        "Of which: Interest expense": "N/A",
        "Cost of sales": 2556,
        "Enterprise cost management": 33537,
        "Total Operating Expenses": 36093,
        "Total revenue financing activities": 106,
        "Net profit from business activities": 4170,
        "Profit": 242,
        "Profit before tax": 4412,
        "Present corporate income tax expenses": 882,
        "Deferred income taxes expenses": "N/A",
        "The interests of minority shareholders": "N/A",
        "Total Cost of profits": 882,
        "Profit after tax corporate income": 3530,
        "Volume": 13649738,
        "Close of Quarter": 7.4,
        "EPS": 802.8,
        "Non-adjusted EPS": 1445,
        "PE": 5.1,
        "Book Price": 11.1
      }
    },
    {
      "quarter": "Q4 2015",
      "income status": {
        "Net sales": 605533,
        "Cost of goods sold": 515189,
        "Gross Profit": 90344,
        "Financial expenses": 901,
        "Of which: Interest expense": 901,
        "Cost of sales": 3784,
        "Enterprise cost management": 45406,
        "Total Operating Expenses": 50091,
        "Total revenue financing activities": 1460,
        "Net profit from business activities": 41714,
        "Profit": -536,
        "Profit before tax": 41177,
        "Present corporate income tax expenses": 3394,
        "Deferred income taxes expenses": "N/A",
        "The interests of minority shareholders": "N/A",
        "Total Cost of profits": 3394,
        "Profit after tax corporate income": 37784,
        "Volume": 13649738,
        "Close of Quarter": 6.8,
        "EPS": 898.9,
        "Non-adjusted EPS": 1618,
        "PE": 4.2,
        "Book Price": 10.8
      }
    },
    {
      "quarter": "Q3 2015",
      "income status": {
        "Net sales": 588127,
        "Cost of goods sold": 576559,
        "Gross Profit": 11568,
        "Financial expenses": 1685,
        "Of which: Interest expense": 1685,
        "Cost of sales": 2248,
        "Enterprise cost management": 33467,
        "Total Operating Expenses": 37400,
        "Total revenue financing activities": 18,
        "Net profit from business activities": -25814,
        "Profit": 1066,
        "Profit before tax": -24748,
        "Present corporate income tax expenses": "N/A",
        "Deferred income taxes expenses": "N/A",
        "The interests of minority shareholders": "N/A",
        "Total Cost of profits": 0,
        "Profit after tax corporate income": -24748,
        "Volume": 13649738,
        "Close of Quarter": 5.8,
        "EPS": 80.6,
        "Non-adjusted EPS": 145,
        "PE": 40.3,
        "Book Price": 9.8
      }
    },
    {
      "quarter": "Q2 2015",
      "income status": {
        "Net sales": 593442,
        "Cost of goods sold": 554238,
        "Gross Profit": 39204,
        "Financial expenses": 2427,
        "Of which: Interest expense": 2427,
        "Cost of sales": 2735,
        "Enterprise cost management": 31161,
        "Total Operating Expenses": 36323,
        "Total revenue financing activities": 179,
        "Net profit from business activities": 3060,
        "Profit": 886,
        "Profit before tax": 3946,
        "Present corporate income tax expenses": 789,
        "Deferred income taxes expenses": "N/A",
        "The interests of minority shareholders": "N/A",
        "Total Cost of profits": 789,
        "Profit after tax corporate income": 3157,
        "Volume": 13649738,
        "Close of Quarter": 7.2,
        "EPS": 1092.8,
        "Non-adjusted EPS": 1967,
        "PE": 3.7,
        "Book Price": 10.8
      }
    },
    {
      "quarter": "Q1 2015",
      "income status": {
        "Net sales": 541510,
        "Cost of goods sold": 502708,
        "Gross Profit": 38802,
        "Financial expenses": 1907,
        "Of which: Interest expense": 1907,
        "Cost of sales": 2330,
        "Enterprise cost management": 29779,
        "Total Operating Expenses": 34016,
        "Total revenue financing activities": 24,
        "Net profit from business activities": 4809,
        "Profit": 2553,
        "Profit before tax": 7362,
        "Present corporate income tax expenses": 1472,
        "Deferred income taxes expenses": "N/A",
        "The interests of minority shareholders": "N/A",
        "Total Cost of profits": 1472,
        "Profit after tax corporate income": 5890,
        "Volume": 13649738,
        "Close of Quarter": 8.0,
        "EPS": 1390.0,
        "Non-adjusted EPS": 2502,
        "PE": 3.2,
        "Book Price": 10.7
      }
    },
    {
      "quarter": "Q4 2014",
      "income status": {
        "Net sales": 611961,
        "Cost of goods sold": 550114,
        "Gross Profit": 61847,
        "Financial expenses": 2577,
        "Of which: Interest expense": 2386,
        "Cost of sales": 2854,
        "Enterprise cost management": 35049,
        "Total Operating Expenses": 40480,
        "Total revenue financing activities": 156,
        "Net profit from business activities": 21524,
        "Profit": 1304,
        "Profit before tax": 22827,
        "Present corporate income tax expenses": 5142,
        "Deferred income taxes expenses": "N/A",
        "The interests of minority shareholders": "N/A",
        "Total Cost of profits": 5142,
        "Profit after tax corporate income": 17686,
        "Volume": 13649738,
        "Close of Quarter": 7.4,
        "EPS": 1385.0,
        "Non-adjusted EPS": 2493,
        "PE": 3.0,
        "Book Price": 10.3
      }
    },
    {
      "quarter": "Q3 2014",
      "income status": {
        "Net sales": 528026,
        "Cost of goods sold": 494412,
        "Gross Profit": 33614,
        "Financial expenses": 2636,
        "Of which: Interest expense": 2636,
        "Cost of sales": 2480,
        "Enterprise cost management": 29174,
        "Total Operating Expenses": 34290,
        "Total revenue financing activities": 22,
        "Net profit from business activities": -654,
        "Profit": 797,
        "Profit before tax": 143,
        "Present corporate income tax expenses": 29,
        "Deferred income taxes expenses": "N/A",
        "The interests of minority shareholders": "N/A",
        "Total Cost of profits": 29,
        "Profit after tax corporate income": 114,
        "Volume": 13649738,
        "Close of Quarter": 6.6,
        "EPS": 1686.7,
        "Non-adjusted EPS": 3036,
        "PE": 2.2,
        "Book Price": 10.3
      }
    },
    {
      "quarter": "Q2 2014",
      "income status": {
        "Net sales": 644601,
        "Cost of goods sold": 590651,
        "Gross Profit": 53950,
        "Financial expenses": 4036,
        "Of which: Interest expense": 4036,
        "Cost of sales": 3108,
        "Enterprise cost management": 34588,
        "Total Operating Expenses": 41732,
        "Total revenue financing activities": 220,
        "Net profit from business activities": 12438,
        "Profit": 895,
        "Profit before tax": 13333,
        "Present corporate income tax expenses": 2875,
        "Deferred income taxes expenses": "N/A",
        "The interests of minority shareholders": "N/A",
        "Total Cost of profits": 2875,
        "Profit after tax corporate income": 10458,
        "Volume": 13649738,
        "Close of Quarter": 5.9,
        "EPS": 1593.4,
        "Non-adjusted EPS": 2868,
        "PE": 2.1,
        "Book Price": 10.3
      }
    },
    {
      "quarter": "Q1 2014",
      "income status": {
        "Net sales": 515141,
        "Cost of goods sold": 486388,
        "Gross Profit": 28753,
        "Financial expenses": 4826,
        "Of which: Interest expense": 4826,
        "Cost of sales": 2309,
        "Enterprise cost management": 26737,
        "Total Operating Expenses": 33872,
        "Total revenue financing activities": 36,
        "Net profit from business activities": -5084,
        "Profit": 12028,
        "Profit before tax": 6944,
        "Present corporate income tax expenses": 1180,
        "Deferred income taxes expenses": "N/A",
        "The interests of minority shareholders": "N/A",
        "Total Cost of profits": 1180,
        "Profit after tax corporate income": 5764,
        "Volume": 13649738,
        "Close of Quarter": 6.3,
        "EPS": 1367.8,
        "Non-adjusted EPS": 2462,
        "PE": 2.6,
        "Book Price": 10.4
      }
    },
    {
      "quarter": "Q4 2013",
      "income status": {
        "Net sales": 584394,
        "Cost of goods sold": 481443,
        "Gross Profit": 102951,
        "Financial expenses": 7590,
        "Of which: Interest expense": 7590,
        "Cost of sales": 24025,
        "Enterprise cost management": 41541,
        "Total Operating Expenses": 73156,
        "Total revenue financing activities": 332,
        "Net profit from business activities": 30126,
        "Profit": -5019,
        "Profit before tax": 25107,
        "Present corporate income tax expenses": "N/A",
        "Deferred income taxes expenses": "N/A",
        "The interests of minority shareholders": "N/A",
        "Total Cost of profits": 0,
        "Profit after tax corporate income": 25107,
        "Volume": 13649738,
        "Close of Quarter": 4.5,
        "EPS": 1383.9,
        "Non-adjusted EPS": 2491,
        "PE": 1.8,
        "Book Price": 11.5
      }
    },
    {
      "quarter": "Q3 2013",
      "income status": {
        "Net sales": 300427,
        "Cost of goods sold": 267939,
        "Gross Profit": 32488,
        "Financial expenses": 6332,
        "Of which: Interest expense": 3793,
        "Cost of sales": 12279,
        "Enterprise cost management": 18590,
        "Total Operating Expenses": 37201,
        "Total revenue financing activities": 59,
        "Net profit from business activities": -4653,
        "Profit": 2475,
        "Profit before tax": -2178,
        "Present corporate income tax expenses": "N/A",
        "Deferred income taxes expenses": "N/A",
        "The interests of minority shareholders": "N/A",
        "Total Cost of profits": 0,
        "Profit after tax corporate income": -2178,
        "Volume": 13649738,
        "Close of Quarter": 4.3,
        "EPS": 177.8,
        "Non-adjusted EPS": 320,
        "PE": 13.5,
        "Book Price": 10.3
      }
    },
    {
      "quarter": "Q2 2013",
      "income status": {
        "Net sales": 551094,
        "Cost of goods sold": 481906,
        "Gross Profit": 69189,
        "Financial expenses": 10030,
        "Of which: Interest expense": 10029,
        "Cost of sales": 21717,
        "Enterprise cost management": 32835,
        "Total Operating Expenses": 64582,
        "Total revenue financing activities": 77,
        "Net profit from business activities": 4684,
        "Profit": 1453,
        "Profit before tax": 6137,
        "Present corporate income tax expenses": 1227,
        "Deferred income taxes expenses": "N/A",
        "The interests of minority shareholders": "N/A",
        "Total Cost of profits": 1227,
        "Profit after tax corporate income": 4910,
        "Volume": 13649738,
        "Close of Quarter": 4.6,
        "EPS": 311.1,
        "Non-adjusted EPS": 560,
        "PE": 8.2,
        "Book Price": 10.4
      }
    },
    {
      "quarter": "Q1 2013",
      "income status": {
        "Net sales": 451371,
        "Cost of goods sold": 403188,
        "Gross Profit": 48183,
        "Financial expenses": 7673,
        "Of which: Interest expense": 7671,
        "Cost of sales": 9454,
        "Enterprise cost management": 25537,
        "Total Operating Expenses": 42664,
        "Total revenue financing activities": 85,
        "Net profit from business activities": 5604,
        "Profit": 2096,
        "Profit before tax": 7700,
        "Present corporate income tax expenses": 1540,
        "Deferred income taxes expenses": "N/A",
        "The interests of minority shareholders": "N/A",
        "Total Cost of profits": 1540,
        "Profit after tax corporate income": 6160,
        "Volume": 13649738,
        "Close of Quarter": 4.0,
        "EPS": 541.7,
        "Non-adjusted EPS": 975,
        "PE": 4.1,
        "Book Price": 10.2
      }
    },
    {
      "quarter": "Q4 2012",
      "income status": {
        "Net sales": 467653,
        "Cost of goods sold": 405801,
        "Gross Profit": 61852,
        "Financial expenses": 10979,
        "Of which: Interest expense": 6646,
        "Cost of sales": 23568,
        "Enterprise cost management": 32554,
        "Total Operating Expenses": 67101,
        "Total revenue financing activities": 327,
        "Net profit from business activities": -4923,
        "Profit": 404,
        "Profit before tax": -4519,
        "Present corporate income tax expenses": "N/A",
        "Deferred income taxes expenses": "N/A",
        "The interests of minority shareholders": "N/A",
        "Total Cost of profits": 0,
        "Profit after tax corporate income": -4519,
        "Volume": 13649738,
        "Close of Quarter": 4.0,
        "EPS": 663.4,
        "Non-adjusted EPS": 1194,
        "PE": 3.4,
        "Book Price": 10.5
      }
    },
    {
      "quarter": "Q3 2012",
      "income status": {
        "Net sales": 269956,
        "Cost of goods sold": 237076,
        "Gross Profit": 32880,
        "Financial expenses": 8970,
        "Of which: Interest expense": 8970,
        "Cost of sales": 5699,
        "Enterprise cost management": 16579,
        "Total Operating Expenses": 31248,
        "Total revenue financing activities": 146,
        "Net profit from business activities": 1778,
        "Profit": -411,
        "Profit before tax": 1367,
        "Present corporate income tax expenses": 273,
        "Deferred income taxes expenses": "N/A",
        "The interests of minority shareholders": "N/A",
        "Total Cost of profits": 273,
        "Profit after tax corporate income": 1094,
        "Volume": 13649738,
        "Close of Quarter": 4.5,
        "EPS": 2101.2,
        "Non-adjusted EPS": 3782,
        "PE": 1.2,
        "Book Price": 10.8
      }
    },
    {
      "quarter": "Q2 2012",
      "income status": {
        "Net sales": 422328,
        "Cost of goods sold": 370395,
        "Gross Profit": 51934,
        "Financial expenses": 10849,
        "Of which: Interest expense": 10832,
        "Cost of sales": 7246,
        "Enterprise cost management": 21312,
        "Total Operating Expenses": 39407,
        "Total revenue financing activities": 124,
        "Net profit from business activities": 12651,
        "Profit": 561,
        "Profit before tax": 13212,
        "Present corporate income tax expenses": 2642,
        "Deferred income taxes expenses": "N/A",
        "The interests of minority shareholders": "N/A",
        "Total Cost of profits": 2642,
        "Profit after tax corporate income": 10569,
        "Volume": 9100000,
        "Close of Quarter": 4.3,
        "EPS": 1657.1,
        "Non-adjusted EPS": 4474,
        "PE": 1.0,
        "Book Price": 10.8
      }
    },
    {
      "quarter": "Q1 2012",
      "income status": {
        "Net sales": 417861,
        "Cost of goods sold": 364325,
        "Gross Profit": 53536,
        "Financial expenses": 9266,
        "Of which: Interest expense": 9263,
        "Cost of sales": 9932,
        "Enterprise cost management": 24814,
        "Total Operating Expenses": 44012,
        "Total revenue financing activities": 177,
        "Net profit from business activities": 9701,
        "Profit": 1743,
        "Profit before tax": 11445,
        "Present corporate income tax expenses": 2289,
        "Deferred income taxes expenses": "N/A",
        "The interests of minority shareholders": "N/A",
        "Total Cost of profits": 2289,
        "Profit after tax corporate income": 9156,
        "Volume": 9100000,
        "Close of Quarter": 4.8,
        "EPS": 2482.0,
        "Non-adjusted EPS": 6701,
        "PE": 0.7,
        "Book Price": 10.4
      }
    },
    {
      "quarter": "Q4 2011",
      "income status": {
        "Net sales": 569926,
        "Cost of goods sold": 491526,
        "Gross Profit": 78400,
        "Financial expenses": 9923,
        "Of which: Interest expense": 3127,
        "Cost of sales": 4657,
        "Enterprise cost management": 34226,
        "Total Operating Expenses": 48806,
        "Total revenue financing activities": 975,
        "Net profit from business activities": 30570,
        "Profit": 2631,
        "Profit before tax": 33201,
        "Present corporate income tax expenses": 2399,
        "Deferred income taxes expenses": "N/A",
        "The interests of minority shareholders": "N/A",
        "Total Cost of profits": 2399,
        "Profit after tax corporate income": 30802,
        "Volume": 9100000,
        "Close of Quarter": 2.1,
        "EPS": 2546.8,
        "Non-adjusted EPS": 6876,
        "PE": 0.3,
        "Book Price": 9.6
      }
    },
    {
      "quarter": "Q3 2011",
      "income status": {
        "Net sales": 361202,
        "Cost of goods sold": 329964,
        "Gross Profit": 31238,
        "Financial expenses": 6011,
        "Of which: Interest expense": 1388,
        "Cost of sales": 22407,
        "Enterprise cost management": 22370,
        "Total Operating Expenses": 50788,
        "Total revenue financing activities": 3238,
        "Net profit from business activities": -16311,
        "Profit": 6498,
        "Profit before tax": -9814,
        "Present corporate income tax expenses": "N/A",
        "Deferred income taxes expenses": "N/A",
        "The interests of minority shareholders": "N/A",
        "Total Cost of profits": 0,
        "Profit after tax corporate income": -9814,
        "Volume": 9100000,
        "Close of Quarter": 2.9,
        "EPS": 2213.8,
        "Non-adjusted EPS": 5977,
        "PE": 0.5,
        "Book Price": 10.0
      }
    },
    {
      "quarter": "Q2 2011",
      "income status": {
        "Net sales": 623566,
        "Cost of goods sold": 520279,
        "Gross Profit": 103287,
        "Financial expenses": 6850,
        "Of which: Interest expense": "N/A",
        "Cost of sales": 28628,
        "Enterprise cost management": 32263,
        "Total Operating Expenses": 67741,
        "Total revenue financing activities": 1210,
        "Net profit from business activities": 36755,
        "Profit": -2380,
        "Profit before tax": 34375,
        "Present corporate income tax expenses": 3540,
        "Deferred income taxes expenses": "N/A",
        "The interests of minority shareholders": "N/A",
        "Total Cost of profits": 3540,
        "Profit after tax corporate income": 30835,
        "Volume": 9100000,
        "Close of Quarter": 2.6,
        "EPS": 2912.0,
        "Non-adjusted EPS": 7862,
        "PE": 0.3,
        "Book Price": 10.4
      }
    },
    {
      "quarter": "Q1 2011",
      "income status": {
        "Net sales": 471065,
        "Cost of goods sold": 406949,
        "Gross Profit": 64116,
        "Financial expenses": 6054,
        "Of which: Interest expense": 5977,
        "Cost of sales": 20209,
        "Enterprise cost management": 27434,
        "Total Operating Expenses": 53697,
        "Total revenue financing activities": 972,
        "Net profit from business activities": 11391,
        "Profit": 551,
        "Profit before tax": 11942,
        "Present corporate income tax expenses": 1194,
        "Deferred income taxes expenses": "N/A",
        "The interests of minority shareholders": "N/A",
        "Total Cost of profits": 1194,
        "Profit after tax corporate income": 10748,
        "Volume": 9100000,
        "Close of Quarter": 3.3,
        "EPS": 2084.9,
        "Non-adjusted EPS": 5629,
        "PE": 0.6,
        "Book Price": 9.2
      }
    },
    {
      "quarter": "Q4 2010",
      "income status": {
        "Net sales": 572717,
        "Cost of goods sold": 450782,
        "Gross Profit": 121936,
        "Financial expenses": 11726,
        "Of which: Interest expense": 6983,
        "Cost of sales": 16005,
        "Enterprise cost management": 64409,
        "Total Operating Expenses": 92140,
        "Total revenue financing activities": 1060,
        "Net profit from business activities": 30856,
        "Profit": -5131,
        "Profit before tax": 25725,
        "Present corporate income tax expenses": 3101,
        "Deferred income taxes expenses": "N/A",
        "The interests of minority shareholders": "N/A",
        "Total Cost of profits": 3101,
        "Profit after tax corporate income": 22624,
        "Volume": 9100000,
        "Close of Quarter": 4.0,
        "EPS": 2155.6,
        "Non-adjusted EPS": 5820,
        "PE": 0.7,
        "Book Price": 8.7
      }
    },
    {
      "quarter": "Q3 2010",
      "income status": {
        "Net sales": 350923,
        "Cost of goods sold": 314987,
        "Gross Profit": 35935,
        "Financial expenses": 9765,
        "Of which: Interest expense": 6983,
        "Cost of sales": 1956,
        "Enterprise cost management": 21012,
        "Total Operating Expenses": 32733,
        "Total revenue financing activities": 932,
        "Net profit from business activities": 4135,
        "Profit": 4022,
        "Profit before tax": 8157,
        "Present corporate income tax expenses": 816,
        "Deferred income taxes expenses": "N/A",
        "The interests of minority shareholders": "N/A",
        "Total Cost of profits": 816,
        "Profit after tax corporate income": 7341,
        "Volume": 9100000,
        "Close of Quarter": 4.7,
        "EPS": 2706.4,
        "Non-adjusted EPS": 7307,
        "PE": 0.6,
        "Book Price": 8.9
      }
    },
    {
      "quarter": "Q2 2010",
      "income status": {
        "Net sales": 377602,
        "Cost of goods sold": 328560,
        "Gross Profit": 49042,
        "Financial expenses": 7331,
        "Of which: Interest expense": 7331,
        "Cost of sales": 11739,
        "Enterprise cost management": 19792,
        "Total Operating Expenses": 38862,
        "Total revenue financing activities": 554,
        "Net profit from business activities": 10734,
        "Profit": 949,
        "Profit before tax": 11684,
        "Present corporate income tax expenses": 1168,
        "Deferred income taxes expenses": "N/A",
        "The interests of minority shareholders": "N/A",
        "Total Cost of profits": 1168,
        "Profit after tax corporate income": 10515,
        "Volume": 9100000,
        "Close of Quarter": 5.9,
        "EPS": 2636.4,
        "Non-adjusted EPS": 7118,
        "PE": 0.8,
        "Book Price": 8.6
      }
    },
    {
      "quarter": "Q1 2010",
      "income status": {
        "Net sales": 352988,
        "Cost of goods sold": 304086,
        "Gross Profit": 48902,
        "Financial expenses": 6148,
        "Of which: Interest expense": "N/A",
        "Cost of sales": 12372,
        "Enterprise cost management": 17992,
        "Total Operating Expenses": 36512,
        "Total revenue financing activities": 415,
        "Net profit from business activities": 12805,
        "Profit": 1063,
        "Profit before tax": 13868,
        "Present corporate income tax expenses": 1387,
        "Deferred income taxes expenses": "N/A",
        "The interests of minority shareholders": "N/A",
        "Total Cost of profits": 1387,
        "Profit after tax corporate income": 12481,
        "Volume": 9100000,
        "Close of Quarter": 5,
        "EPS": 2441.6,
        "Non-adjusted EPS": 6592,
        "PE": 0.8,
        "Book Price": 8.2
      }
    },
    {
      "quarter": "Q4 2009",
      "income status": {
        "Net sales": 421756,
        "Cost of goods sold": 331814,
        "Gross Profit": 89943,
        "Financial expenses": 14160,
        "Of which: Interest expense": "N/A",
        "Cost of sales": 26658,
        "Enterprise cost management": 10825,
        "Total Operating Expenses": 51643,
        "Total revenue financing activities": 949,
        "Net profit from business activities": 39249,
        "Profit": 931,
        "Profit before tax": 40179,
        "Present corporate income tax expenses": 4018,
        "Deferred income taxes expenses": "N/A",
        "The interests of minority shareholders": "N/A",
        "Total Cost of profits": 4018,
        "Profit after tax corporate income": 36161,
        "Volume": 9100000,
        "Close of Quarter": 5.5,
        "EPS": 2316.0,
        "Non-adjusted EPS": 6253,
        "PE": 0.9,
        "Book Price": 9.3
      }
    },
    {
      "quarter": "Q3 2009",
      "income status": {
        "Net sales": 401576,
        "Cost of goods sold": 388138,
        "Gross Profit": 13438,
        "Financial expenses": 7335,
        "Of which: Interest expense": "N/A",
        "Cost of sales": -18237,
        "Enterprise cost management": 19798,
        "Total Operating Expenses": 8896,
        "Total revenue financing activities": 592,
        "Net profit from business activities": 5135,
        "Profit": 1110,
        "Profit before tax": 6244,
        "Present corporate income tax expenses": 624,
        "Deferred income taxes expenses": "N/A",
        "The interests of minority shareholders": "N/A",
        "Total Cost of profits": 624,
        "Profit after tax corporate income": 5620,
        "Volume": 9100000,
        "Close of Quarter": 6.2,
        "EPS": 3289.4,
        "Non-adjusted EPS": 8881,
        "PE": 0.7,
        "Book Price": 7.9
      }
    },
    {
      "quarter": "Q2 2009",
      "income status": {
        "Net sales": 375659,
        "Cost of goods sold": 324811,
        "Gross Profit": 50848,
        "Financial expenses": 8271,
        "Of which: Interest expense": "N/A",
        "Cost of sales": 20887,
        "Enterprise cost management": 18996,
        "Total Operating Expenses": 48154,
        "Total revenue financing activities": 339,
        "Net profit from business activities": 3033,
        "Profit": 3323,
        "Profit before tax": 6357,
        "Present corporate income tax expenses": 636,
        "Deferred income taxes expenses": "N/A",
        "The interests of minority shareholders": "N/A",
        "Total Cost of profits": 636,
        "Profit after tax corporate income": 5721,
        "Volume": 9100000,
        "Close of Quarter": 4.3,
        "EPS": 3735.3,
        "Non-adjusted EPS": 10085,
        "PE": 0.4,
        "Book Price": 7.8
      }
    },
    {
      "quarter": "Q1 2009",
      "income status": {
        "Net sales": 360173,
        "Cost of goods sold": 314120,
        "Gross Profit": 46053,
        "Financial expenses": 9778,
        "Of which: Interest expense": "N/A",
        "Cost of sales": 10456,
        "Enterprise cost management": 19638,
        "Total Operating Expenses": 39872,
        "Total revenue financing activities": 382,
        "Net profit from business activities": 6563,
        "Profit": 3883,
        "Profit before tax": 10446,
        "Present corporate income tax expenses": 1045,
        "Deferred income taxes expenses": "N/A",
        "The interests of minority shareholders": "N/A",
        "Total Cost of profits": 1045,
        "Profit after tax corporate income": 9401,
        "Volume": 9100000,
        "Close of Quarter": 3.3,
        "EPS": 3046.4,
        "Non-adjusted EPS": 8225,
        "PE": 0.4,
        "Book Price": 7.6
      }
    },
    {
      "quarter": "Q4 2008",
      "income status": {
        "Net sales": 514079,
        "Cost of goods sold": 359856,
        "Gross Profit": 154223,
        "Financial expenses": 17137,
        "Of which: Interest expense": "N/A",
        "Cost of sales": 32420,
        "Enterprise cost management": 53835,
        "Total Operating Expenses": 103392,
        "Total revenue financing activities": 342,
        "Net profit from business activities": 51172,
        "Profit": 8903,
        "Profit before tax": 60075,
        "Present corporate income tax expenses": "N/A",
        "Deferred income taxes expenses": "N/A",
        "The interests of minority shareholders": "N/A",
        "Total Cost of profits": 0,
        "Profit after tax corporate income": 60075,
        "Volume": 9100000,
        "Close of Quarter": 2.5,
        "EPS": 3347.2,
        "Non-adjusted EPS": 9037,
        "PE": 0.3,
        "Book Price": 7.2
      }
    },
    {
      "quarter": "Q3 2008",
      "income status": {
        "Net sales": 369253,
        "Cost of goods sold": 316844,
        "Gross Profit": 52409,
        "Financial expenses": 7954,
        "Of which: Interest expense": "N/A",
        "Cost of sales": 8621,
        "Enterprise cost management": 21380,
        "Total Operating Expenses": 37955,
        "Total revenue financing activities": 182,
        "Net profit from business activities": 14636,
        "Profit": 1940,
        "Profit before tax": 16576,
        "Present corporate income tax expenses": "N/A",
        "Deferred income taxes expenses": "N/A",
        "The interests of minority shareholders": "N/A",
        "Total Cost of profits": 0,
        "Profit after tax corporate income": 16576,
        "Volume": 9100000,
        "Close of Quarter": "N/A",
        "EPS": 901.9,
        "Non-adjusted EPS": 2435,
        "PE": "N/A",
        "Book Price": 5.6
      }
    },
    {
      "quarter": "Q2 2008",
      "income status": {
        "Net sales": 280566,
        "Cost of goods sold": 257864,
        "Gross Profit": 22702,
        "Financial expenses": 5335,
        "Of which: Interest expense": "N/A",
        "Cost of sales": 14732,
        "Enterprise cost management": 14943,
        "Total Operating Expenses": 35010,
        "Total revenue financing activities": 553,
        "Net profit from business activities": -11756,
        "Profit": 550,
        "Profit before tax": -11206,
        "Present corporate income tax expenses": "N/A",
        "Deferred income taxes expenses": "N/A",
        "The interests of minority shareholders": "N/A",
        "Total Cost of profits": 0,
        "Profit after tax corporate income": -11206,
        "Volume": 9100000,
        "Close of Quarter": "N/A",
        "EPS": 227.4,
        "Non-adjusted EPS": 614,
        "PE": "N/A",
        "Book Price": 5.0
      }
    },
    {
      "quarter": "Q1 2008",
      "income status": {
        "Net sales": 364317,
        "Cost of goods sold": 300280,
        "Gross Profit": 64037,
        "Financial expenses": 5179,
        "Of which: Interest expense": "N/A",
        "Cost of sales": 18884,
        "Enterprise cost management": 25454,
        "Total Operating Expenses": 49517,
        "Total revenue financing activities": 164,
        "Net profit from business activities": 14683,
        "Profit": "N/A",
        "Profit before tax": 16789,
        "Present corporate income tax expenses": "N/A",
        "Deferred income taxes expenses": "N/A",
        "The interests of minority shareholders": "N/A",
        "Total Cost of profits": 0,
        "Profit after tax corporate income": 16789,
        "Volume": 9100000,
        "Close of Quarter": "N/A",
        "EPS": 683.4,
        "Non-adjusted EPS": 1845,
        "PE": "N/A",
        "Book Price": "N/A"
      }
    }
  ]
}