{
  "ticker": "PJT",
  "data": [
    {
      "quarter": "Q1 2017",
      "income status": {
        "Net sales": 117326,
        "Cost of goods sold": 100587,
        "Gross Profit": 16740,
        "Financial expenses": 1601,
        "Of which: Interest expense": 1600,
        "Cost of sales": 100,
        "Enterprise cost management": 4481,
        "Total Operating Expenses": 6182,
        "Total revenue financing activities": 287,
        "Net profit from business activities": 10845,
        "Profit": 176,
        "Profit before tax": 11021,
        "Present corporate income tax expenses": 2250,
        "Deferred income taxes expenses": "N/A",
        "The interests of minority shareholders": "N/A",
        "Total Cost of profits": 2250,
        "Profit after tax corporate income": 8771,
        "Volume": 15360478,
        "Close of Quarter": 10.7,
        "EPS": 2179,
        "Non-adjusted EPS": 2179,
        "PE": 4.9,
        "Book Price": 10.2
      }
    },
    {
      "quarter": "Q4 2016",
      "income status": {
        "Net sales": 153797,
        "Cost of goods sold": 137286,
        "Gross Profit": 16511,
        "Financial expenses": 2377,
        "Of which: Interest expense": 1273,
        "Cost of sales": 373,
        "Enterprise cost management": 6531,
        "Total Operating Expenses": 9281,
        "Total revenue financing activities": 927,
        "Net profit from business activities": 8156,
        "Profit": -113,
        "Profit before tax": 8043,
        "Present corporate income tax expenses": 1743,
        "Deferred income taxes expenses": "N/A",
        "The interests of minority shareholders": "N/A",
        "Total Cost of profits": 1743,
        "Profit after tax corporate income": 6300,
        "Volume": 10817238,
        "Close of Quarter": 11.5,
        "EPS": 2073.9,
        "Non-adjusted EPS": 2945,
        "PE": 3.9,
        "Book Price": 9.6
      }
    },
    {
      "quarter": "Q3 2016",
      "income status": {
        "Net sales": 86878,
        "Cost of goods sold": 75221,
        "Gross Profit": 11657,
        "Financial expenses": 1343,
        "Of which: Interest expense": 1343,
        "Cost of sales": 284,
        "Enterprise cost management": 4030,
        "Total Operating Expenses": 5657,
        "Total revenue financing activities": 638,
        "Net profit from business activities": 6638,
        "Profit": 4921,
        "Profit before tax": 11560,
        "Present corporate income tax expenses": 2381,
        "Deferred income taxes expenses": "N/A",
        "The interests of minority shareholders": "N/A",
        "Total Cost of profits": 2381,
        "Profit after tax corporate income": 9179,
        "Volume": 10817238,
        "Close of Quarter": 11.0,
        "EPS": 1855.6,
        "Non-adjusted EPS": 2635,
        "PE": 4.2,
        "Book Price": 9.7
      }
    },
    {
      "quarter": "Q2 2016",
      "income status": {
        "Net sales": 104251,
        "Cost of goods sold": 88662,
        "Gross Profit": 15589,
        "Financial expenses": 1406,
        "Of which: Interest expense": 1406,
        "Cost of sales": 254,
        "Enterprise cost management": 3863,
        "Total Operating Expenses": 5523,
        "Total revenue financing activities": 1317,
        "Net profit from business activities": 11382,
        "Profit": 208,
        "Profit before tax": 11590,
        "Present corporate income tax expenses": 2375,
        "Deferred income taxes expenses": "N/A",
        "The interests of minority shareholders": "N/A",
        "Total Cost of profits": 2375,
        "Profit after tax corporate income": 9214,
        "Volume": 10817238,
        "Close of Quarter": 8.9,
        "EPS": 1619.0,
        "Non-adjusted EPS": 2299,
        "PE": 3.9,
        "Book Price": 9.3
      }
    },
    {
      "quarter": "Q1 2016",
      "income status": {
        "Net sales": 98584,
        "Cost of goods sold": 84318,
        "Gross Profit": 14265,
        "Financial expenses": 1497,
        "Of which: Interest expense": 1497,
        "Cost of sales": 180,
        "Enterprise cost management": 3427,
        "Total Operating Expenses": 5104,
        "Total revenue financing activities": 309,
        "Net profit from business activities": 9471,
        "Profit": -438,
        "Profit before tax": 9033,
        "Present corporate income tax expenses": 1873,
        "Deferred income taxes expenses": "N/A",
        "The interests of minority shareholders": "N/A",
        "Total Cost of profits": 1873,
        "Profit after tax corporate income": 7160,
        "Volume": 10817238,
        "Close of Quarter": 8.8,
        "EPS": 1373.2,
        "Non-adjusted EPS": 1950,
        "PE": 4.5,
        "Book Price": 8.9
      }
    },
    {
      "quarter": "Q4 2015",
      "income status": {
        "Net sales": 84467,
        "Cost of goods sold": 76183,
        "Gross Profit": 8284,
        "Financial expenses": 1803,
        "Of which: Interest expense": 1712,
        "Cost of sales": "N/A",
        "Enterprise cost management": 3794,
        "Total Operating Expenses": 5597,
        "Total revenue financing activities": 736,
        "Net profit from business activities": 3422,
        "Profit": 423,
        "Profit before tax": 3845,
        "Present corporate income tax expenses": 898,
        "Deferred income taxes expenses": "N/A",
        "The interests of minority shareholders": "N/A",
        "Total Cost of profits": 898,
        "Profit after tax corporate income": 2947,
        "Volume": 10817238,
        "Close of Quarter": 8.1,
        "EPS": 1212.0,
        "Non-adjusted EPS": 1721,
        "PE": 4.7,
        "Book Price": 8.4
      }
    },
    {
      "quarter": "Q3 2015",
      "income status": {
        "Net sales": 94578,
        "Cost of goods sold": 81304,
        "Gross Profit": 13274,
        "Financial expenses": 3961,
        "Of which: Interest expense": 1805,
        "Cost of sales": "N/A",
        "Enterprise cost management": 3629,
        "Total Operating Expenses": 7590,
        "Total revenue financing activities": 525,
        "Net profit from business activities": 6208,
        "Profit": 951,
        "Profit before tax": 7159,
        "Present corporate income tax expenses": 1614,
        "Deferred income taxes expenses": "N/A",
        "The interests of minority shareholders": "N/A",
        "Total Cost of profits": 1614,
        "Profit after tax corporate income": 5545,
        "Volume": 10817238,
        "Close of Quarter": 6.8,
        "EPS": 1328.2,
        "Non-adjusted EPS": 1886,
        "PE": 3.6,
        "Book Price": 8.8
      }
    },
    {
      "quarter": "Q2 2015",
      "income status": {
        "Net sales": 100893,
        "Cost of goods sold": 87917,
        "Gross Profit": 12976,
        "Financial expenses": 2763,
        "Of which: Interest expense": 1910,
        "Cost of sales": "N/A",
        "Enterprise cost management": 3666,
        "Total Operating Expenses": 6429,
        "Total revenue financing activities": 376,
        "Net profit from business activities": 6923,
        "Profit": 105,
        "Profit before tax": 7027,
        "Present corporate income tax expenses": 1584,
        "Deferred income taxes expenses": "N/A",
        "The interests of minority shareholders": "N/A",
        "Total Cost of profits": 1584,
        "Profit after tax corporate income": 5444,
        "Volume": 10817238,
        "Close of Quarter": 6.4,
        "EPS": 1216.2,
        "Non-adjusted EPS": 1727,
        "PE": 3.7,
        "Book Price": 8.5
      }
    },
    {
      "quarter": "Q1 2015",
      "income status": {
        "Net sales": 93511,
        "Cost of goods sold": 81813,
        "Gross Profit": 11698,
        "Financial expenses": 2543,
        "Of which: Interest expense": 1955,
        "Cost of sales": "N/A",
        "Enterprise cost management": 3473,
        "Total Operating Expenses": 6016,
        "Total revenue financing activities": 187,
        "Net profit from business activities": 5869,
        "Profit": 195,
        "Profit before tax": 6064,
        "Present corporate income tax expenses": 1387,
        "Deferred income taxes expenses": "N/A",
        "The interests of minority shareholders": "N/A",
        "Total Cost of profits": 1387,
        "Profit after tax corporate income": 4677,
        "Volume": 10817238,
        "Close of Quarter": 6.0,
        "EPS": 1112.0,
        "Non-adjusted EPS": 1579,
        "PE": 3.8,
        "Book Price": 8.6
      }
    },
    {
      "quarter": "Q4 2014",
      "income status": {
        "Net sales": 93238,
        "Cost of goods sold": 80435,
        "Gross Profit": 12803,
        "Financial expenses": 2529,
        "Of which: Interest expense": 2062,
        "Cost of sales": "N/A",
        "Enterprise cost management": 4172,
        "Total Operating Expenses": 6701,
        "Total revenue financing activities": 219,
        "Net profit from business activities": 6320,
        "Profit": 40,
        "Profit before tax": 6360,
        "Present corporate income tax expenses": 1624,
        "Deferred income taxes expenses": "N/A",
        "The interests of minority shareholders": "N/A",
        "Total Cost of profits": 1624,
        "Profit after tax corporate income": 4737,
        "Volume": 10817238,
        "Close of Quarter": 5.8,
        "EPS": 996.5,
        "Non-adjusted EPS": 1415,
        "PE": 4.1,
        "Book Price": 8.3
      }
    },
    {
      "quarter": "Q3 2014",
      "income status": {
        "Net sales": 97247,
        "Cost of goods sold": 90855,
        "Gross Profit": 6391,
        "Financial expenses": 2035,
        "Of which: Interest expense": 2024,
        "Cost of sales": 75,
        "Enterprise cost management": 3490,
        "Total Operating Expenses": 5600,
        "Total revenue financing activities": 135,
        "Net profit from business activities": 927,
        "Profit": 4034,
        "Profit before tax": 4961,
        "Present corporate income tax expenses": 1138,
        "Deferred income taxes expenses": "N/A",
        "The interests of minority shareholders": "N/A",
        "Total Cost of profits": 1138,
        "Profit after tax corporate income": 3823,
        "Volume": 10817238,
        "Close of Quarter": 5.5,
        "EPS": 871.1,
        "Non-adjusted EPS": 1237,
        "PE": 4.4,
        "Book Price": 8.2
      }
    },
    {
      "quarter": "Q2 2014",
      "income status": {
        "Net sales": 91867,
        "Cost of goods sold": 82238,
        "Gross Profit": 9629,
        "Financial expenses": 2067,
        "Of which: Interest expense": 1353,
        "Cost of sales": 99,
        "Enterprise cost management": 3231,
        "Total Operating Expenses": 5397,
        "Total revenue financing activities": 390,
        "Net profit from business activities": 4621,
        "Profit": 362,
        "Profit before tax": 4983,
        "Present corporate income tax expenses": 1137,
        "Deferred income taxes expenses": "N/A",
        "The interests of minority shareholders": "N/A",
        "Total Cost of profits": 1137,
        "Profit after tax corporate income": 3847,
        "Volume": 9659902,
        "Close of Quarter": 5.4,
        "EPS": 842.1,
        "Non-adjusted EPS": 1339,
        "PE": 4.1,
        "Book Price": 8.1
      }
    },
    {
      "quarter": "Q1 2014",
      "income status": {
        "Net sales": 89190,
        "Cost of goods sold": 81806,
        "Gross Profit": 7384,
        "Financial expenses": 1462,
        "Of which: Interest expense": 1458,
        "Cost of sales": 136,
        "Enterprise cost management": 3026,
        "Total Operating Expenses": 4624,
        "Total revenue financing activities": 239,
        "Net profit from business activities": 2999,
        "Profit": 779,
        "Profit before tax": 3778,
        "Present corporate income tax expenses": 876,
        "Deferred income taxes expenses": "N/A",
        "The interests of minority shareholders": "N/A",
        "Total Cost of profits": 876,
        "Profit after tax corporate income": 2901,
        "Volume": 9659902,
        "Close of Quarter": 5.8,
        "EPS": 625.7,
        "Non-adjusted EPS": 995,
        "PE": 5.8,
        "Book Price": 7.9
      }
    },
    {
      "quarter": "Q4 2013",
      "income status": {
        "Net sales": 97733,
        "Cost of goods sold": 89808,
        "Gross Profit": 7925,
        "Financial expenses": 1482,
        "Of which: Interest expense": 1546,
        "Cost of sales": 353,
        "Enterprise cost management": 2856,
        "Total Operating Expenses": 4691,
        "Total revenue financing activities": 268,
        "Net profit from business activities": 3502,
        "Profit": 314,
        "Profit before tax": 3817,
        "Present corporate income tax expenses": 1005,
        "Deferred income taxes expenses": "N/A",
        "The interests of minority shareholders": "N/A",
        "Total Cost of profits": 1005,
        "Profit after tax corporate income": 2812,
        "Volume": 9659902,
        "Close of Quarter": 4.8,
        "EPS": 732.0,
        "Non-adjusted EPS": 1164,
        "PE": 4.1,
        "Book Price": 7.7
      }
    },
    {
      "quarter": "Q3 2013",
      "income status": {
        "Net sales": 85998,
        "Cost of goods sold": 78175,
        "Gross Profit": 7822,
        "Financial expenses": 1568,
        "Of which: Interest expense": 1566,
        "Cost of sales": 457,
        "Enterprise cost management": 2742,
        "Total Operating Expenses": 4767,
        "Total revenue financing activities": 95,
        "Net profit from business activities": 3150,
        "Profit": 1428,
        "Profit before tax": 4578,
        "Present corporate income tax expenses": 1199,
        "Deferred income taxes expenses": "N/A",
        "The interests of minority shareholders": "N/A",
        "Total Cost of profits": 1199,
        "Profit after tax corporate income": 3379,
        "Volume": 9659902,
        "Close of Quarter": 4.2,
        "EPS": 814.4,
        "Non-adjusted EPS": 1295,
        "PE": 3.3,
        "Book Price": 7.5
      }
    },
    {
      "quarter": "Q2 2013",
      "income status": {
        "Net sales": 91074,
        "Cost of goods sold": 85762,
        "Gross Profit": 5312,
        "Financial expenses": 2264,
        "Of which: Interest expense": 1156,
        "Cost of sales": 464,
        "Enterprise cost management": 2996,
        "Total Operating Expenses": 5724,
        "Total revenue financing activities": 259,
        "Net profit from business activities": -152,
        "Profit": 570,
        "Profit before tax": 418,
        "Present corporate income tax expenses": -101,
        "Deferred income taxes expenses": "N/A",
        "The interests of minority shareholders": "N/A",
        "Total Cost of profits": -101,
        "Profit after tax corporate income": 519,
        "Volume": 8400000,
        "Close of Quarter": 4.5,
        "EPS": 837.2,
        "Non-adjusted EPS": 1531,
        "PE": 2.9,
        "Book Price": 7.3
      }
    },
    {
      "quarter": "Q1 2013",
      "income status": {
        "Net sales": 80056,
        "Cost of goods sold": 73384,
        "Gross Profit": 6673,
        "Financial expenses": 39,
        "Of which: Interest expense": 31,
        "Cost of sales": 490,
        "Enterprise cost management": 2765,
        "Total Operating Expenses": 3294,
        "Total revenue financing activities": 761,
        "Net profit from business activities": 4139,
        "Profit": 1967,
        "Profit before tax": 6106,
        "Present corporate income tax expenses": 1574,
        "Deferred income taxes expenses": "N/A",
        "The interests of minority shareholders": "N/A",
        "Total Cost of profits": 1574,
        "Profit after tax corporate income": 4533,
        "Volume": 8400000,
        "Close of Quarter": 4.3,
        "EPS": 1003.5,
        "Non-adjusted EPS": 1835,
        "PE": 2.4,
        "Book Price": 7.4
      }
    },
    {
      "quarter": "Q4 2012",
      "income status": {
        "Net sales": 81316,
        "Cost of goods sold": 71754,
        "Gross Profit": 9562,
        "Financial expenses": 3,
        "Of which: Interest expense": "N/A",
        "Cost of sales": 617,
        "Enterprise cost management": 3935,
        "Total Operating Expenses": 4555,
        "Total revenue financing activities": 711,
        "Net profit from business activities": 5718,
        "Profit": 528,
        "Profit before tax": 6246,
        "Present corporate income tax expenses": 2168,
        "Deferred income taxes expenses": "N/A",
        "The interests of minority shareholders": "N/A",
        "Total Cost of profits": 2168,
        "Profit after tax corporate income": 4078,
        "Volume": 8400000,
        "Close of Quarter": 4.2,
        "EPS": 1001.3,
        "Non-adjusted EPS": 1831,
        "PE": 2.3,
        "Book Price": 7.1
      }
    },
    {
      "quarter": "Q3 2012",
      "income status": {
        "Net sales": 90446,
        "Cost of goods sold": 83293,
        "Gross Profit": 7153,
        "Financial expenses": 4,
        "Of which: Interest expense": "N/A",
        "Cost of sales": 557,
        "Enterprise cost management": 3527,
        "Total Operating Expenses": 4088,
        "Total revenue financing activities": 536,
        "Net profit from business activities": 3602,
        "Profit": 295,
        "Profit before tax": 3897,
        "Present corporate income tax expenses": 166,
        "Deferred income taxes expenses": "N/A",
        "The interests of minority shareholders": "N/A",
        "Total Cost of profits": 166,
        "Profit after tax corporate income": 3731,
        "Volume": 8400000,
        "Close of Quarter": 4.2,
        "EPS": 854.2,
        "Non-adjusted EPS": 1562,
        "PE": 2.7,
        "Book Price": 6.8
      }
    },
    {
      "quarter": "Q2 2012",
      "income status": {
        "Net sales": 94437,
        "Cost of goods sold": 87782,
        "Gross Profit": 6655,
        "Financial expenses": 6,
        "Of which: Interest expense": "N/A",
        "Cost of sales": 540,
        "Enterprise cost management": 2928,
        "Total Operating Expenses": 3474,
        "Total revenue financing activities": 956,
        "Net profit from business activities": 4136,
        "Profit": 41,
        "Profit before tax": 4177,
        "Present corporate income tax expenses": 1107,
        "Deferred income taxes expenses": "N/A",
        "The interests of minority shareholders": "N/A",
        "Total Cost of profits": 1107,
        "Profit after tax corporate income": 3070,
        "Volume": 8400000,
        "Close of Quarter": 4.1,
        "EPS": 839.4,
        "Non-adjusted EPS": 1535,
        "PE": 2.7,
        "Book Price": 6.6
      }
    },
    {
      "quarter": "Q1 2012",
      "income status": {
        "Net sales": 97888,
        "Cost of goods sold": 89357,
        "Gross Profit": 8531,
        "Financial expenses": 6,
        "Of which: Interest expense": "N/A",
        "Cost of sales": 586,
        "Enterprise cost management": 2825,
        "Total Operating Expenses": 3417,
        "Total revenue financing activities": 944,
        "Net profit from business activities": 6058,
        "Profit": 35,
        "Profit before tax": 6093,
        "Present corporate income tax expenses": 1589,
        "Deferred income taxes expenses": "N/A",
        "The interests of minority shareholders": "N/A",
        "Total Cost of profits": 1589,
        "Profit after tax corporate income": 4504,
        "Volume": 8400000,
        "Close of Quarter": 3.3,
        "EPS": 870.1,
        "Non-adjusted EPS": 1591,
        "PE": 2.1,
        "Book Price": 6.8
      }
    },
    {
      "quarter": "Q4 2011",
      "income status": {
        "Net sales": 85100,
        "Cost of goods sold": 80817,
        "Gross Profit": 4283,
        "Financial expenses": 2,
        "Of which: Interest expense": "N/A",
        "Cost of sales": 551,
        "Enterprise cost management": 3518,
        "Total Operating Expenses": 4071,
        "Total revenue financing activities": 2275,
        "Net profit from business activities": 2487,
        "Profit": 482,
        "Profit before tax": 2969,
        "Present corporate income tax expenses": 1397,
        "Deferred income taxes expenses": -246,
        "The interests of minority shareholders": "N/A",
        "Total Cost of profits": 1151,
        "Profit after tax corporate income": 1818,
        "Volume": 8400000,
        "Close of Quarter": 2.7,
        "EPS": 833.4,
        "Non-adjusted EPS": 1524,
        "PE": 1.7,
        "Book Price": 6.5
      }
    },
    {
      "quarter": "Q3 2011",
      "income status": {
        "Net sales": 86038,
        "Cost of goods sold": 79136,
        "Gross Profit": 6902,
        "Financial expenses": 6,
        "Of which: Interest expense": "N/A",
        "Cost of sales": 633,
        "Enterprise cost management": 2748,
        "Total Operating Expenses": 3387,
        "Total revenue financing activities": 1523,
        "Net profit from business activities": 5037,
        "Profit": -520,
        "Profit before tax": 4517,
        "Present corporate income tax expenses": 1018,
        "Deferred income taxes expenses": "N/A",
        "The interests of minority shareholders": "N/A",
        "Total Cost of profits": 1018,
        "Profit after tax corporate income": 3499,
        "Volume": 8400000,
        "Close of Quarter": 2.6,
        "EPS": 836.2,
        "Non-adjusted EPS": 1529,
        "PE": 1.7,
        "Book Price": 6.7
      }
    },
    {
      "quarter": "Q2 2011",
      "income status": {
        "Net sales": 118996,
        "Cost of goods sold": 105391,
        "Gross Profit": 13605,
        "Financial expenses": -478,
        "Of which: Interest expense": "N/A",
        "Cost of sales": 651,
        "Enterprise cost management": 2740,
        "Total Operating Expenses": 2913,
        "Total revenue financing activities": 1379,
        "Net profit from business activities": 12072,
        "Profit": -7275,
        "Profit before tax": 4796,
        "Present corporate income tax expenses": 1251,
        "Deferred income taxes expenses": "N/A",
        "The interests of minority shareholders": "N/A",
        "Total Cost of profits": 1251,
        "Profit after tax corporate income": 3545,
        "Volume": 8400000,
        "Close of Quarter": 2.6,
        "EPS": 753.6,
        "Non-adjusted EPS": 1378,
        "PE": 1.9,
        "Book Price": 6.5
      }
    },
    {
      "quarter": "Q1 2011",
      "income status": {
        "Net sales": 91517,
        "Cost of goods sold": 81912,
        "Gross Profit": 9604,
        "Financial expenses": 561,
        "Of which: Interest expense": 544,
        "Cost of sales": 535,
        "Enterprise cost management": 2895,
        "Total Operating Expenses": 3991,
        "Total revenue financing activities": 582,
        "Net profit from business activities": 6194,
        "Profit": -864,
        "Profit before tax": 5330,
        "Present corporate income tax expenses": 1390,
        "Deferred income taxes expenses": "N/A",
        "The interests of minority shareholders": "N/A",
        "Total Cost of profits": 1390,
        "Profit after tax corporate income": 3941,
        "Volume": 8400000,
        "Close of Quarter": 2.8,
        "EPS": 716.9,
        "Non-adjusted EPS": 1311,
        "PE": 2.2,
        "Book Price": 6.8
      }
    },
    {
      "quarter": "Q4 2010",
      "income status": {
        "Net sales": 72541,
        "Cost of goods sold": 63936,
        "Gross Profit": 8605,
        "Financial expenses": 675,
        "Of which: Interest expense": 614,
        "Cost of sales": 615,
        "Enterprise cost management": 3337,
        "Total Operating Expenses": 4627,
        "Total revenue financing activities": 884,
        "Net profit from business activities": 4863,
        "Profit": -1256,
        "Profit before tax": 3606,
        "Present corporate income tax expenses": 1744,
        "Deferred income taxes expenses": "N/A",
        "The interests of minority shareholders": "N/A",
        "Total Cost of profits": 1744,
        "Profit after tax corporate income": 1862,
        "Volume": 8400000,
        "Close of Quarter": 3.4,
        "EPS": 661.7,
        "Non-adjusted EPS": 1210,
        "PE": 2.8,
        "Book Price": 6.5
      }
    },
    {
      "quarter": "Q3 2010",
      "income status": {
        "Net sales": 73002,
        "Cost of goods sold": 67520,
        "Gross Profit": 5482,
        "Financial expenses": 614,
        "Of which: Interest expense": "N/A",
        "Cost of sales": 623,
        "Enterprise cost management": 3237,
        "Total Operating Expenses": 4474,
        "Total revenue financing activities": 580,
        "Net profit from business activities": 1588,
        "Profit": 1415,
        "Profit before tax": 3003,
        "Present corporate income tax expenses": 774,
        "Deferred income taxes expenses": "N/A",
        "The interests of minority shareholders": "N/A",
        "Total Cost of profits": 774,
        "Profit after tax corporate income": 2229,
        "Volume": 8400000,
        "Close of Quarter": 3.8,
        "EPS": 714.7,
        "Non-adjusted EPS": 1307,
        "PE": 2.9,
        "Book Price": 6.4
      }
    },
    {
      "quarter": "Q2 2010",
      "income status": {
        "Net sales": 83594,
        "Cost of goods sold": 76836,
        "Gross Profit": 6757,
        "Financial expenses": 457,
        "Of which: Interest expense": "N/A",
        "Cost of sales": 857,
        "Enterprise cost management": 3127,
        "Total Operating Expenses": 4441,
        "Total revenue financing activities": 763,
        "Net profit from business activities": 3080,
        "Profit": 946,
        "Profit before tax": 4026,
        "Present corporate income tax expenses": 1049,
        "Deferred income taxes expenses": "N/A",
        "The interests of minority shareholders": "N/A",
        "Total Cost of profits": 1049,
        "Profit after tax corporate income": 2977,
        "Volume": 8400000,
        "Close of Quarter": 4.7,
        "EPS": 707.6,
        "Non-adjusted EPS": 1294,
        "PE": 3.6,
        "Book Price": 6.3
      }
    },
    {
      "quarter": "Q1 2010",
      "income status": {
        "Net sales": 88219,
        "Cost of goods sold": 82047,
        "Gross Profit": 6172,
        "Financial expenses": 496,
        "Of which: Interest expense": "N/A",
        "Cost of sales": 943,
        "Enterprise cost management": 2580,
        "Total Operating Expenses": 4019,
        "Total revenue financing activities": 2022,
        "Net profit from business activities": 4174,
        "Profit": -4,
        "Profit before tax": 4170,
        "Present corporate income tax expenses": 1077,
        "Deferred income taxes expenses": "N/A",
        "The interests of minority shareholders": "N/A",
        "Total Cost of profits": 1077,
        "Profit after tax corporate income": 3093,
        "Volume": 8400000,
        "Close of Quarter": 3.9,
        "EPS": 618.0,
        "Non-adjusted EPS": 1130,
        "PE": 3.4,
        "Book Price": 6.5
      }
    },
    {
      "quarter": "Q4 2009",
      "income status": {
        "Net sales": 72489,
        "Cost of goods sold": 67973,
        "Gross Profit": 4516,
        "Financial expenses": 607,
        "Of which: Interest expense": "N/A",
        "Cost of sales": 896,
        "Enterprise cost management": 470,
        "Total Operating Expenses": 1973,
        "Total revenue financing activities": 711,
        "Net profit from business activities": 3254,
        "Profit": -15,
        "Profit before tax": 3239,
        "Present corporate income tax expenses": 562,
        "Deferred income taxes expenses": "N/A",
        "The interests of minority shareholders": "N/A",
        "Total Cost of profits": 562,
        "Profit after tax corporate income": 2677,
        "Volume": 8400000,
        "Close of Quarter": 4.2,
        "EPS": 512.4,
        "Non-adjusted EPS": 937,
        "PE": 4.5,
        "Book Price": 6.3
      }
    },
    {
      "quarter": "Q3 2009",
      "income status": {
        "Net sales": 74611,
        "Cost of goods sold": 67790,
        "Gross Profit": 6821,
        "Financial expenses": 972,
        "Of which: Interest expense": 815,
        "Cost of sales": 914,
        "Enterprise cost management": 2710,
        "Total Operating Expenses": 4596,
        "Total revenue financing activities": 384,
        "Net profit from business activities": 2608,
        "Profit": -7,
        "Profit before tax": 2601,
        "Present corporate income tax expenses": 482,
        "Deferred income taxes expenses": "N/A",
        "The interests of minority shareholders": "N/A",
        "Total Cost of profits": 482,
        "Profit after tax corporate income": 2120,
        "Volume": 8400000,
        "Close of Quarter": 5,
        "EPS": -257.6,
        "Non-adjusted EPS": -471,
        "PE": -10.6,
        "Book Price": 6.1
      }
    },
    {
      "quarter": "Q2 2009",
      "income status": {
        "Net sales": 76555,
        "Cost of goods sold": 71875,
        "Gross Profit": 4680,
        "Financial expenses": 1396,
        "Of which: Interest expense": "N/A",
        "Cost of sales": 998,
        "Enterprise cost management": 2419,
        "Total Operating Expenses": 4813,
        "Total revenue financing activities": 1587,
        "Net profit from business activities": 1454,
        "Profit": 279,
        "Profit before tax": 1733,
        "Present corporate income tax expenses": 130,
        "Deferred income taxes expenses": "N/A",
        "The interests of minority shareholders": "N/A",
        "Total Cost of profits": 130,
        "Profit after tax corporate income": 1603,
        "Volume": 7000000,
        "Close of Quarter": 4.6,
        "EPS": -123.5,
        "Non-adjusted EPS": -271,
        "PE": -17.1,
        "Book Price": 6.1
      }
    },
    {
      "quarter": "Q1 2009",
      "income status": {
        "Net sales": 114361,
        "Cost of goods sold": 107095,
        "Gross Profit": 7266,
        "Financial expenses": 1703,
        "Of which: Interest expense": 2965,
        "Cost of sales": 1666,
        "Enterprise cost management": 2632,
        "Total Operating Expenses": 6001,
        "Total revenue financing activities": 724,
        "Net profit from business activities": 1988,
        "Profit": -6,
        "Profit before tax": 1982,
        "Present corporate income tax expenses": 511,
        "Deferred income taxes expenses": "N/A",
        "The interests of minority shareholders": "N/A",
        "Total Cost of profits": 511,
        "Profit after tax corporate income": 1472,
        "Volume": 7000000,
        "Close of Quarter": 2.7,
        "EPS": -1.4,
        "Non-adjusted EPS": -3,
        "PE": -883.3,
        "Book Price": 6.0
      }
    },
    {
      "quarter": "Q4 2008",
      "income status": {
        "Net sales": 108029,
        "Cost of goods sold": 112113,
        "Gross Profit": -4084,
        "Financial expenses": 2521,
        "Of which: Interest expense": 1584,
        "Cost of sales": -323,
        "Enterprise cost management": 7680,
        "Total Operating Expenses": 9878,
        "Total revenue financing activities": 4372,
        "Net profit from business activities": -9590,
        "Profit": 160,
        "Profit before tax": -9430,
        "Present corporate income tax expenses": -280,
        "Deferred income taxes expenses": "N/A",
        "The interests of minority shareholders": "N/A",
        "Total Cost of profits": -280,
        "Profit after tax corporate income": -9150,
        "Volume": 7000000,
        "Close of Quarter": 3.6,
        "EPS": 327.2,
        "Non-adjusted EPS": 718,
        "PE": 5.0,
        "Book Price": 5.8
      }
    },
    {
      "quarter": "Q3 2008",
      "income status": {
        "Net sales": 192698,
        "Cost of goods sold": 178895,
        "Gross Profit": 13803,
        "Financial expenses": 7079,
        "Of which: Interest expense": 3269,
        "Cost of sales": 3909,
        "Enterprise cost management": 3421,
        "Total Operating Expenses": 14409,
        "Total revenue financing activities": 5649,
        "Net profit from business activities": 5043,
        "Profit": -183,
        "Profit before tax": 4860,
        "Present corporate income tax expenses": 683,
        "Deferred income taxes expenses": "N/A",
        "The interests of minority shareholders": "N/A",
        "Total Cost of profits": 683,
        "Profit after tax corporate income": 4177,
        "Volume": 7000000,
        "Close of Quarter": 4.5,
        "EPS": 948.3,
        "Non-adjusted EPS": 2081,
        "PE": 2.2,
        "Book Price": 6.4
      }
    },
    {
      "quarter": "Q2 2008",
      "income status": {
        "Net sales": 245713,
        "Cost of goods sold": 231608,
        "Gross Profit": 14105,
        "Financial expenses": 8685,
        "Of which: Interest expense": 3739,
        "Cost of sales": 3498,
        "Enterprise cost management": 3014,
        "Total Operating Expenses": 15197,
        "Total revenue financing activities": 5189,
        "Net profit from business activities": 4097,
        "Profit": -47,
        "Profit before tax": 4050,
        "Present corporate income tax expenses": 567,
        "Deferred income taxes expenses": "N/A",
        "The interests of minority shareholders": "N/A",
        "Total Cost of profits": 567,
        "Profit after tax corporate income": 3483,
        "Volume": 7000000,
        "Close of Quarter": 3.7,
        "EPS": 911.4,
        "Non-adjusted EPS": 2000,
        "PE": 1.9,
        "Book Price": 6.2
      }
    },
    {
      "quarter": "Q1 2008",
      "income status": {
        "Net sales": 254244,
        "Cost of goods sold": 240042,
        "Gross Profit": 14202,
        "Financial expenses": 3168,
        "Of which: Interest expense": 1734,
        "Cost of sales": 2595,
        "Enterprise cost management": 2618,
        "Total Operating Expenses": 8381,
        "Total revenue financing activities": 1666,
        "Net profit from business activities": 7486,
        "Profit": 85,
        "Profit before tax": 7571,
        "Present corporate income tax expenses": 1058,
        "Deferred income taxes expenses": "N/A",
        "The interests of minority shareholders": "N/A",
        "Total Cost of profits": 1058,
        "Profit after tax corporate income": 6513,
        "Volume": 7000000,
        "Close of Quarter": 5.7,
        "EPS": 910.5,
        "Non-adjusted EPS": 1998,
        "PE": 2.9,
        "Book Price": 6.3
      }
    },
    {
      "quarter": "Q4 2007",
      "income status": {
        "Net sales": 200491,
        "Cost of goods sold": 193915,
        "Gross Profit": 6576,
        "Financial expenses": 1257,
        "Of which: Interest expense": 1117,
        "Cost of sales": 2265,
        "Enterprise cost management": 2956,
        "Total Operating Expenses": 6478,
        "Total revenue financing activities": 780,
        "Net profit from business activities": 878,
        "Profit": -84,
        "Profit before tax": 794,
        "Present corporate income tax expenses": 403,
        "Deferred income taxes expenses": "N/A",
        "The interests of minority shareholders": "N/A",
        "Total Cost of profits": 403,
        "Profit after tax corporate income": 391,
        "Volume": 3500000,
        "Close of Quarter": 12.1,
        "EPS": 769.3,
        "Non-adjusted EPS": 3376,
        "PE": 3.6,
        "Book Price": 3.6
      }
    },
    {
      "quarter": "Q3 2007",
      "income status": {
        "Net sales": 188241,
        "Cost of goods sold": 178234,
        "Gross Profit": 10008,
        "Financial expenses": 1060,
        "Of which: Interest expense": 859,
        "Cost of sales": 2727,
        "Enterprise cost management": 2820,
        "Total Operating Expenses": 6607,
        "Total revenue financing activities": 610,
        "Net profit from business activities": 4010,
        "Profit": 58,
        "Profit before tax": 4068,
        "Present corporate income tax expenses": 457,
        "Deferred income taxes expenses": "N/A",
        "The interests of minority shareholders": "N/A",
        "Total Cost of profits": 457,
        "Profit after tax corporate income": 3611,
        "Volume": 3500000,
        "Close of Quarter": 11.6,
        "EPS": 836.0,
        "Non-adjusted EPS": 3669,
        "PE": 3.2,
        "Book Price": 3.6
      }
    },
    {
      "quarter": "Q2 2007",
      "income status": {
        "Net sales": 169352,
        "Cost of goods sold": 160603,
        "Gross Profit": 8749,
        "Financial expenses": 1222,
        "Of which: Interest expense": 596,
        "Cost of sales": 1940,
        "Enterprise cost management": 2272,
        "Total Operating Expenses": 5434,
        "Total revenue financing activities": 751,
        "Net profit from business activities": 4065,
        "Profit": 43,
        "Profit before tax": 4108,
        "Present corporate income tax expenses": 634,
        "Deferred income taxes expenses": "N/A",
        "The interests of minority shareholders": "N/A",
        "Total Cost of profits": 634,
        "Profit after tax corporate income": 3474,
        "Volume": 3500000,
        "Close of Quarter": 8.6,
        "EPS": 700.2,
        "Non-adjusted EPS": 3073,
        "PE": 2.8,
        "Book Price": 3.4
      }
    },
    {
      "quarter": "Q1 2007",
      "income status": {
        "Net sales": 174725,
        "Cost of goods sold": 165282,
        "Gross Profit": 9443,
        "Financial expenses": 7575,
        "Of which: Interest expense": 1080,
        "Cost of sales": 2915,
        "Enterprise cost management": 2186,
        "Total Operating Expenses": 12676,
        "Total revenue financing activities": 7476,
        "Net profit from business activities": 4243,
        "Profit": 96,
        "Profit before tax": 4339,
        "Present corporate income tax expenses": "N/A",
        "Deferred income taxes expenses": "N/A",
        "The interests of minority shareholders": "N/A",
        "Total Cost of profits": 0,
        "Profit after tax corporate income": 4339,
        "Volume": 3500000,
        "Close of Quarter": 10.8,
        "EPS": 620.9,
        "Non-adjusted EPS": 2725,
        "PE": 3.9,
        "Book Price": 3.2
      }
    },
    {
      "quarter": "Q4 2006",
      "income status": {
        "Net sales": 157676,
        "Cost of goods sold": 149846,
        "Gross Profit": 7830,
        "Financial expenses": 720,
        "Of which: Interest expense": 705,
        "Cost of sales": 3339,
        "Enterprise cost management": 2621,
        "Total Operating Expenses": 6680,
        "Total revenue financing activities": 600,
        "Net profit from business activities": 1750,
        "Profit": 221,
        "Profit before tax": 1971,
        "Present corporate income tax expenses": 552,
        "Deferred income taxes expenses": "N/A",
        "The interests of minority shareholders": "N/A",
        "Total Cost of profits": 552,
        "Profit after tax corporate income": 1419,
        "Volume": 3500000,
        "Close of Quarter": 7.9,
        "EPS": 466.2,
        "Non-adjusted EPS": 2046,
        "PE": 3.9,
        "Book Price": 3.2
      }
    },
    {
      "quarter": "Q3 2006",
      "income status": {
        "Net sales": 195948,
        "Cost of goods sold": 187736,
        "Gross Profit": 8211,
        "Financial expenses": 1083,
        "Of which: Interest expense": 1056,
        "Cost of sales": 3918,
        "Enterprise cost management": 1665,
        "Total Operating Expenses": 6666,
        "Total revenue financing activities": 261,
        "Net profit from business activities": 1806,
        "Profit": 39,
        "Profit before tax": 1844,
        "Present corporate income tax expenses": 322,
        "Deferred income taxes expenses": "N/A",
        "The interests of minority shareholders": "N/A",
        "Total Cost of profits": 322,
        "Profit after tax corporate income": 1522,
        "Volume": 3500000,
        "Close of Quarter": "N/A",
        "EPS": 373.7,
        "Non-adjusted EPS": 1640,
        "PE": "N/A",
        "Book Price": 3.3
      }
    },
    {
      "quarter": "Q2 2006",
      "income status": {
        "Net sales": 250977,
        "Cost of goods sold": 240585,
        "Gross Profit": 10391,
        "Financial expenses": 1085,
        "Of which: Interest expense": 409,
        "Cost of sales": 5477,
        "Enterprise cost management": 1523,
        "Total Operating Expenses": 8085,
        "Total revenue financing activities": 145,
        "Net profit from business activities": 2451,
        "Profit": 240,
        "Profit before tax": 2691,
        "Present corporate income tax expenses": 434,
        "Deferred income taxes expenses": "N/A",
        "The interests of minority shareholders": "N/A",
        "Total Cost of profits": 434,
        "Profit after tax corporate income": 2257,
        "Volume": 3500000,
        "Close of Quarter": "N/A",
        "EPS": 274.6,
        "Non-adjusted EPS": 1205,
        "PE": "N/A",
        "Book Price": "N/A"
      }
    },
    {
      "quarter": "Q1 2006",
      "income status": {
        "Net sales": 178477,
        "Cost of goods sold": 168190,
        "Gross Profit": 10287,
        "Financial expenses": 740,
        "Of which: Interest expense": 1345,
        "Cost of sales": 4890,
        "Enterprise cost management": 1249,
        "Total Operating Expenses": 6879,
        "Total revenue financing activities": 113,
        "Net profit from business activities": 3521,
        "Profit": -22,
        "Profit before tax": 3499,
        "Present corporate income tax expenses": 1537,
        "Deferred income taxes expenses": "N/A",
        "The interests of minority shareholders": "N/A",
        "Total Cost of profits": 1537,
        "Profit after tax corporate income": 1962,
        "Volume": 3500000,
        "Close of Quarter": "N/A",
        "EPS": 127.8,
        "Non-adjusted EPS": 561,
        "PE": "N/A",
        "Book Price": "N/A"
      }
    }
  ]
}