{
  "ticker": "TLG",
  "data": [
    {
      "quarter": "Q1 2017",
      "income status": {
        "Net sales": 536465,
        "Cost of goods sold": 338837,
        "Gross Profit": 197628,
        "Financial expenses": 3199,
        "Of which: Interest expense": 2486,
        "Cost of sales": 79731,
        "Enterprise cost management": 53714,
        "Total Operating Expenses": 136644,
        "Total revenue financing activities": 3933,
        "Net profit from business activities": 64917,
        "Profit": 4068,
        "Profit before tax": 68985,
        "Present corporate income tax expenses": 15246,
        "Deferred income taxes expenses": -701,
        "The interests of minority shareholders": "N/A",
        "Total Cost of profits": 14545,
        "Profit after tax corporate income": 54440,
        "Volume": 38312672,
        "Close of Quarter": 106.9,
        "EPS": 6416,
        "Non-adjusted EPS": 6416,
        "PE": 16.7,
        "Book Price": 25.2
      }
    },
    {
      "quarter": "Q4 2016",
      "income status": {
        "Net sales": 509651,
        "Cost of goods sold": 320282,
        "Gross Profit": 189370,
        "Financial expenses": 4233,
        "Of which: Interest expense": 2357,
        "Cost of sales": 78290,
        "Enterprise cost management": 71465,
        "Total Operating Expenses": 153988,
        "Total revenue financing activities": 7154,
        "Net profit from business activities": 42536,
        "Profit": 41,
        "Profit before tax": 42577,
        "Present corporate income tax expenses": 10890,
        "Deferred income taxes expenses": 6034,
        "The interests of minority shareholders": "N/A",
        "Total Cost of profits": 16924,
        "Profit after tax corporate income": 25652,
        "Volume": 38312672,
        "Close of Quarter": 101,
        "EPS": 6257,
        "Non-adjusted EPS": 6257,
        "PE": 16.1,
        "Book Price": 24.1
      }
    },
    {
      "quarter": "Q3 2016",
      "income status": {
        "Net sales": 603243,
        "Cost of goods sold": 360076,
        "Gross Profit": 243167,
        "Financial expenses": 2680,
        "Of which: Interest expense": 2313,
        "Cost of sales": 93297,
        "Enterprise cost management": 60382,
        "Total Operating Expenses": 156359,
        "Total revenue financing activities": 5516,
        "Net profit from business activities": 92324,
        "Profit": 2162,
        "Profit before tax": 94485,
        "Present corporate income tax expenses": 21856,
        "Deferred income taxes expenses": -4642,
        "The interests of minority shareholders": "N/A",
        "Total Cost of profits": 17214,
        "Profit after tax corporate income": 77271,
        "Volume": 38312672,
        "Close of Quarter": 104.5,
        "EPS": 6091,
        "Non-adjusted EPS": 6091,
        "PE": 17.2,
        "Book Price": 25
      }
    },
    {
      "quarter": "Q2 2016",
      "income status": {
        "Net sales": 620513,
        "Cost of goods sold": 376041,
        "Gross Profit": 244471,
        "Financial expenses": 4309,
        "Of which: Interest expense": 2820,
        "Cost of sales": 77025,
        "Enterprise cost management": 59992,
        "Total Operating Expenses": 141326,
        "Total revenue financing activities": 3768,
        "Net profit from business activities": 106914,
        "Profit": 2147,
        "Profit before tax": 109060,
        "Present corporate income tax expenses": 19956,
        "Deferred income taxes expenses": 644,
        "The interests of minority shareholders": "N/A",
        "Total Cost of profits": 20600,
        "Profit after tax corporate income": 88461,
        "Volume": 38312672,
        "Close of Quarter": 89.7,
        "EPS": 6119,
        "Non-adjusted EPS": 6119,
        "PE": 14.7,
        "Book Price": 23.4
      }
    },
    {
      "quarter": "Q1 2016",
      "income status": {
        "Net sales": 428909,
        "Cost of goods sold": 259226,
        "Gross Profit": 169683,
        "Financial expenses": 4746,
        "Of which: Interest expense": 3207,
        "Cost of sales": 61329,
        "Enterprise cost management": 46806,
        "Total Operating Expenses": 112881,
        "Total revenue financing activities": 3968,
        "Net profit from business activities": 60769,
        "Profit": -409,
        "Profit before tax": 60361,
        "Present corporate income tax expenses": 13228,
        "Deferred income taxes expenses": -1198,
        "The interests of minority shareholders": "N/A",
        "Total Cost of profits": 12030,
        "Profit after tax corporate income": 48331,
        "Volume": 38312672,
        "Close of Quarter": 65.8,
        "EPS": 5405,
        "Non-adjusted EPS": 5405,
        "PE": 12.2,
        "Book Price": 22.4
      }
    },
    {
      "quarter": "Q4 2015",
      "income status": {
        "Net sales": 460891,
        "Cost of goods sold": 289139,
        "Gross Profit": 171751,
        "Financial expenses": 5656,
        "Of which: Interest expense": 3143,
        "Cost of sales": 82841,
        "Enterprise cost management": 56036,
        "Total Operating Expenses": 144533,
        "Total revenue financing activities": 5218,
        "Net profit from business activities": 32437,
        "Profit": -37,
        "Profit before tax": 32400,
        "Present corporate income tax expenses": 6966,
        "Deferred income taxes expenses": 6133,
        "The interests of minority shareholders": "N/A",
        "Total Cost of profits": 13099,
        "Profit after tax corporate income": 19301,
        "Volume": 29471464,
        "Close of Quarter": 63.7,
        "EPS": 4877.0,
        "Non-adjusted EPS": 6340,
        "PE": 10.1,
        "Book Price": 21.4
      }
    },
    {
      "quarter": "Q3 2015",
      "income status": {
        "Net sales": 573105,
        "Cost of goods sold": 341717,
        "Gross Profit": 231388,
        "Financial expenses": 5298,
        "Of which: Interest expense": 2806,
        "Cost of sales": 81878,
        "Enterprise cost management": 45452,
        "Total Operating Expenses": 132628,
        "Total revenue financing activities": 5245,
        "Net profit from business activities": 104006,
        "Profit": -2353,
        "Profit before tax": 101653,
        "Present corporate income tax expenses": 21346,
        "Deferred income taxes expenses": 1965,
        "The interests of minority shareholders": "N/A",
        "Total Cost of profits": 23311,
        "Profit after tax corporate income": 78342,
        "Volume": 29471464,
        "Close of Quarter": 53.3,
        "EPS": 4897.0,
        "Non-adjusted EPS": 6366,
        "PE": 8.4,
        "Book Price": 21.7
      }
    },
    {
      "quarter": "Q2 2015",
      "income status": {
        "Net sales": 486912,
        "Cost of goods sold": 297294,
        "Gross Profit": 189618,
        "Financial expenses": 4649,
        "Of which: Interest expense": 2484,
        "Cost of sales": 65337,
        "Enterprise cost management": 47549,
        "Total Operating Expenses": 117535,
        "Total revenue financing activities": 3548,
        "Net profit from business activities": 75632,
        "Profit": 1957,
        "Profit before tax": 77589,
        "Present corporate income tax expenses": 18718,
        "Deferred income taxes expenses": -2242,
        "The interests of minority shareholders": "N/A",
        "Total Cost of profits": 16476,
        "Profit after tax corporate income": 61113,
        "Volume": 26792426,
        "Close of Quarter": 46.1,
        "EPS": 4367.2,
        "Non-adjusted EPS": 6245,
        "PE": 7.4,
        "Book Price": 19.9
      }
    },
    {
      "quarter": "Q1 2015",
      "income status": {
        "Net sales": 362834,
        "Cost of goods sold": 230836,
        "Gross Profit": 131998,
        "Financial expenses": 3511,
        "Of which: Interest expense": 2699,
        "Cost of sales": 55859,
        "Enterprise cost management": 38752,
        "Total Operating Expenses": 98122,
        "Total revenue financing activities": 3597,
        "Net profit from business activities": 37474,
        "Profit": 555,
        "Profit before tax": 38029,
        "Present corporate income tax expenses": 11052,
        "Deferred income taxes expenses": -1120,
        "The interests of minority shareholders": "N/A",
        "Total Cost of profits": 9932,
        "Profit after tax corporate income": 28098,
        "Volume": 26792426,
        "Close of Quarter": 37.2,
        "EPS": 3960.9,
        "Non-adjusted EPS": 5664,
        "PE": 6.6,
        "Book Price": 19.7
      }
    },
    {
      "quarter": "Q4 2014",
      "income status": {
        "Net sales": 371306,
        "Cost of goods sold": 235271,
        "Gross Profit": 136035,
        "Financial expenses": 3765,
        "Of which: Interest expense": 3048,
        "Cost of sales": 67065,
        "Enterprise cost management": 44119,
        "Total Operating Expenses": 114949,
        "Total revenue financing activities": 4001,
        "Net profit from business activities": 25088,
        "Profit": 411,
        "Profit before tax": 25499,
        "Present corporate income tax expenses": 5044,
        "Deferred income taxes expenses": 400,
        "The interests of minority shareholders": "N/A",
        "Total Cost of profits": 5444,
        "Profit after tax corporate income": 20055,
        "Volume": 26792426,
        "Close of Quarter": 34.6,
        "EPS": 3848.3,
        "Non-adjusted EPS": 5503,
        "PE": 6.3,
        "Book Price": 19.1
      }
    },
    {
      "quarter": "Q3 2014",
      "income status": {
        "Net sales": 496275,
        "Cost of goods sold": 311946,
        "Gross Profit": 184328,
        "Financial expenses": 3936,
        "Of which: Interest expense": 3666,
        "Cost of sales": 67498,
        "Enterprise cost management": 41379,
        "Total Operating Expenses": 112813,
        "Total revenue financing activities": 3311,
        "Net profit from business activities": 74825,
        "Profit": 789,
        "Profit before tax": 75614,
        "Present corporate income tax expenses": 19793,
        "Deferred income taxes expenses": -2238,
        "The interests of minority shareholders": "N/A",
        "Total Cost of profits": 17555,
        "Profit after tax corporate income": 58060,
        "Volume": 23297915,
        "Close of Quarter": 31.2,
        "EPS": 3652.3,
        "Non-adjusted EPS": 6006,
        "PE": 5.2,
        "Book Price": 19.0
      }
    },
    {
      "quarter": "Q2 2014",
      "income status": {
        "Net sales": 433490,
        "Cost of goods sold": 268213,
        "Gross Profit": 165277,
        "Financial expenses": 5515,
        "Of which: Interest expense": 4080,
        "Cost of sales": 63031,
        "Enterprise cost management": 44120,
        "Total Operating Expenses": 112666,
        "Total revenue financing activities": 2331,
        "Net profit from business activities": 54943,
        "Profit": 4458,
        "Profit before tax": 59401,
        "Present corporate income tax expenses": 19314,
        "Deferred income taxes expenses": -5448,
        "The interests of minority shareholders": "N/A",
        "Total Cost of profits": 13866,
        "Profit after tax corporate income": 45536,
        "Volume": 23297915,
        "Close of Quarter": 23.3,
        "EPS": 3209.6,
        "Non-adjusted EPS": 5278,
        "PE": 4.4,
        "Book Price": 17.7
      }
    },
    {
      "quarter": "Q1 2014",
      "income status": {
        "Net sales": 312506,
        "Cost of goods sold": 202023,
        "Gross Profit": 110482,
        "Financial expenses": 4191,
        "Of which: Interest expense": 4058,
        "Cost of sales": 44533,
        "Enterprise cost management": 33084,
        "Total Operating Expenses": 81808,
        "Total revenue financing activities": 1584,
        "Net profit from business activities": 30257,
        "Profit": 706,
        "Profit before tax": 30964,
        "Present corporate income tax expenses": 4624,
        "Deferred income taxes expenses": 2548,
        "The interests of minority shareholders": "N/A",
        "Total Cost of profits": 7172,
        "Profit after tax corporate income": 23792,
        "Volume": 23297915,
        "Close of Quarter": 25.3,
        "EPS": 2909.8,
        "Non-adjusted EPS": 4785,
        "PE": 5.3,
        "Book Price": 16.9
      }
    },
    {
      "quarter": "Q4 2013",
      "income status": {
        "Net sales": 324926,
        "Cost of goods sold": 218631,
        "Gross Profit": 106295,
        "Financial expenses": 4863,
        "Of which: Interest expense": 4527,
        "Cost of sales": 47073,
        "Enterprise cost management": 35424,
        "Total Operating Expenses": 87360,
        "Total revenue financing activities": 2097,
        "Net profit from business activities": 21033,
        "Profit": -381,
        "Profit before tax": 20652,
        "Present corporate income tax expenses": 1843,
        "Deferred income taxes expenses": 6279,
        "The interests of minority shareholders": "N/A",
        "Total Cost of profits": 8122,
        "Profit after tax corporate income": 12530,
        "Volume": 23297915,
        "Close of Quarter": 23.8,
        "EPS": 3032.0,
        "Non-adjusted EPS": 4986,
        "PE": 4.8,
        "Book Price": 16.4
      }
    },
    {
      "quarter": "Q3 2013",
      "income status": {
        "Net sales": 441665,
        "Cost of goods sold": 277360,
        "Gross Profit": 164305,
        "Financial expenses": 6456,
        "Of which: Interest expense": 5418,
        "Cost of sales": 55616,
        "Enterprise cost management": 41650,
        "Total Operating Expenses": 103722,
        "Total revenue financing activities": 2497,
        "Net profit from business activities": 63080,
        "Profit": 391,
        "Profit before tax": 63471,
        "Present corporate income tax expenses": 20832,
        "Deferred income taxes expenses": 1541,
        "The interests of minority shareholders": "N/A",
        "Total Cost of profits": 22373,
        "Profit after tax corporate income": 41098,
        "Volume": 21179970,
        "Close of Quarter": 20.7,
        "EPS": 2955.4,
        "Non-adjusted EPS": 5346,
        "PE": 3.9,
        "Book Price": 16.1
      }
    },
    {
      "quarter": "Q2 2013",
      "income status": {
        "Net sales": 349849,
        "Cost of goods sold": 214187,
        "Gross Profit": 135662,
        "Financial expenses": 7489,
        "Of which: Interest expense": 6147,
        "Cost of sales": 51278,
        "Enterprise cost management": 39703,
        "Total Operating Expenses": 98470,
        "Total revenue financing activities": 2532,
        "Net profit from business activities": 39725,
        "Profit": 2301,
        "Profit before tax": 42026,
        "Present corporate income tax expenses": 14042,
        "Deferred income taxes expenses": -6071,
        "The interests of minority shareholders": "N/A",
        "Total Cost of profits": 7971,
        "Profit after tax corporate income": 34055,
        "Volume": 21179970,
        "Close of Quarter": 15.3,
        "EPS": 2714.9,
        "Non-adjusted EPS": 4911,
        "PE": 3.1,
        "Book Price": 15.2
      }
    },
    {
      "quarter": "Q1 2013",
      "income status": {
        "Net sales": 289767,
        "Cost of goods sold": 178104,
        "Gross Profit": 111663,
        "Financial expenses": 6462,
        "Of which: Interest expense": 6532,
        "Cost of sales": 39026,
        "Enterprise cost management": 30232,
        "Total Operating Expenses": 75720,
        "Total revenue financing activities": 2596,
        "Net profit from business activities": 38538,
        "Profit": 364,
        "Profit before tax": 38902,
        "Present corporate income tax expenses": 7025,
        "Deferred income taxes expenses": 3397,
        "The interests of minority shareholders": "N/A",
        "Total Cost of profits": 10422,
        "Profit after tax corporate income": 28480,
        "Volume": 21179970,
        "Close of Quarter": 13.5,
        "EPS": 2570.1,
        "Non-adjusted EPS": 4649,
        "PE": 2.9,
        "Book Price": 15.0
      }
    },
    {
      "quarter": "Q4 2012",
      "income status": {
        "Net sales": 261308,
        "Cost of goods sold": 166371,
        "Gross Profit": 94937,
        "Financial expenses": 6696,
        "Of which: Interest expense": 7502,
        "Cost of sales": 39452,
        "Enterprise cost management": 38263,
        "Total Operating Expenses": 84411,
        "Total revenue financing activities": 3740,
        "Net profit from business activities": 14266,
        "Profit": -152,
        "Profit before tax": 14114,
        "Present corporate income tax expenses": 6478,
        "Deferred income taxes expenses": -1965,
        "The interests of minority shareholders": "N/A",
        "Total Cost of profits": 4513,
        "Profit after tax corporate income": 9601,
        "Volume": 21179970,
        "Close of Quarter": 9.1,
        "EPS": 2629.2,
        "Non-adjusted EPS": 4756,
        "PE": 1.9,
        "Book Price": 14.4
      }
    },
    {
      "quarter": "Q3 2012",
      "income status": {
        "Net sales": 346723,
        "Cost of goods sold": 214007,
        "Gross Profit": 132716,
        "Financial expenses": 10007,
        "Of which: Interest expense": 8405,
        "Cost of sales": 45840,
        "Enterprise cost management": 38584,
        "Total Operating Expenses": 94431,
        "Total revenue financing activities": 1597,
        "Net profit from business activities": 39881,
        "Profit": 780,
        "Profit before tax": 40662,
        "Present corporate income tax expenses": 12790,
        "Deferred income taxes expenses": -4008,
        "The interests of minority shareholders": "N/A",
        "Total Cost of profits": 8782,
        "Profit after tax corporate income": 31880,
        "Volume": 17650000,
        "Close of Quarter": 8,
        "EPS": 2739.7,
        "Non-adjusted EPS": 5947,
        "PE": 1.4,
        "Book Price": 14.2
      }
    },
    {
      "quarter": "Q2 2012",
      "income status": {
        "Net sales": 300871,
        "Cost of goods sold": 186483,
        "Gross Profit": 114388,
        "Financial expenses": 12048,
        "Of which: Interest expense": 10970,
        "Cost of sales": 35577,
        "Enterprise cost management": 32007,
        "Total Operating Expenses": 79632,
        "Total revenue financing activities": 1960,
        "Net profit from business activities": 36716,
        "Profit": -223,
        "Profit before tax": 36493,
        "Present corporate income tax expenses": 14509,
        "Deferred income taxes expenses": -6522,
        "The interests of minority shareholders": "N/A",
        "Total Cost of profits": 7987,
        "Profit after tax corporate income": 28506,
        "Volume": 17650000,
        "Close of Quarter": 7.8,
        "EPS": 2685.8,
        "Non-adjusted EPS": 5830,
        "PE": 1.3,
        "Book Price": 13.5
      }
    },
    {
      "quarter": "Q1 2012",
      "income status": {
        "Net sales": 306099,
        "Cost of goods sold": 188138,
        "Gross Profit": 117961,
        "Financial expenses": 11748,
        "Of which: Interest expense": 12921,
        "Cost of sales": 34217,
        "Enterprise cost management": 31673,
        "Total Operating Expenses": 77638,
        "Total revenue financing activities": 1131,
        "Net profit from business activities": 41454,
        "Profit": 3224,
        "Profit before tax": 44678,
        "Present corporate income tax expenses": 10113,
        "Deferred income taxes expenses": 3816,
        "The interests of minority shareholders": "N/A",
        "Total Cost of profits": 13929,
        "Profit after tax corporate income": 30750,
        "Volume": 17650000,
        "Close of Quarter": 6.4,
        "EPS": 2716.7,
        "Non-adjusted EPS": 5897,
        "PE": 1.1,
        "Book Price": 13.3
      }
    },
    {
      "quarter": "Q4 2011",
      "income status": {
        "Net sales": 253653,
        "Cost of goods sold": 156406,
        "Gross Profit": 97247,
        "Financial expenses": 16652,
        "Of which: Interest expense": 12843,
        "Cost of sales": 31596,
        "Enterprise cost management": 31506,
        "Total Operating Expenses": 79754,
        "Total revenue financing activities": 1866,
        "Net profit from business activities": 19360,
        "Profit": 1609,
        "Profit before tax": 20969,
        "Present corporate income tax expenses": 7675,
        "Deferred income taxes expenses": -538,
        "The interests of minority shareholders": "N/A",
        "Total Cost of profits": 7137,
        "Profit after tax corporate income": 13832,
        "Volume": 17650000,
        "Close of Quarter": 5.8,
        "EPS": 2521.8,
        "Non-adjusted EPS": 5474,
        "PE": 1.1,
        "Book Price": 12.4
      }
    },
    {
      "quarter": "Q3 2011",
      "income status": {
        "Net sales": 306228,
        "Cost of goods sold": 187374,
        "Gross Profit": 118854,
        "Financial expenses": 16806,
        "Of which: Interest expense": 11423,
        "Cost of sales": 37685,
        "Enterprise cost management": 28030,
        "Total Operating Expenses": 82521,
        "Total revenue financing activities": 2764,
        "Net profit from business activities": 39098,
        "Profit": 90,
        "Profit before tax": 84995,
        "Present corporate income tax expenses": 10007,
        "Deferred income taxes expenses": -625,
        "The interests of minority shareholders": "N/A",
        "Total Cost of profits": 9382,
        "Profit after tax corporate income": 29805,
        "Volume": 17650000,
        "Close of Quarter": 6.8,
        "EPS": 2562.3,
        "Non-adjusted EPS": 5562,
        "PE": 1.2,
        "Book Price": 12.2
      }
    },
    {
      "quarter": "Q2 2011",
      "income status": {
        "Net sales": 234843,
        "Cost of goods sold": 131210,
        "Gross Profit": 103633,
        "Financial expenses": 20114,
        "Of which: Interest expense": 10963,
        "Cost of sales": 33533,
        "Enterprise cost management": 30089,
        "Total Operating Expenses": 83736,
        "Total revenue financing activities": 3493,
        "Net profit from business activities": 43773,
        "Profit": 1093,
        "Profit before tax": 45607,
        "Present corporate income tax expenses": 6386,
        "Deferred income taxes expenses": 807,
        "The interests of minority shareholders": 5439,
        "Total Cost of profits": 12632,
        "Profit after tax corporate income": 29700,
        "Volume": 17650000,
        "Close of Quarter": 8.0,
        "EPS": 2473.9,
        "Non-adjusted EPS": 5370,
        "PE": 1.5,
        "Book Price": 11.4
      }
    },
    {
      "quarter": "Q1 2011",
      "income status": {
        "Net sales": 250734,
        "Cost of goods sold": 162270,
        "Gross Profit": 88464,
        "Financial expenses": 14994,
        "Of which: Interest expense": 7862,
        "Cost of sales": 29251,
        "Enterprise cost management": 26222,
        "Total Operating Expenses": 70467,
        "Total revenue financing activities": 2386,
        "Net profit from business activities": 20382,
        "Profit": 941,
        "Profit before tax": 21324,
        "Present corporate income tax expenses": 11028,
        "Deferred income taxes expenses": -9820,
        "The interests of minority shareholders": -3171,
        "Total Cost of profits": -1963,
        "Profit after tax corporate income": 23287,
        "Volume": 15500000,
        "Close of Quarter": 8.6,
        "EPS": 2057.6,
        "Non-adjusted EPS": 5086,
        "PE": 1.7,
        "Book Price": 10.8
      }
    },
    {
      "quarter": "Q4 2010",
      "income status": {
        "Net sales": 175645,
        "Cost of goods sold": 109543,
        "Gross Profit": 66102,
        "Financial expenses": 10763,
        "Of which: Interest expense": 7902,
        "Cost of sales": 19611,
        "Enterprise cost management": 20439,
        "Total Operating Expenses": 50813,
        "Total revenue financing activities": 2813,
        "Net profit from business activities": 18102,
        "Profit": 934,
        "Profit before tax": 19036,
        "Present corporate income tax expenses": 10246,
        "Deferred income taxes expenses": -5026,
        "The interests of minority shareholders": -1569,
        "Total Cost of profits": 3651,
        "Profit after tax corporate income": 15384,
        "Volume": 15500000,
        "Close of Quarter": 11.2,
        "EPS": 1849.7,
        "Non-adjusted EPS": 4572,
        "PE": 2.5,
        "Book Price": 10.2
      }
    },
    {
      "quarter": "Q3 2010",
      "income status": {
        "Net sales": 238850,
        "Cost of goods sold": 141915,
        "Gross Profit": 96935,
        "Financial expenses": 6564,
        "Of which: Interest expense": "N/A",
        "Cost of sales": 22351,
        "Enterprise cost management": 22075,
        "Total Operating Expenses": 50990,
        "Total revenue financing activities": -615,
        "Net profit from business activities": 45329,
        "Profit": 408,
        "Profit before tax": 45737,
        "Present corporate income tax expenses": 11641,
        "Deferred income taxes expenses": 6599,
        "The interests of minority shareholders": 1094,
        "Total Cost of profits": 19334,
        "Profit after tax corporate income": 26403,
        "Volume": 15500000,
        "Close of Quarter": 12.0,
        "EPS": 1789.0,
        "Non-adjusted EPS": 4422,
        "PE": 2.7,
        "Book Price": 10.2
      }
    },
    {
      "quarter": "Q2 2010",
      "income status": {
        "Net sales": 199929,
        "Cost of goods sold": 130312,
        "Gross Profit": 69617,
        "Financial expenses": 9867,
        "Of which: Interest expense": "N/A",
        "Cost of sales": 31866,
        "Enterprise cost management": 21905,
        "Total Operating Expenses": 63638,
        "Total revenue financing activities": 4267,
        "Net profit from business activities": 10246,
        "Profit": 1261,
        "Profit before tax": 11507,
        "Present corporate income tax expenses": 3123,
        "Deferred income taxes expenses": -6599,
        "The interests of minority shareholders": 1218,
        "Total Cost of profits": -2258,
        "Profit after tax corporate income": 13766,
        "Volume": 15500000,
        "Close of Quarter": 12.8,
        "EPS": 1613.8,
        "Non-adjusted EPS": 3989,
        "PE": 3.2,
        "Book Price": 9.7
      }
    },
    {
      "quarter": "Q1 2010",
      "income status": {
        "Net sales": 167421,
        "Cost of goods sold": 104882,
        "Gross Profit": 62538,
        "Financial expenses": 5740,
        "Of which: Interest expense": "N/A",
        "Cost of sales": 19528,
        "Enterprise cost management": 16896,
        "Total Operating Expenses": 42164,
        "Total revenue financing activities": 2422,
        "Net profit from business activities": 22797,
        "Profit": 608,
        "Profit before tax": 23404,
        "Present corporate income tax expenses": 6632,
        "Deferred income taxes expenses": 697,
        "The interests of minority shareholders": 765,
        "Total Cost of profits": 8094,
        "Profit after tax corporate income": 15311,
        "Volume": 15500000,
        "Close of Quarter": 12.6,
        "EPS": 1639.3,
        "Non-adjusted EPS": 4052,
        "PE": 3.1,
        "Book Price": 9.8
      }
    },
    {
      "quarter": "Q4 2009",
      "income status": {
        "Net sales": 146243,
        "Cost of goods sold": 85098,
        "Gross Profit": 61145,
        "Financial expenses": 10524,
        "Of which: Interest expense": "N/A",
        "Cost of sales": 22640,
        "Enterprise cost management": 16727,
        "Total Operating Expenses": 49891,
        "Total revenue financing activities": 5078,
        "Net profit from business activities": 16331,
        "Profit": -849,
        "Profit before tax": 15482,
        "Present corporate income tax expenses": 6147,
        "Deferred income taxes expenses": 1615,
        "The interests of minority shareholders": -2109,
        "Total Cost of profits": 5653,
        "Profit after tax corporate income": 13060,
        "Volume": 15500000,
        "Close of Quarter": "N/A",
        "EPS": 1523.2,
        "Non-adjusted EPS": 3765,
        "PE": "N/A",
        "Book Price": 9.4
      }
    },
    {
      "quarter": "Q3 2009",
      "income status": {
        "Net sales": 195336,
        "Cost of goods sold": 121039,
        "Gross Profit": 74297,
        "Financial expenses": 3349,
        "Of which: Interest expense": -6172,
        "Cost of sales": 28153,
        "Enterprise cost management": 16731,
        "Total Operating Expenses": 48233,
        "Total revenue financing activities": 4040,
        "Net profit from business activities": 30103,
        "Profit": -252,
        "Profit before tax": 29851,
        "Present corporate income tax expenses": 11303,
        "Deferred income taxes expenses": 623,
        "The interests of minority shareholders": -1773,
        "Total Cost of profits": 10153,
        "Profit after tax corporate income": 19699,
        "Volume": 15500000,
        "Close of Quarter": "N/A",
        "EPS": 1182.6,
        "Non-adjusted EPS": 2923,
        "PE": "N/A",
        "Book Price": 9.5
      }
    },
    {
      "quarter": "Q2 2009",
      "income status": {
        "Net sales": 160457,
        "Cost of goods sold": 104132,
        "Gross Profit": 56324,
        "Financial expenses": 3793,
        "Of which: Interest expense": 6172,
        "Cost of sales": 17319,
        "Enterprise cost management": 16254,
        "Total Operating Expenses": 37366,
        "Total revenue financing activities": 1446,
        "Net profit from business activities": 20405,
        "Profit": 324,
        "Profit before tax": 20728,
        "Present corporate income tax expenses": 7678,
        "Deferred income taxes expenses": "N/A",
        "The interests of minority shareholders": -1691,
        "Total Cost of profits": 5987,
        "Profit after tax corporate income": 14741,
        "Volume": 15500000,
        "Close of Quarter": "N/A",
        "EPS": 668.3,
        "Non-adjusted EPS": 1652,
        "PE": "N/A",
        "Book Price": "N/A"
      }
    },
    {
      "quarter": "Q1 2009",
      "income status": {
        "Net sales": 116474,
        "Cost of goods sold": 73479,
        "Gross Profit": 42994,
        "Financial expenses": 3874,
        "Of which: Interest expense": "N/A",
        "Cost of sales": 16526,
        "Enterprise cost management": 10498,
        "Total Operating Expenses": 30898,
        "Total revenue financing activities": 532,
        "Net profit from business activities": 12628,
        "Profit": 231,
        "Profit before tax": 12859,
        "Present corporate income tax expenses": 3820,
        "Deferred income taxes expenses": "N/A",
        "The interests of minority shareholders": -1822,
        "Total Cost of profits": 1998,
        "Profit after tax corporate income": 10861,
        "Volume": 15500000,
        "Close of Quarter": "N/A",
        "EPS": 283.6,
        "Non-adjusted EPS": 701,
        "PE": "N/A",
        "Book Price": "N/A"
      }
    }
  ]
}