{
  "ticker": "ASM",
  "data": [
    {
      "quarter": "Q1 2017",
      "income status": {
        "Net sales": 318046,
        "Cost of goods sold": 282287,
        "Gross Profit": 35758,
        "Financial expenses": 7680,
        "Of which: Interest expense": 12227,
        "Cost of sales": 11464,
        "Enterprise cost management": 32916,
        "Total Operating Expenses": 52060,
        "Total revenue financing activities": 24062,
        "Net profit from business activities": 17783,
        "Profit": 1397,
        "Profit before tax": 19180,
        "Present corporate income tax expenses": 4807,
        "Deferred income taxes expenses": -1429,
        "The interests of minority shareholders": 609,
        "Total Cost of profits": 3987,
        "Profit after tax corporate income": 15192,
        "Volume": 219939867,
        "Close of Quarter": 15.4,
        "EPS": 914,
        "Non-adjusted EPS": 914,
        "PE": 16.9,
        "Book Price": 12.1
      }
    },
    {
      "quarter": "Q4 2016",
      "income status": {
        "Net sales": 801403,
        "Cost of goods sold": 701642,
        "Gross Profit": 99760,
        "Financial expenses": 19450,
        "Of which: Interest expense": 23040,
        "Cost of sales": 31398,
        "Enterprise cost management": 37671,
        "Total Operating Expenses": 88519,
        "Total revenue financing activities": 4720,
        "Net profit from business activities": 18261,
        "Profit": 805,
        "Profit before tax": 19065,
        "Present corporate income tax expenses": 5224,
        "Deferred income taxes expenses": -1,
        "The interests of minority shareholders": -23697,
        "Total Cost of profits": -18474,
        "Profit after tax corporate income": 37540,
        "Volume": 219939867,
        "Close of Quarter": 14.7,
        "EPS": 967,
        "Non-adjusted EPS": 967,
        "PE": 15.2,
        "Book Price": 12.1
      }
    },
    {
      "quarter": "Q3 2016",
      "income status": {
        "Net sales": 572713,
        "Cost of goods sold": 419058,
        "Gross Profit": 153655,
        "Financial expenses": 13316,
        "Of which: Interest expense": 12987,
        "Cost of sales": 6323,
        "Enterprise cost management": 17559,
        "Total Operating Expenses": 37198,
        "Total revenue financing activities": 1837,
        "Net profit from business activities": 119560,
        "Profit": -998,
        "Profit before tax": 118562,
        "Present corporate income tax expenses": 22978,
        "Deferred income taxes expenses": "N/A",
        "The interests of minority shareholders": 83,
        "Total Cost of profits": 23061,
        "Profit after tax corporate income": 95502,
        "Volume": 219939867,
        "Close of Quarter": 15.7,
        "EPS": 950,
        "Non-adjusted EPS": 950,
        "PE": 16.5,
        "Book Price": 11.9
      }
    },
    {
      "quarter": "Q2 2016",
      "income status": {
        "Net sales": 247117,
        "Cost of goods sold": 179636,
        "Gross Profit": 67481,
        "Financial expenses": 6585,
        "Of which: Interest expense": 7905,
        "Cost of sales": 5839,
        "Enterprise cost management": 7606,
        "Total Operating Expenses": 20030,
        "Total revenue financing activities": -2039,
        "Net profit from business activities": 67186,
        "Profit": 672,
        "Profit before tax": 67858,
        "Present corporate income tax expenses": 18394,
        "Deferred income taxes expenses": -3224,
        "The interests of minority shareholders": -139,
        "Total Cost of profits": 15031,
        "Profit after tax corporate income": 52828,
        "Volume": 219939867,
        "Close of Quarter": 15.1,
        "EPS": 643,
        "Non-adjusted EPS": 643,
        "PE": 23.5,
        "Book Price": 11.4
      }
    },
    {
      "quarter": "Q1 2016",
      "income status": {
        "Net sales": 187969,
        "Cost of goods sold": 132599,
        "Gross Profit": 55370,
        "Financial expenses": 9966,
        "Of which: Interest expense": 6048,
        "Cost of sales": 5678,
        "Enterprise cost management": 24691,
        "Total Operating Expenses": 40335,
        "Total revenue financing activities": 5248,
        "Net profit from business activities": 31552,
        "Profit": -1885,
        "Profit before tax": 29667,
        "Present corporate income tax expenses": 4227,
        "Deferred income taxes expenses": -1724,
        "The interests of minority shareholders": 319,
        "Total Cost of profits": 2822,
        "Profit after tax corporate income": 26846,
        "Volume": 219939867,
        "Close of Quarter": 17,
        "EPS": 471,
        "Non-adjusted EPS": 471,
        "PE": 36.1,
        "Book Price": 11.2
      }
    },
    {
      "quarter": "Q4 2015",
      "income status": {
        "Net sales": 253295,
        "Cost of goods sold": 179057,
        "Gross Profit": 74238,
        "Financial expenses": 9290,
        "Of which: Interest expense": 968,
        "Cost of sales": 17316,
        "Enterprise cost management": 17134,
        "Total Operating Expenses": 43740,
        "Total revenue financing activities": 5648,
        "Net profit from business activities": 42416,
        "Profit": -529,
        "Profit before tax": 41887,
        "Present corporate income tax expenses": 7713,
        "Deferred income taxes expenses": "N/A",
        "The interests of minority shareholders": 493,
        "Total Cost of profits": 8206,
        "Profit after tax corporate income": 33681,
        "Volume": 219939867,
        "Close of Quarter": 16.5,
        "EPS": 394,
        "Non-adjusted EPS": 394,
        "PE": 41.9,
        "Book Price": 11.1
      }
    },
    {
      "quarter": "Q3 2015",
      "income status": {
        "Net sales": 263137,
        "Cost of goods sold": 209480,
        "Gross Profit": 53658,
        "Financial expenses": 4662,
        "Of which: Interest expense": 581,
        "Cost of sales": 3906,
        "Enterprise cost management": 12938,
        "Total Operating Expenses": 21506,
        "Total revenue financing activities": 496,
        "Net profit from business activities": 35496,
        "Profit": -1116,
        "Profit before tax": 34380,
        "Present corporate income tax expenses": 6725,
        "Deferred income taxes expenses": -2,
        "The interests of minority shareholders": -401,
        "Total Cost of profits": 6322,
        "Profit after tax corporate income": 28057,
        "Volume": 107287740,
        "Close of Quarter": 9.7,
        "EPS": 525.4,
        "Non-adjusted EPS": 1077,
        "PE": 9.0,
        "Book Price": 10.9
      }
    },
    {
      "quarter": "Q2 2015",
      "income status": {
        "Net sales": 218706,
        "Cost of goods sold": 182146,
        "Gross Profit": 36559,
        "Financial expenses": 4332,
        "Of which: Interest expense": 4071,
        "Cost of sales": 5798,
        "Enterprise cost management": 10858,
        "Total Operating Expenses": 20988,
        "Total revenue financing activities": 538,
        "Net profit from business activities": 19073,
        "Profit": 376,
        "Profit before tax": 19449,
        "Present corporate income tax expenses": 3767,
        "Deferred income taxes expenses": -2,
        "The interests of minority shareholders": 757,
        "Total Cost of profits": 4522,
        "Profit after tax corporate income": 14927,
        "Volume": 107287740,
        "Close of Quarter": 7.9,
        "EPS": 422.4,
        "Non-adjusted EPS": 866,
        "PE": 9.1,
        "Book Price": 5.9
      }
    },
    {
      "quarter": "Q1 2015",
      "income status": {
        "Net sales": 145478,
        "Cost of goods sold": 120549,
        "Gross Profit": 24929,
        "Financial expenses": 1827,
        "Of which: Interest expense": 6047,
        "Cost of sales": 5699,
        "Enterprise cost management": 10251,
        "Total Operating Expenses": 17777,
        "Total revenue financing activities": 5267,
        "Net profit from business activities": 10989,
        "Profit": 265,
        "Profit before tax": 11254,
        "Present corporate income tax expenses": 3493,
        "Deferred income taxes expenses": -1634,
        "The interests of minority shareholders": -629,
        "Total Cost of profits": 1230,
        "Profit after tax corporate income": 10024,
        "Volume": 107287740,
        "Close of Quarter": 8.1,
        "EPS": 442.4,
        "Non-adjusted EPS": 907,
        "PE": 8.9,
        "Book Price": 5.9
      }
    },
    {
      "quarter": "Q4 2014",
      "income status": {
        "Net sales": 720495,
        "Cost of goods sold": 584024,
        "Gross Profit": 136471,
        "Financial expenses": 28264,
        "Of which: Interest expense": 28166,
        "Cost of sales": 21208,
        "Enterprise cost management": 21711,
        "Total Operating Expenses": 71183,
        "Total revenue financing activities": 10291,
        "Net profit from business activities": 76760,
        "Profit": 236,
        "Profit before tax": 76996,
        "Present corporate income tax expenses": 14465,
        "Deferred income taxes expenses": 1,
        "The interests of minority shareholders": 3,
        "Total Cost of profits": 14469,
        "Profit after tax corporate income": 62527,
        "Volume": 107287740,
        "Close of Quarter": 8.2,
        "EPS": 432.2,
        "Non-adjusted EPS": 886,
        "PE": 9.2,
        "Book Price": 5.8
      }
    },
    {
      "quarter": "Q3 2014",
      "income status": {
        "Net sales": 234154,
        "Cost of goods sold": 192459,
        "Gross Profit": 41695,
        "Financial expenses": 13560,
        "Of which: Interest expense": 3,
        "Cost of sales": 7974,
        "Enterprise cost management": 7971,
        "Total Operating Expenses": 29505,
        "Total revenue financing activities": 9091,
        "Net profit from business activities": 10313,
        "Profit": 115,
        "Profit before tax": 10428,
        "Present corporate income tax expenses": 3257,
        "Deferred income taxes expenses": 1740,
        "The interests of minority shareholders": "N/A",
        "Total Cost of profits": 4997,
        "Profit after tax corporate income": 5431,
        "Volume": 47683440,
        "Close of Quarter": 11.2,
        "EPS": 174.3,
        "Non-adjusted EPS": 804,
        "PE": 14.0,
        "Book Price": 3.4
      }
    },
    {
      "quarter": "Q2 2014",
      "income status": {
        "Net sales": 296452,
        "Cost of goods sold": 255821,
        "Gross Profit": 40631,
        "Financial expenses": 15813,
        "Of which: Interest expense": 12732,
        "Cost of sales": 9938,
        "Enterprise cost management": 3444,
        "Total Operating Expenses": 29195,
        "Total revenue financing activities": -156,
        "Net profit from business activities": 21529,
        "Profit": 272,
        "Profit before tax": 21801,
        "Present corporate income tax expenses": 4247,
        "Deferred income taxes expenses": -1740,
        "The interests of minority shareholders": "N/A",
        "Total Cost of profits": 2507,
        "Profit after tax corporate income": 19294,
        "Volume": 47683440,
        "Close of Quarter": 7.5,
        "EPS": 158.9,
        "Non-adjusted EPS": 733,
        "PE": 10.2,
        "Book Price": 3.3
      }
    },
    {
      "quarter": "Q1 2014",
      "income status": {
        "Net sales": 250575,
        "Cost of goods sold": 219527,
        "Gross Profit": 31048,
        "Financial expenses": 10567,
        "Of which: Interest expense": 10318,
        "Cost of sales": 9708,
        "Enterprise cost management": 4896,
        "Total Operating Expenses": 25171,
        "Total revenue financing activities": 465,
        "Net profit from business activities": 9342,
        "Profit": 19,
        "Profit before tax": 9361,
        "Present corporate income tax expenses": 1545,
        "Deferred income taxes expenses": "N/A",
        "The interests of minority shareholders": "N/A",
        "Total Cost of profits": 1545,
        "Profit after tax corporate income": 7817,
        "Volume": 47683440,
        "Close of Quarter": 8.4,
        "EPS": 89.1,
        "Non-adjusted EPS": 411,
        "PE": 20.5,
        "Book Price": 3.2
      }
    },
    {
      "quarter": "Q4 2013",
      "income status": {
        "Net sales": 383399,
        "Cost of goods sold": 348570,
        "Gross Profit": 34829,
        "Financial expenses": 16754,
        "Of which: Interest expense": 15409,
        "Cost of sales": 11431,
        "Enterprise cost management": 5031,
        "Total Operating Expenses": 33216,
        "Total revenue financing activities": 423,
        "Net profit from business activities": 2037,
        "Profit": 51,
        "Profit before tax": 6492,
        "Present corporate income tax expenses": 698,
        "Deferred income taxes expenses": "N/A",
        "The interests of minority shareholders": 5,
        "Total Cost of profits": 703,
        "Profit after tax corporate income": 5789,
        "Volume": 39736202,
        "Close of Quarter": 4.9,
        "EPS": 86.5,
        "Non-adjusted EPS": 479,
        "PE": 10.3,
        "Book Price": 3.2
      }
    },
    {
      "quarter": "Q3 2013",
      "income status": {
        "Net sales": 195293,
        "Cost of goods sold": 172017,
        "Gross Profit": 23275,
        "Financial expenses": 12489,
        "Of which: Interest expense": 10063,
        "Cost of sales": 3906,
        "Enterprise cost management": 4592,
        "Total Operating Expenses": 20987,
        "Total revenue financing activities": 361,
        "Net profit from business activities": 2648,
        "Profit": 198,
        "Profit before tax": 2666,
        "Present corporate income tax expenses": 631,
        "Deferred income taxes expenses": "N/A",
        "The interests of minority shareholders": "N/A",
        "Total Cost of profits": 631,
        "Profit after tax corporate income": 2036,
        "Volume": 39736202,
        "Close of Quarter": 3.8,
        "EPS": -31.1,
        "Non-adjusted EPS": -172,
        "PE": -22.2,
        "Book Price": 3.1
      }
    },
    {
      "quarter": "Q2 2013",
      "income status": {
        "Net sales": 275703,
        "Cost of goods sold": 240813,
        "Gross Profit": 34890,
        "Financial expenses": 15726,
        "Of which: Interest expense": 13299,
        "Cost of sales": 9930,
        "Enterprise cost management": 5504,
        "Total Operating Expenses": 31160,
        "Total revenue financing activities": 1342,
        "Net profit from business activities": 5072,
        "Profit": 157,
        "Profit before tax": 5181,
        "Present corporate income tax expenses": 1220,
        "Deferred income taxes expenses": "N/A",
        "The interests of minority shareholders": "N/A",
        "Total Cost of profits": 1220,
        "Profit after tax corporate income": 3962,
        "Volume": 39736202,
        "Close of Quarter": 4.1,
        "EPS": -25.8,
        "Non-adjusted EPS": -143,
        "PE": -28.4,
        "Book Price": 3.1
      }
    },
    {
      "quarter": "Q1 2013",
      "income status": {
        "Net sales": 280684,
        "Cost of goods sold": 251301,
        "Gross Profit": 29383,
        "Financial expenses": 13518,
        "Of which: Interest expense": 13374,
        "Cost of sales": 8509,
        "Enterprise cost management": 4664,
        "Total Operating Expenses": 26691,
        "Total revenue financing activities": 498,
        "Net profit from business activities": 3189,
        "Profit": 338,
        "Profit before tax": 8295,
        "Present corporate income tax expenses": 1048,
        "Deferred income taxes expenses": "N/A",
        "The interests of minority shareholders": "N/A",
        "Total Cost of profits": 1048,
        "Profit after tax corporate income": 7247,
        "Volume": 39736202,
        "Close of Quarter": 4.1,
        "EPS": 22.9,
        "Non-adjusted EPS": 127,
        "PE": 32.0,
        "Book Price": 3.1
      }
    },
    {
      "quarter": "Q4 2012",
      "income status": {
        "Net sales": 224216,
        "Cost of goods sold": 223763,
        "Gross Profit": 453,
        "Financial expenses": 18233,
        "Of which: Interest expense": 18131,
        "Cost of sales": 12187,
        "Enterprise cost management": 4968,
        "Total Operating Expenses": 35388,
        "Total revenue financing activities": 5331,
        "Net profit from business activities": -29603,
        "Profit": 95,
        "Profit before tax": -25146,
        "Present corporate income tax expenses": -5078,
        "Deferred income taxes expenses": "N/A",
        "The interests of minority shareholders": "N/A",
        "Total Cost of profits": -5078,
        "Profit after tax corporate income": -20067,
        "Volume": 39736202,
        "Close of Quarter": 5.3,
        "EPS": 60.3,
        "Non-adjusted EPS": 334,
        "PE": 15.8,
        "Book Price": 3.1
      }
    },
    {
      "quarter": "Q3 2012",
      "income status": {
        "Net sales": 323600,
        "Cost of goods sold": 285931,
        "Gross Profit": 37669,
        "Financial expenses": 16370,
        "Of which: Interest expense": 15909,
        "Cost of sales": 12661,
        "Enterprise cost management": 5191,
        "Total Operating Expenses": 34222,
        "Total revenue financing activities": 9718,
        "Net profit from business activities": 13166,
        "Profit": -3286,
        "Profit before tax": 3788,
        "Present corporate income tax expenses": 601,
        "Deferred income taxes expenses": "N/A",
        "The interests of minority shareholders": "N/A",
        "Total Cost of profits": 601,
        "Profit after tax corporate income": 3187,
        "Volume": 39736202,
        "Close of Quarter": 5.2,
        "EPS": 128.6,
        "Non-adjusted EPS": 712,
        "PE": 7.3,
        "Book Price": 3.2
      }
    },
    {
      "quarter": "Q2 2012",
      "income status": {
        "Net sales": 264921,
        "Cost of goods sold": 225826,
        "Gross Profit": 39096,
        "Financial expenses": 16565,
        "Of which: Interest expense": 15809,
        "Cost of sales": 6697,
        "Enterprise cost management": 2590,
        "Total Operating Expenses": 25852,
        "Total revenue financing activities": 629,
        "Net profit from business activities": 13873,
        "Profit": 9,
        "Profit before tax": 18323,
        "Present corporate income tax expenses": 3636,
        "Deferred income taxes expenses": "N/A",
        "The interests of minority shareholders": "N/A",
        "Total Cost of profits": 3636,
        "Profit after tax corporate income": 14687,
        "Volume": 39736202,
        "Close of Quarter": 8.1,
        "EPS": 218.8,
        "Non-adjusted EPS": 1211,
        "PE": 6.7,
        "Book Price": 3.2
      }
    },
    {
      "quarter": "Q1 2012",
      "income status": {
        "Net sales": 205359,
        "Cost of goods sold": 162131,
        "Gross Profit": 43228,
        "Financial expenses": 15579,
        "Of which: Interest expense": 15392,
        "Cost of sales": 2068,
        "Enterprise cost management": 6866,
        "Total Operating Expenses": 24513,
        "Total revenue financing activities": 865,
        "Net profit from business activities": 19579,
        "Profit": 12,
        "Profit before tax": 20530,
        "Present corporate income tax expenses": 5063,
        "Deferred income taxes expenses": "N/A",
        "The interests of minority shareholders": "N/A",
        "Total Cost of profits": 5063,
        "Profit after tax corporate income": 15468,
        "Volume": 39736202,
        "Close of Quarter": 13.3,
        "EPS": 264.7,
        "Non-adjusted EPS": 1465,
        "PE": 9.1,
        "Book Price": 3.1
      }
    },
    {
      "quarter": "Q4 2011",
      "income status": {
        "Net sales": 145712,
        "Cost of goods sold": 112493,
        "Gross Profit": 33219,
        "Financial expenses": 18695,
        "Of which: Interest expense": 17634,
        "Cost of sales": 8386,
        "Enterprise cost management": 6313,
        "Total Operating Expenses": 33394,
        "Total revenue financing activities": 2773,
        "Net profit from business activities": 2598,
        "Profit": 73,
        "Profit before tax": -4370,
        "Present corporate income tax expenses": 668,
        "Deferred income taxes expenses": "N/A",
        "The interests of minority shareholders": 9,
        "Total Cost of profits": 677,
        "Profit after tax corporate income": -5047,
        "Volume": 39736202,
        "Close of Quarter": 13.5,
        "EPS": 338.4,
        "Non-adjusted EPS": 1873,
        "PE": 7.2,
        "Book Price": 3.1
      }
    },
    {
      "quarter": "Q3 2011",
      "income status": {
        "Net sales": 261873,
        "Cost of goods sold": 209727,
        "Gross Profit": 52146,
        "Financial expenses": 13536,
        "Of which: Interest expense": 12327,
        "Cost of sales": 9702,
        "Enterprise cost management": 6313,
        "Total Operating Expenses": 29551,
        "Total revenue financing activities": 1503,
        "Net profit from business activities": 24099,
        "Profit": 107,
        "Profit before tax": 29065,
        "Present corporate income tax expenses": 6051,
        "Deferred income taxes expenses": "N/A",
        "The interests of minority shareholders": "N/A",
        "Total Cost of profits": 6051,
        "Profit after tax corporate income": 23014,
        "Volume": 39736202,
        "Close of Quarter": 16.0,
        "EPS": 542.7,
        "Non-adjusted EPS": 3004,
        "PE": 5.3,
        "Book Price": 3.1
      }
    },
    {
      "quarter": "Q2 2011",
      "income status": {
        "Net sales": 236275,
        "Cost of goods sold": 184521,
        "Gross Profit": 51755,
        "Financial expenses": 14988,
        "Of which: Interest expense": 18072,
        "Cost of sales": 9453,
        "Enterprise cost management": 4198,
        "Total Operating Expenses": 28639,
        "Total revenue financing activities": 5450,
        "Net profit from business activities": 28566,
        "Profit": 100,
        "Profit before tax": 31960,
        "Present corporate income tax expenses": 7166,
        "Deferred income taxes expenses": "N/A",
        "The interests of minority shareholders": "N/A",
        "Total Cost of profits": 7166,
        "Profit after tax corporate income": 24793,
        "Volume": 39736202,
        "Close of Quarter": 13.4,
        "EPS": 492.5,
        "Non-adjusted EPS": 2726,
        "PE": 4.9,
        "Book Price": 3.0
      }
    },
    {
      "quarter": "Q1 2011",
      "income status": {
        "Net sales": 229750,
        "Cost of goods sold": 182020,
        "Gross Profit": 47730,
        "Financial expenses": 19734,
        "Of which: Interest expense": "N/A",
        "Cost of sales": 8183,
        "Enterprise cost management": 4336,
        "Total Operating Expenses": 32253,
        "Total revenue financing activities": 16465,
        "Net profit from business activities": 31943,
        "Profit": 105,
        "Profit before tax": 39673,
        "Present corporate income tax expenses": 8012,
        "Deferred income taxes expenses": "N/A",
        "The interests of minority shareholders": "N/A",
        "Total Cost of profits": 8012,
        "Profit after tax corporate income": 31661,
        "Volume": 9912600,
        "Close of Quarter": 20.0,
        "EPS": 762.9,
        "Non-adjusted EPS": 16927,
        "PE": 1.2,
        "Book Price": 2.9
      }
    },
    {
      "quarter": "Q4 2010",
      "income status": {
        "Net sales": 141424,
        "Cost of goods sold": 114808,
        "Gross Profit": 26616,
        "Financial expenses": 6011,
        "Of which: Interest expense": 5250,
        "Cost of sales": 7355,
        "Enterprise cost management": 5514,
        "Total Operating Expenses": 18880,
        "Total revenue financing activities": 31445,
        "Net profit from business activities": 39180,
        "Profit": 93,
        "Profit before tax": 43911,
        "Present corporate income tax expenses": 4024,
        "Deferred income taxes expenses": "N/A",
        "The interests of minority shareholders": "N/A",
        "Total Cost of profits": 4024,
        "Profit after tax corporate income": 39887,
        "Volume": 9912600,
        "Close of Quarter": 12.3,
        "EPS": 752.7,
        "Non-adjusted EPS": 16701,
        "PE": 0.7,
        "Book Price": 1.9
      }
    },
    {
      "quarter": "Q3 2010",
      "income status": {
        "Net sales": 78320,
        "Cost of goods sold": 71312,
        "Gross Profit": 7009,
        "Financial expenses": 3667,
        "Of which: Interest expense": 3667,
        "Cost of sales": 3673,
        "Enterprise cost management": 2895,
        "Total Operating Expenses": 10235,
        "Total revenue financing activities": 9240,
        "Net profit from business activities": 6012,
        "Profit": 62,
        "Profit before tax": 12702,
        "Present corporate income tax expenses": 736,
        "Deferred income taxes expenses": "N/A",
        "The interests of minority shareholders": "N/A",
        "Total Cost of profits": 736,
        "Profit after tax corporate income": 11966,
        "Volume": 9912600,
        "Close of Quarter": 12.9,
        "EPS": 709.8,
        "Non-adjusted EPS": 15749,
        "PE": 0.8,
        "Book Price": 1.7
      }
    },
    {
      "quarter": "Q2 2010",
      "income status": {
        "Net sales": 241110,
        "Cost of goods sold": 129452,
        "Gross Profit": 111658,
        "Financial expenses": 3105,
        "Of which: Interest expense": 3973,
        "Cost of sales": 5247,
        "Enterprise cost management": 3214,
        "Total Operating Expenses": 11566,
        "Total revenue financing activities": 414,
        "Net profit from business activities": 100505,
        "Profit": 331,
        "Profit before tax": 108898,
        "Present corporate income tax expenses": 24620,
        "Deferred income taxes expenses": "N/A",
        "The interests of minority shareholders": "N/A",
        "Total Cost of profits": 24620,
        "Profit after tax corporate income": 84278,
        "Volume": 9912600,
        "Close of Quarter": 10.0,
        "EPS": 792.6,
        "Non-adjusted EPS": 17585,
        "PE": 0.6,
        "Book Price": 1.9
      }
    },
    {
      "quarter": "Q1 2010",
      "income status": {
        "Net sales": 92337,
        "Cost of goods sold": 62712,
        "Gross Profit": 29625,
        "Financial expenses": 867,
        "Of which: Interest expense": "N/A",
        "Cost of sales": 165,
        "Enterprise cost management": 2693,
        "Total Operating Expenses": 3725,
        "Total revenue financing activities": 148,
        "Net profit from business activities": 26047,
        "Profit": 11,
        "Profit before tax": 31056,
        "Present corporate income tax expenses": 1641,
        "Deferred income taxes expenses": "N/A",
        "The interests of minority shareholders": "N/A",
        "Total Cost of profits": 1641,
        "Profit after tax corporate income": 29415,
        "Volume": 9912600,
        "Close of Quarter": 8.0,
        "EPS": 435.8,
        "Non-adjusted EPS": 9670,
        "PE": 0.8,
        "Book Price": 1.5
      }
    },
    {
      "quarter": "Q4 2009",
      "income status": {
        "Net sales": 91946,
        "Cost of goods sold": 50535,
        "Gross Profit": 41411,
        "Financial expenses": 2896,
        "Of which: Interest expense": 2755,
        "Cost of sales": 673,
        "Enterprise cost management": 2237,
        "Total Operating Expenses": 5806,
        "Total revenue financing activities": 686,
        "Net profit from business activities": 36291,
        "Profit": -419,
        "Profit before tax": 35872,
        "Present corporate income tax expenses": 5416,
        "Deferred income taxes expenses": "N/A",
        "The interests of minority shareholders": "N/A",
        "Total Cost of profits": 5416,
        "Profit after tax corporate income": 30456,
        "Volume": 9912600,
        "Close of Quarter": "N/A",
        "EPS": 309.9,
        "Non-adjusted EPS": 6877,
        "PE": "N/A",
        "Book Price": 1.3
      }
    },
    {
      "quarter": "Q3 2009",
      "income status": {
        "Net sales": 453649,
        "Cost of goods sold": 397995,
        "Gross Profit": 55654,
        "Financial expenses": 14049,
        "Of which: Interest expense": "N/A",
        "Cost of sales": 17072,
        "Enterprise cost management": 7429,
        "Total Operating Expenses": 38550,
        "Total revenue financing activities": 8061,
        "Net profit from business activities": 25166,
        "Profit": 449,
        "Profit before tax": 32335,
        "Present corporate income tax expenses": "N/A",
        "Deferred income taxes expenses": "N/A",
        "The interests of minority shareholders": "N/A",
        "Total Cost of profits": 0,
        "Profit after tax corporate income": 30160,
        "Volume": 9912600,
        "Close of Quarter": "N/A",
        "EPS": 202.9,
        "Non-adjusted EPS": 4502,
        "PE": "N/A",
        "Book Price": 1.2
      }
    },
    {
      "quarter": "Q2 2008",
      "income status": {
        "Net sales": 40382,
        "Cost of goods sold": 29048,
        "Gross Profit": 11334,
        "Financial expenses": 1276,
        "Of which: Interest expense": 1276,
        "Cost of sales": 925,
        "Enterprise cost management": 2023,
        "Total Operating Expenses": 4224,
        "Total revenue financing activities": 1741,
        "Net profit from business activities": 8851,
        "Profit": -101,
        "Profit before tax": 8750,
        "Present corporate income tax expenses": 2922,
        "Deferred income taxes expenses": "N/A",
        "The interests of minority shareholders": "N/A",
        "Total Cost of profits": 2922,
        "Profit after tax corporate income": 5828,
        "Volume": 9912600,
        "Close of Quarter": "N/A",
        "EPS": 67.2,
        "Non-adjusted EPS": 1490,
        "PE": "N/A",
        "Book Price": 1.2
      }
    },
    {
      "quarter": "Q1 2008",
      "income status": {
        "Net sales": 17249,
        "Cost of goods sold": 12296,
        "Gross Profit": 4953,
        "Financial expenses": 1624,
        "Of which: Interest expense": 1624,
        "Cost of sales": 310,
        "Enterprise cost management": 2673,
        "Total Operating Expenses": 4607,
        "Total revenue financing activities": 2388,
        "Net profit from business activities": 2734,
        "Profit": 9,
        "Profit before tax": 2743,
        "Present corporate income tax expenses": 1023,
        "Deferred income taxes expenses": "N/A",
        "The interests of minority shareholders": "N/A",
        "Total Cost of profits": 1023,
        "Profit after tax corporate income": 1720,
        "Volume": 9912600,
        "Close of Quarter": "N/A",
        "EPS": 40.7,
        "Non-adjusted EPS": 902,
        "PE": "N/A",
        "Book Price": 1.1
      }
    },
    {
      "quarter": "Q2 2007",
      "income status": {
        "Net sales": 50735,
        "Cost of goods sold": 40330,
        "Gross Profit": 10405,
        "Financial expenses": 815,
        "Of which: Interest expense": 815,
        "Cost of sales": "N/A",
        "Enterprise cost management": 2039,
        "Total Operating Expenses": 2854,
        "Total revenue financing activities": 3,
        "Net profit from business activities": 7554,
        "Profit": 27,
        "Profit before tax": 7581,
        "Present corporate income tax expenses": 665,
        "Deferred income taxes expenses": "N/A",
        "The interests of minority shareholders": "N/A",
        "Total Cost of profits": 665,
        "Profit after tax corporate income": 6917,
        "Volume": 9912600,
        "Close of Quarter": "N/A",
        "EPS": 32.8,
        "Non-adjusted EPS": 728,
        "PE": "N/A",
        "Book Price": "N/A"
      }
    },
    {
      "quarter": "Q1 2007",
      "income status": {
        "Net sales": 7893,
        "Cost of goods sold": 6657,
        "Gross Profit": 1237,
        "Financial expenses": 225,
        "Of which: Interest expense": 225,
        "Cost of sales": "N/A",
        "Enterprise cost management": 647,
        "Total Operating Expenses": 872,
        "Total revenue financing activities": 1,
        "Net profit from business activities": 366,
        "Profit": 16,
        "Profit before tax": 382,
        "Present corporate income tax expenses": 81,
        "Deferred income taxes expenses": "N/A",
        "The interests of minority shareholders": "N/A",
        "Total Cost of profits": 81,
        "Profit after tax corporate income": 302,
        "Volume": 9912600,
        "Close of Quarter": "N/A",
        "EPS": 1.4,
        "Non-adjusted EPS": 30,
        "PE": "N/A",
        "Book Price": "N/A"
      }
    }
  ]
}