{
  "ticker": "PTS",
  "data": [
    {
      "quarter": "Q1 2017",
      "income status": {
        "Net sales": 58536,
        "Cost of goods sold": 50958,
        "Gross Profit": 7578,
        "Financial expenses": 1247,
        "Of which: Interest expense": 1247,
        "Cost of sales": 977,
        "Enterprise cost management": 3662,
        "Total Operating Expenses": 5886,
        "Total revenue financing activities": 12,
        "Net profit from business activities": 1703,
        "Profit": -3,
        "Profit before tax": 1701,
        "Present corporate income tax expenses": 375,
        "Deferred income taxes expenses": -29,
        "The interests of minority shareholders": "N/A",
        "Total Cost of profits": 346,
        "Profit after tax corporate income": 1354,
        "Volume": 5568000,
        "Close of Quarter": 5.9,
        "EPS": 1053,
        "Non-adjusted EPS": 1053,
        "PE": 5.6,
        "Book Price": 16
      }
    },
    {
      "quarter": "Q4 2016",
      "income status": {
        "Net sales": 74534,
        "Cost of goods sold": 65012,
        "Gross Profit": 9523,
        "Financial expenses": 1284,
        "Of which: Interest expense": 1284,
        "Cost of sales": 1341,
        "Enterprise cost management": 5511,
        "Total Operating Expenses": 8136,
        "Total revenue financing activities": 8,
        "Net profit from business activities": 1395,
        "Profit": 623,
        "Profit before tax": 2018,
        "Present corporate income tax expenses": 387,
        "Deferred income taxes expenses": 12,
        "The interests of minority shareholders": "N/A",
        "Total Cost of profits": 399,
        "Profit after tax corporate income": 1619,
        "Volume": 5568000,
        "Close of Quarter": 5.6,
        "EPS": 885,
        "Non-adjusted EPS": 885,
        "PE": 6.3,
        "Book Price": 15.8
      }
    },
    {
      "quarter": "Q3 2016",
      "income status": {
        "Net sales": 62872,
        "Cost of goods sold": 55385,
        "Gross Profit": 7487,
        "Financial expenses": 1329,
        "Of which: Interest expense": 1329,
        "Cost of sales": 1366,
        "Enterprise cost management": 3660,
        "Total Operating Expenses": 6355,
        "Total revenue financing activities": 3,
        "Net profit from business activities": 1136,
        "Profit": 1108,
        "Profit before tax": 2244,
        "Present corporate income tax expenses": 410,
        "Deferred income taxes expenses": -1,
        "The interests of minority shareholders": "N/A",
        "Total Cost of profits": 409,
        "Profit after tax corporate income": 1835,
        "Volume": 5568000,
        "Close of Quarter": 5.3,
        "EPS": 957,
        "Non-adjusted EPS": 957,
        "PE": 5.5,
        "Book Price": 15.5
      }
    },
    {
      "quarter": "Q2 2016",
      "income status": {
        "Net sales": 59883,
        "Cost of goods sold": 52814,
        "Gross Profit": 7069,
        "Financial expenses": 1497,
        "Of which: Interest expense": 1497,
        "Cost of sales": 1036,
        "Enterprise cost management": 3222,
        "Total Operating Expenses": 5755,
        "Total revenue financing activities": 4,
        "Net profit from business activities": 1318,
        "Profit": -5,
        "Profit before tax": 1313,
        "Present corporate income tax expenses": 271,
        "Deferred income taxes expenses": -11,
        "The interests of minority shareholders": "N/A",
        "Total Cost of profits": 260,
        "Profit after tax corporate income": 1053,
        "Volume": 5568000,
        "Close of Quarter": 5.0,
        "EPS": 611,
        "Non-adjusted EPS": 611,
        "PE": 8.2,
        "Book Price": 15.3
      }
    },
    {
      "quarter": "Q1 2016",
      "income status": {
        "Net sales": 48123,
        "Cost of goods sold": 43143,
        "Gross Profit": 4980,
        "Financial expenses": 40,
        "Of which: Interest expense": 40,
        "Cost of sales": 822,
        "Enterprise cost management": 3668,
        "Total Operating Expenses": 4530,
        "Total revenue financing activities": 78,
        "Net profit from business activities": 528,
        "Profit": "N/A",
        "Profit before tax": 528,
        "Present corporate income tax expenses": 131,
        "Deferred income taxes expenses": -24,
        "The interests of minority shareholders": "N/A",
        "Total Cost of profits": 107,
        "Profit after tax corporate income": 422,
        "Volume": 5568000,
        "Close of Quarter": 5.4,
        "EPS": 577,
        "Non-adjusted EPS": 577,
        "PE": 9.3,
        "Book Price": 15.1
      }
    },
    {
      "quarter": "Q4 2015",
      "income status": {
        "Net sales": 87461,
        "Cost of goods sold": 79509,
        "Gross Profit": 7952,
        "Financial expenses": "N/A",
        "Of which: Interest expense": "N/A",
        "Cost of sales": 810,
        "Enterprise cost management": 3382,
        "Total Operating Expenses": 4192,
        "Total revenue financing activities": 13,
        "Net profit from business activities": 3774,
        "Profit": -1136,
        "Profit before tax": 2638,
        "Present corporate income tax expenses": 606,
        "Deferred income taxes expenses": 16,
        "The interests of minority shareholders": "N/A",
        "Total Cost of profits": 622,
        "Profit after tax corporate income": 2016,
        "Volume": 5568000,
        "Close of Quarter": 5.5,
        "EPS": 612,
        "Non-adjusted EPS": 612,
        "PE": 8.9,
        "Book Price": 15
      }
    },
    {
      "quarter": "Q3 2015",
      "income status": {
        "Net sales": 53218,
        "Cost of goods sold": 49167,
        "Gross Profit": 4051,
        "Financial expenses": 82,
        "Of which: Interest expense": "N/A",
        "Cost of sales": 814,
        "Enterprise cost management": 2951,
        "Total Operating Expenses": 3847,
        "Total revenue financing activities": 13,
        "Net profit from business activities": 216,
        "Profit": -38,
        "Profit before tax": 178,
        "Present corporate income tax expenses": 289,
        "Deferred income taxes expenses": -22,
        "The interests of minority shareholders": "N/A",
        "Total Cost of profits": 267,
        "Profit after tax corporate income": -88,
        "Volume": 5568000,
        "Close of Quarter": 4.5,
        "EPS": 811,
        "Non-adjusted EPS": 811,
        "PE": 5.6,
        "Book Price": 15.1
      }
    },
    {
      "quarter": "Q2 2015",
      "income status": {
        "Net sales": 54379,
        "Cost of goods sold": 49751,
        "Gross Profit": 4628,
        "Financial expenses": -9,
        "Of which: Interest expense": "N/A",
        "Cost of sales": 952,
        "Enterprise cost management": 2750,
        "Total Operating Expenses": 3693,
        "Total revenue financing activities": 14,
        "Net profit from business activities": 948,
        "Profit": -2,
        "Profit before tax": 947,
        "Present corporate income tax expenses": 251,
        "Deferred income taxes expenses": -169,
        "The interests of minority shareholders": "N/A",
        "Total Cost of profits": 82,
        "Profit after tax corporate income": 865,
        "Volume": 5568000,
        "Close of Quarter": 4.9,
        "EPS": 1110,
        "Non-adjusted EPS": 1110,
        "PE": 4.4,
        "Book Price": 15
      }
    },
    {
      "quarter": "Q1 2015",
      "income status": {
        "Net sales": 53799,
        "Cost of goods sold": 49161,
        "Gross Profit": 4637,
        "Financial expenses": -41,
        "Of which: Interest expense": 32,
        "Cost of sales": 849,
        "Enterprise cost management": 3178,
        "Total Operating Expenses": 3986,
        "Total revenue financing activities": 25,
        "Net profit from business activities": 676,
        "Profit": 2,
        "Profit before tax": 678,
        "Present corporate income tax expenses": 64,
        "Deferred income taxes expenses": "N/A",
        "The interests of minority shareholders": "N/A",
        "Total Cost of profits": 64,
        "Profit after tax corporate income": 613,
        "Volume": 5568000,
        "Close of Quarter": 5.1,
        "EPS": 716,
        "Non-adjusted EPS": 716,
        "PE": 7.1,
        "Book Price": 15
      }
    },
    {
      "quarter": "Q4 2014",
      "income status": {
        "Net sales": 83482,
        "Cost of goods sold": 76967,
        "Gross Profit": 6515,
        "Financial expenses": 9,
        "Of which: Interest expense": 9,
        "Cost of sales": 835,
        "Enterprise cost management": 2684,
        "Total Operating Expenses": 3528,
        "Total revenue financing activities": 60,
        "Net profit from business activities": 3047,
        "Profit": 138,
        "Profit before tax": 3186,
        "Present corporate income tax expenses": 63,
        "Deferred income taxes expenses": "N/A",
        "The interests of minority shareholders": "N/A",
        "Total Cost of profits": 63,
        "Profit after tax corporate income": 3123,
        "Volume": 5568000,
        "Close of Quarter": 5.1,
        "EPS": 614,
        "Non-adjusted EPS": 614,
        "PE": 8.3,
        "Book Price": 14.9
      }
    },
    {
      "quarter": "Q3 2014",
      "income status": {
        "Net sales": 91166,
        "Cost of goods sold": 86157,
        "Gross Profit": 5009,
        "Financial expenses": "N/A",
        "Of which: Interest expense": "N/A",
        "Cost of sales": 711,
        "Enterprise cost management": 2723,
        "Total Operating Expenses": 3434,
        "Total revenue financing activities": 45,
        "Net profit from business activities": 1620,
        "Profit": -43,
        "Profit before tax": 1577,
        "Present corporate income tax expenses": "N/A",
        "Deferred income taxes expenses": "N/A",
        "The interests of minority shareholders": "N/A",
        "Total Cost of profits": 0,
        "Profit after tax corporate income": 1577,
        "Volume": 5568000,
        "Close of Quarter": 4.3,
        "EPS": 985,
        "Non-adjusted EPS": 985,
        "PE": 4.4,
        "Book Price": 14.3
      }
    },
    {
      "quarter": "Q2 2014",
      "income status": {
        "Net sales": 79225,
        "Cost of goods sold": 76516,
        "Gross Profit": 2709,
        "Financial expenses": 428,
        "Of which: Interest expense": 13,
        "Cost of sales": 716,
        "Enterprise cost management": 2807,
        "Total Operating Expenses": 3951,
        "Total revenue financing activities": 13,
        "Net profit from business activities": -1328,
        "Profit": 4,
        "Profit before tax": -1324,
        "Present corporate income tax expenses": "N/A",
        "Deferred income taxes expenses": "N/A",
        "The interests of minority shareholders": "N/A",
        "Total Cost of profits": 0,
        "Profit after tax corporate income": -1324,
        "Volume": 5568000,
        "Close of Quarter": 5.0,
        "EPS": 560,
        "Non-adjusted EPS": 560,
        "PE": 9.0,
        "Book Price": 14
      }
    },
    {
      "quarter": "Q1 2014",
      "income status": {
        "Net sales": 70762,
        "Cost of goods sold": 67297,
        "Gross Profit": 3466,
        "Financial expenses": 53,
        "Of which: Interest expense": 53,
        "Cost of sales": 721,
        "Enterprise cost management": 2823,
        "Total Operating Expenses": 3597,
        "Total revenue financing activities": 15,
        "Net profit from business activities": -18,
        "Profit": 59,
        "Profit before tax": 41,
        "Present corporate income tax expenses": "N/A",
        "Deferred income taxes expenses": "N/A",
        "The interests of minority shareholders": "N/A",
        "Total Cost of profits": 0,
        "Profit after tax corporate income": 41,
        "Volume": 5568000,
        "Close of Quarter": 5.6,
        "EPS": 171,
        "Non-adjusted EPS": 171,
        "PE": 32.8,
        "Book Price": 14.2
      }
    },
    {
      "quarter": "Q4 2013",
      "income status": {
        "Net sales": 106435,
        "Cost of goods sold": 96988,
        "Gross Profit": 9447,
        "Financial expenses": 88,
        "Of which: Interest expense": 88,
        "Cost of sales": 931,
        "Enterprise cost management": 2905,
        "Total Operating Expenses": 3924,
        "Total revenue financing activities": 10,
        "Net profit from business activities": 5534,
        "Profit": 98,
        "Profit before tax": 5734,
        "Present corporate income tax expenses": 541,
        "Deferred income taxes expenses": "N/A",
        "The interests of minority shareholders": "N/A",
        "Total Cost of profits": 541,
        "Profit after tax corporate income": 5193,
        "Volume": 5568000,
        "Close of Quarter": 4.0,
        "EPS": 25,
        "Non-adjusted EPS": 25,
        "PE": 159.6,
        "Book Price": 14.2
      }
    },
    {
      "quarter": "Q3 2013",
      "income status": {
        "Net sales": 74185,
        "Cost of goods sold": 71700,
        "Gross Profit": 2485,
        "Financial expenses": 112,
        "Of which: Interest expense": 112,
        "Cost of sales": 696,
        "Enterprise cost management": 2457,
        "Total Operating Expenses": 3265,
        "Total revenue financing activities": 4,
        "Net profit from business activities": -776,
        "Profit": -147,
        "Profit before tax": -791,
        "Present corporate income tax expenses": "N/A",
        "Deferred income taxes expenses": "N/A",
        "The interests of minority shareholders": "N/A",
        "Total Cost of profits": 0,
        "Profit after tax corporate income": -791,
        "Volume": 5568000,
        "Close of Quarter": 3.5,
        "EPS": -770,
        "Non-adjusted EPS": -770,
        "PE": -4.5,
        "Book Price": 13.3
      }
    },
    {
      "quarter": "Q2 2013",
      "income status": {
        "Net sales": 64373,
        "Cost of goods sold": 64688,
        "Gross Profit": -315,
        "Financial expenses": 94,
        "Of which: Interest expense": 94,
        "Cost of sales": 715,
        "Enterprise cost management": 2436,
        "Total Operating Expenses": 3245,
        "Total revenue financing activities": 8,
        "Net profit from business activities": -3551,
        "Profit": -4,
        "Profit before tax": -3490,
        "Present corporate income tax expenses": "N/A",
        "Deferred income taxes expenses": "N/A",
        "The interests of minority shareholders": "N/A",
        "Total Cost of profits": 0,
        "Profit after tax corporate income": -3490,
        "Volume": 5568000,
        "Close of Quarter": 3.7,
        "EPS": -910,
        "Non-adjusted EPS": -910,
        "PE": -4.1,
        "Book Price": 13.4
      }
    },
    {
      "quarter": "Q1 2013",
      "income status": {
        "Net sales": 68043,
        "Cost of goods sold": 65040,
        "Gross Profit": 3003,
        "Financial expenses": 168,
        "Of which: Interest expense": 168,
        "Cost of sales": 543,
        "Enterprise cost management": 2891,
        "Total Operating Expenses": 3602,
        "Total revenue financing activities": 10,
        "Net profit from business activities": -588,
        "Profit": -235,
        "Profit before tax": -773,
        "Present corporate income tax expenses": "N/A",
        "Deferred income taxes expenses": "N/A",
        "The interests of minority shareholders": "N/A",
        "Total Cost of profits": 0,
        "Profit after tax corporate income": -773,
        "Volume": 5568000,
        "Close of Quarter": 3.8,
        "EPS": -849,
        "Non-adjusted EPS": -849,
        "PE": -4.5,
        "Book Price": 13.9
      }
    },
    {
      "quarter": "Q4 2012",
      "income status": {
        "Net sales": 71705,
        "Cost of goods sold": 67357,
        "Gross Profit": 4348,
        "Financial expenses": 238,
        "Of which: Interest expense": 238,
        "Cost of sales": 930,
        "Enterprise cost management": 2710,
        "Total Operating Expenses": 3878,
        "Total revenue financing activities": 7,
        "Net profit from business activities": 477,
        "Profit": 360,
        "Profit before tax": 873,
        "Present corporate income tax expenses": "N/A",
        "Deferred income taxes expenses": 105,
        "The interests of minority shareholders": "N/A",
        "Total Cost of profits": 105,
        "Profit after tax corporate income": 769,
        "Volume": 5568000,
        "Close of Quarter": 5.7,
        "EPS": -403,
        "Non-adjusted EPS": -403,
        "PE": -14.1,
        "Book Price": 14.1
      }
    },
    {
      "quarter": "Q3 2012",
      "income status": {
        "Net sales": 68006,
        "Cost of goods sold": 66181,
        "Gross Profit": 1825,
        "Financial expenses": 378,
        "Of which: Interest expense": 378,
        "Cost of sales": 586,
        "Enterprise cost management": 2516,
        "Total Operating Expenses": 3480,
        "Total revenue financing activities": 6,
        "Net profit from business activities": -1648,
        "Profit": -21,
        "Profit before tax": -1549,
        "Present corporate income tax expenses": "N/A",
        "Deferred income taxes expenses": 22,
        "The interests of minority shareholders": "N/A",
        "Total Cost of profits": 22,
        "Profit after tax corporate income": -1571,
        "Volume": 5568000,
        "Close of Quarter": 5.4,
        "EPS": -701,
        "Non-adjusted EPS": -701,
        "PE": -7.8,
        "Book Price": 14.1
      }
    },
    {
      "quarter": "Q2 2012",
      "income status": {
        "Net sales": 72257,
        "Cost of goods sold": 72189,
        "Gross Profit": 68,
        "Financial expenses": 206,
        "Of which: Interest expense": 452,
        "Cost of sales": 665,
        "Enterprise cost management": 2974,
        "Total Operating Expenses": 3845,
        "Total revenue financing activities": 23,
        "Net profit from business activities": -3755,
        "Profit": -8,
        "Profit before tax": -3649,
        "Present corporate income tax expenses": -468,
        "Deferred income taxes expenses": -27,
        "The interests of minority shareholders": "N/A",
        "Total Cost of profits": -495,
        "Profit after tax corporate income": -3154,
        "Volume": 5525526,
        "Close of Quarter": 6.5,
        "EPS": 132.0,
        "Non-adjusted EPS": 133,
        "PE": 48.6,
        "Book Price": 14.4
      }
    },
    {
      "quarter": "Q1 2012",
      "income status": {
        "Net sales": 67876,
        "Cost of goods sold": 61718,
        "Gross Profit": 6157,
        "Financial expenses": 354,
        "Of which: Interest expense": 354,
        "Cost of sales": 616,
        "Enterprise cost management": 3180,
        "Total Operating Expenses": 4150,
        "Total revenue financing activities": 12,
        "Net profit from business activities": 2019,
        "Profit": 37,
        "Profit before tax": 2125,
        "Present corporate income tax expenses": 468,
        "Deferred income taxes expenses": -56,
        "The interests of minority shareholders": "N/A",
        "Total Cost of profits": 412,
        "Profit after tax corporate income": 1713,
        "Volume": 5525526,
        "Close of Quarter": 5.7,
        "EPS": 1207.7,
        "Non-adjusted EPS": 1217,
        "PE": 4.7,
        "Book Price": 16.7
      }
    },
    {
      "quarter": "Q4 2011",
      "income status": {
        "Net sales": 84870,
        "Cost of goods sold": 82229,
        "Gross Profit": 2640,
        "Financial expenses": 457,
        "Of which: Interest expense": 192,
        "Cost of sales": 846,
        "Enterprise cost management": 2931,
        "Total Operating Expenses": 4234,
        "Total revenue financing activities": 143,
        "Net profit from business activities": -1450,
        "Profit": -121,
        "Profit before tax": -1465,
        "Present corporate income tax expenses": -773,
        "Deferred income taxes expenses": 196,
        "The interests of minority shareholders": "N/A",
        "Total Cost of profits": -577,
        "Profit after tax corporate income": -889,
        "Volume": 5525526,
        "Close of Quarter": 5.7,
        "EPS": 1429.0,
        "Non-adjusted EPS": 1440,
        "PE": 4.0,
        "Book Price": 16.5
      }
    },
    {
      "quarter": "Q3 2011",
      "income status": {
        "Net sales": 65252,
        "Cost of goods sold": 59938,
        "Gross Profit": 5314,
        "Financial expenses": 183,
        "Of which: Interest expense": 183,
        "Cost of sales": 591,
        "Enterprise cost management": 2552,
        "Total Operating Expenses": 3326,
        "Total revenue financing activities": 157,
        "Net profit from business activities": 2146,
        "Profit": 1833,
        "Profit before tax": 4056,
        "Present corporate income tax expenses": 974,
        "Deferred income taxes expenses": 15,
        "The interests of minority shareholders": "N/A",
        "Total Cost of profits": 989,
        "Profit after tax corporate income": 3067,
        "Volume": 5525526,
        "Close of Quarter": 5.1,
        "EPS": 1868.6,
        "Non-adjusted EPS": 1883,
        "PE": 2.7,
        "Book Price": 16.6
      }
    },
    {
      "quarter": "Q2 2011",
      "income status": {
        "Net sales": 87731,
        "Cost of goods sold": 78851,
        "Gross Profit": 8879,
        "Financial expenses": 1144,
        "Of which: Interest expense": 257,
        "Cost of sales": 1076,
        "Enterprise cost management": 3156,
        "Total Operating Expenses": 5376,
        "Total revenue financing activities": 121,
        "Net profit from business activities": 3624,
        "Profit": 49,
        "Profit before tax": 3761,
        "Present corporate income tax expenses": 1040,
        "Deferred income taxes expenses": -112,
        "The interests of minority shareholders": "N/A",
        "Total Cost of profits": 928,
        "Profit after tax corporate income": 2833,
        "Volume": 3480000,
        "Close of Quarter": 6.7,
        "EPS": 1774.4,
        "Non-adjusted EPS": 2839,
        "PE": 2.4,
        "Book Price": 16
      }
    },
    {
      "quarter": "Q1 2011",
      "income status": {
        "Net sales": 81001,
        "Cost of goods sold": 72735,
        "Gross Profit": 8266,
        "Financial expenses": 308,
        "Of which: Interest expense": 308,
        "Cost of sales": 942,
        "Enterprise cost management": 3235,
        "Total Operating Expenses": 4485,
        "Total revenue financing activities": 33,
        "Net profit from business activities": 3815,
        "Profit": -46,
        "Profit before tax": 3834,
        "Present corporate income tax expenses": 892,
        "Deferred income taxes expenses": -4,
        "The interests of minority shareholders": "N/A",
        "Total Cost of profits": 888,
        "Profit after tax corporate income": 2946,
        "Volume": 3480000,
        "Close of Quarter": 8.9,
        "EPS": 1920.6,
        "Non-adjusted EPS": 3073,
        "PE": 2.9,
        "Book Price": 16.1
      }
    },
    {
      "quarter": "Q4 2010",
      "income status": {
        "Net sales": 61655,
        "Cost of goods sold": 56098,
        "Gross Profit": 5556,
        "Financial expenses": 395,
        "Of which: Interest expense": 254,
        "Cost of sales": 498,
        "Enterprise cost management": 2998,
        "Total Operating Expenses": 3891,
        "Total revenue financing activities": 22,
        "Net profit from business activities": 1687,
        "Profit": 30,
        "Profit before tax": 1894,
        "Present corporate income tax expenses": 400,
        "Deferred income taxes expenses": -64,
        "The interests of minority shareholders": "N/A",
        "Total Cost of profits": 336,
        "Profit after tax corporate income": 1559,
        "Volume": 3480000,
        "Close of Quarter": 9.7,
        "EPS": 1916.9,
        "Non-adjusted EPS": 3067,
        "PE": 3.2,
        "Book Price": 12.3
      }
    },
    {
      "quarter": "Q3 2010",
      "income status": {
        "Net sales": 63096,
        "Cost of goods sold": 56341,
        "Gross Profit": 6756,
        "Financial expenses": 318,
        "Of which: Interest expense": 318,
        "Cost of sales": 709,
        "Enterprise cost management": 2732,
        "Total Operating Expenses": 3759,
        "Total revenue financing activities": 25,
        "Net profit from business activities": 3022,
        "Profit": 152,
        "Profit before tax": 3174,
        "Present corporate income tax expenses": 692,
        "Deferred income taxes expenses": -58,
        "The interests of minority shareholders": "N/A",
        "Total Cost of profits": 634,
        "Profit after tax corporate income": 2540,
        "Volume": 3480000,
        "Close of Quarter": 9.9,
        "EPS": 2581.3,
        "Non-adjusted EPS": 4130,
        "PE": 2.4,
        "Book Price": 12.4
      }
    },
    {
      "quarter": "Q2 2010",
      "income status": {
        "Net sales": 87547,
        "Cost of goods sold": 79324,
        "Gross Profit": 8223,
        "Financial expenses": 279,
        "Of which: Interest expense": 376,
        "Cost of sales": 624,
        "Enterprise cost management": 2819,
        "Total Operating Expenses": 3722,
        "Total revenue financing activities": 37,
        "Net profit from business activities": 4538,
        "Profit": 163,
        "Profit before tax": 4758,
        "Present corporate income tax expenses": 1103,
        "Deferred income taxes expenses": 4,
        "The interests of minority shareholders": "N/A",
        "Total Cost of profits": 1107,
        "Profit after tax corporate income": 3650,
        "Volume": 3480000,
        "Close of Quarter": 15.8,
        "EPS": 2463.1,
        "Non-adjusted EPS": 3941,
        "PE": 4,
        "Book Price": 11.9
      }
    },
    {
      "quarter": "Q1 2010",
      "income status": {
        "Net sales": 71162,
        "Cost of goods sold": 63947,
        "Gross Profit": 7215,
        "Financial expenses": 171,
        "Of which: Interest expense": 171,
        "Cost of sales": 561,
        "Enterprise cost management": 2911,
        "Total Operating Expenses": 3643,
        "Total revenue financing activities": 23,
        "Net profit from business activities": 3595,
        "Profit": "N/A",
        "Profit before tax": 3659,
        "Present corporate income tax expenses": 697,
        "Deferred income taxes expenses": 38,
        "The interests of minority shareholders": "N/A",
        "Total Cost of profits": 735,
        "Profit after tax corporate income": 2923,
        "Volume": 3480000,
        "Close of Quarter": 13.4,
        "EPS": 2309.4,
        "Non-adjusted EPS": 3695,
        "PE": 3.6,
        "Book Price": 12.4
      }
    },
    {
      "quarter": "Q4 2009",
      "income status": {
        "Net sales": 75587,
        "Cost of goods sold": 66110,
        "Gross Profit": 9476,
        "Financial expenses": 84,
        "Of which: Interest expense": 230,
        "Cost of sales": 886,
        "Enterprise cost management": 3246,
        "Total Operating Expenses": 4216,
        "Total revenue financing activities": 22,
        "Net profit from business activities": 5284,
        "Profit": -26,
        "Profit before tax": 5497,
        "Present corporate income tax expenses": 252,
        "Deferred income taxes expenses": -16,
        "The interests of minority shareholders": "N/A",
        "Total Cost of profits": 236,
        "Profit after tax corporate income": 5261,
        "Volume": 3480000,
        "Close of Quarter": 6.6,
        "EPS": 2211.3,
        "Non-adjusted EPS": 3538,
        "PE": 1.9,
        "Book Price": 12.1
      }
    },
    {
      "quarter": "Q3 2009",
      "income status": {
        "Net sales": 66795,
        "Cost of goods sold": 61824,
        "Gross Profit": 4972,
        "Financial expenses": 180,
        "Of which: Interest expense": "N/A",
        "Cost of sales": 745,
        "Enterprise cost management": 2158,
        "Total Operating Expenses": 3083,
        "Total revenue financing activities": 158,
        "Net profit from business activities": 2047,
        "Profit": -7,
        "Profit before tax": 2041,
        "Present corporate income tax expenses": 162,
        "Deferred income taxes expenses": "N/A",
        "The interests of minority shareholders": "N/A",
        "Total Cost of profits": 162,
        "Profit after tax corporate income": 1879,
        "Volume": 3480000,
        "Close of Quarter": 7.4,
        "EPS": 1798.1,
        "Non-adjusted EPS": 2877,
        "PE": 2.6,
        "Book Price": 11.9
      }
    },
    {
      "quarter": "Q2 2009",
      "income status": {
        "Net sales": 54507,
        "Cost of goods sold": 49848,
        "Gross Profit": 4659,
        "Financial expenses": 153,
        "Of which: Interest expense": "N/A",
        "Cost of sales": 462,
        "Enterprise cost management": 2651,
        "Total Operating Expenses": 3266,
        "Total revenue financing activities": 539,
        "Net profit from business activities": 1931,
        "Profit": 1116,
        "Profit before tax": 3028,
        "Present corporate income tax expenses": 234,
        "Deferred income taxes expenses": "N/A",
        "The interests of minority shareholders": "N/A",
        "Total Cost of profits": 234,
        "Profit after tax corporate income": 2794,
        "Volume": 3480000,
        "Close of Quarter": 6.2,
        "EPS": 1947.5,
        "Non-adjusted EPS": 3116,
        "PE": 2,
        "Book Price": 11.6
      }
    },
    {
      "quarter": "Q1 2009",
      "income status": {
        "Net sales": 46446,
        "Cost of goods sold": 40523,
        "Gross Profit": 5923,
        "Financial expenses": 238,
        "Of which: Interest expense": "N/A",
        "Cost of sales": 770,
        "Enterprise cost management": 2355,
        "Total Operating Expenses": 3363,
        "Total revenue financing activities": 10,
        "Net profit from business activities": 2571,
        "Profit": -6,
        "Profit before tax": 2564,
        "Present corporate income tax expenses": 186,
        "Deferred income taxes expenses": "N/A",
        "The interests of minority shareholders": "N/A",
        "Total Cost of profits": 186,
        "Profit after tax corporate income": 2379,
        "Volume": 3480000,
        "Close of Quarter": 5.0,
        "EPS": 2003.1,
        "Non-adjusted EPS": 3205,
        "PE": 1.6,
        "Book Price": 12.3
      }
    },
    {
      "quarter": "Q4 2008",
      "income status": {
        "Net sales": 65476,
        "Cost of goods sold": 56028,
        "Gross Profit": 9449,
        "Financial expenses": 3861,
        "Of which: Interest expense": "N/A",
        "Cost of sales": 346,
        "Enterprise cost management": 2726,
        "Total Operating Expenses": 6933,
        "Total revenue financing activities": 513,
        "Net profit from business activities": 3027,
        "Profit": 80,
        "Profit before tax": 3107,
        "Present corporate income tax expenses": 147,
        "Deferred income taxes expenses": "N/A",
        "The interests of minority shareholders": "N/A",
        "Total Cost of profits": 147,
        "Profit after tax corporate income": 2960,
        "Volume": 3480000,
        "Close of Quarter": 5.0,
        "EPS": 2103.8,
        "Non-adjusted EPS": 3366,
        "PE": 1.5,
        "Book Price": 11.8
      }
    },
    {
      "quarter": "Q3 2008",
      "income status": {
        "Net sales": 43437,
        "Cost of goods sold": 37868,
        "Gross Profit": 5569,
        "Financial expenses": 211,
        "Of which: Interest expense": "N/A",
        "Cost of sales": 447,
        "Enterprise cost management": 1716,
        "Total Operating Expenses": 2374,
        "Total revenue financing activities": -86,
        "Net profit from business activities": 3108,
        "Profit": -73,
        "Profit before tax": 3035,
        "Present corporate income tax expenses": 326,
        "Deferred income taxes expenses": "N/A",
        "The interests of minority shareholders": "N/A",
        "Total Cost of profits": 326,
        "Profit after tax corporate income": 2709,
        "Volume": 3480000,
        "Close of Quarter": 7.8,
        "EPS": 3346.9,
        "Non-adjusted EPS": 5355,
        "PE": 1.5,
        "Book Price": 11.4
      }
    },
    {
      "quarter": "Q2 2008",
      "income status": {
        "Net sales": 48835,
        "Cost of goods sold": 43292,
        "Gross Profit": 5543,
        "Financial expenses": 208,
        "Of which: Interest expense": 208,
        "Cost of sales": 513,
        "Enterprise cost management": 1729,
        "Total Operating Expenses": 2450,
        "Total revenue financing activities": 332,
        "Net profit from business activities": 3424,
        "Profit": 2,
        "Profit before tax": 3427,
        "Present corporate income tax expenses": 321,
        "Deferred income taxes expenses": "N/A",
        "The interests of minority shareholders": "N/A",
        "Total Cost of profits": 321,
        "Profit after tax corporate income": 3106,
        "Volume": 3480000,
        "Close of Quarter": 5.2,
        "EPS": 3108.8,
        "Non-adjusted EPS": 4974,
        "PE": 1.0,
        "Book Price": 11.1
      }
    },
    {
      "quarter": "Q1 2008",
      "income status": {
        "Net sales": 41267,
        "Cost of goods sold": 35478,
        "Gross Profit": 5789,
        "Financial expenses": 192,
        "Of which: Interest expense": 192,
        "Cost of sales": 480,
        "Enterprise cost management": 1942,
        "Total Operating Expenses": 2614,
        "Total revenue financing activities": 105,
        "Net profit from business activities": 3280,
        "Profit": "N/A",
        "Profit before tax": 3280,
        "Present corporate income tax expenses": 342,
        "Deferred income taxes expenses": "N/A",
        "The interests of minority shareholders": "N/A",
        "Total Cost of profits": 342,
        "Profit after tax corporate income": 2938,
        "Volume": 3480000,
        "Close of Quarter": 8.9,
        "EPS": 2839.4,
        "Non-adjusted EPS": 4543,
        "PE": 2.0,
        "Book Price": 10.9
      }
    },
    {
      "quarter": "Q4 2007",
      "income status": {
        "Net sales": 76941,
        "Cost of goods sold": 60816,
        "Gross Profit": 16125,
        "Financial expenses": 794,
        "Of which: Interest expense": "N/A",
        "Cost of sales": 408,
        "Enterprise cost management": 1934,
        "Total Operating Expenses": 3136,
        "Total revenue financing activities": 51,
        "Net profit from business activities": 13040,
        "Profit": 52,
        "Profit before tax": 13092,
        "Present corporate income tax expenses": 3208,
        "Deferred income taxes expenses": "N/A",
        "The interests of minority shareholders": "N/A",
        "Total Cost of profits": 3208,
        "Profit after tax corporate income": 9884,
        "Volume": 3480000,
        "Close of Quarter": 16.3,
        "EPS": 2576.3,
        "Non-adjusted EPS": 4122,
        "PE": 4.0,
        "Book Price": 6.4
      }
    },
    {
      "quarter": "Q3 2007",
      "income status": {
        "Net sales": 33105,
        "Cost of goods sold": 29626,
        "Gross Profit": 3479,
        "Financial expenses": 98,
        "Of which: Interest expense": "N/A",
        "Cost of sales": 300,
        "Enterprise cost management": 1572,
        "Total Operating Expenses": 1970,
        "Total revenue financing activities": 6,
        "Net profit from business activities": 1515,
        "Profit": 65,
        "Profit before tax": 1580,
        "Present corporate income tax expenses": 198,
        "Deferred income taxes expenses": "N/A",
        "The interests of minority shareholders": "N/A",
        "Total Cost of profits": 198,
        "Profit after tax corporate income": 1383,
        "Volume": 1740000,
        "Close of Quarter": 9.2,
        "EPS": 980.6,
        "Non-adjusted EPS": 3138,
        "PE": 2.9,
        "Book Price": 4.9
      }
    },
    {
      "quarter": "Q2 2007",
      "income status": {
        "Net sales": 25210,
        "Cost of goods sold": 22026,
        "Gross Profit": 3184,
        "Financial expenses": 153,
        "Of which: Interest expense": 5,
        "Cost of sales": 292,
        "Enterprise cost management": 1063,
        "Total Operating Expenses": 1508,
        "Total revenue financing activities": 9,
        "Net profit from business activities": 1684,
        "Profit": 148,
        "Profit before tax": 1832,
        "Present corporate income tax expenses": 229,
        "Deferred income taxes expenses": "N/A",
        "The interests of minority shareholders": "N/A",
        "Total Cost of profits": 229,
        "Profit after tax corporate income": 1603,
        "Volume": 1740000,
        "Close of Quarter": 7.6,
        "EPS": 893.8,
        "Non-adjusted EPS": 2860,
        "PE": 2.7,
        "Book Price": 4.7
      }
    },
    {
      "quarter": "Q1 2007",
      "income status": {
        "Net sales": 25499,
        "Cost of goods sold": 22311,
        "Gross Profit": 3188,
        "Financial expenses": 76,
        "Of which: Interest expense": "N/A",
        "Cost of sales": 322,
        "Enterprise cost management": 1112,
        "Total Operating Expenses": 1510,
        "Total revenue financing activities": 8,
        "Net profit from business activities": 1686,
        "Profit": "N/A",
        "Profit before tax": 1686,
        "Present corporate income tax expenses": 211,
        "Deferred income taxes expenses": "N/A",
        "The interests of minority shareholders": "N/A",
        "Total Cost of profits": 211,
        "Profit after tax corporate income": 1475,
        "Volume": 1740000,
        "Close of Quarter": 10.2,
        "EPS": 605.9,
        "Non-adjusted EPS": 1939,
        "PE": 5.3,
        "Book Price": 4.6
      }
    },
    {
      "quarter": "Q2 2006",
      "income status": {
        "Net sales": 27291,
        "Cost of goods sold": 24593,
        "Gross Profit": 2698,
        "Financial expenses": 281,
        "Of which: Interest expense": "N/A",
        "Cost of sales": 372,
        "Enterprise cost management": 904,
        "Total Operating Expenses": 1557,
        "Total revenue financing activities": 4,
        "Net profit from business activities": 1145,
        "Profit": -3,
        "Profit before tax": 1142,
        "Present corporate income tax expenses": 143,
        "Deferred income taxes expenses": "N/A",
        "The interests of minority shareholders": "N/A",
        "Total Cost of profits": 143,
        "Profit after tax corporate income": 999,
        "Volume": 1740000,
        "Close of Quarter": "N/A",
        "EPS": 340.9,
        "Non-adjusted EPS": 1091,
        "PE": "N/A",
        "Book Price": 4.3
      }
    },
    {
      "quarter": "Q1 2006",
      "income status": {
        "Net sales": 20685,
        "Cost of goods sold": 18214,
        "Gross Profit": 2472,
        "Financial expenses": 195,
        "Of which: Interest expense": "N/A",
        "Cost of sales": 333,
        "Enterprise cost management": 906,
        "Total Operating Expenses": 1434,
        "Total revenue financing activities": 5,
        "Net profit from business activities": 1043,
        "Profit": -15,
        "Profit before tax": 1029,
        "Present corporate income tax expenses": 129,
        "Deferred income taxes expenses": "N/A",
        "The interests of minority shareholders": "N/A",
        "Total Cost of profits": 129,
        "Profit after tax corporate income": 900,
        "Volume": 1740000,
        "Close of Quarter": "N/A",
        "EPS": 161.6,
        "Non-adjusted EPS": 517,
        "PE": "N/A",
        "Book Price": "N/A"
      }
    }
  ]
}