{
  "ticker": "DCT",
  "data": [
    {
      "quarter": "Q1 2017",
      "income status": {
        "Net sales": 85970,
        "Cost of goods sold": 92307,
        "Gross Profit": -6337,
        "Financial expenses": 15509,
        "Of which: Interest expense": 15509,
        "Cost of sales": 1103,
        "Enterprise cost management": 2518,
        "Total Operating Expenses": 19130,
        "Total revenue financing activities": 7,
        "Net profit from business activities": -25460,
        "Profit": 238,
        "Profit before tax": -25222,
        "Present corporate income tax expenses": "N/A",
        "Deferred income taxes expenses": "N/A",
        "The interests of minority shareholders": "N/A",
        "Total Cost of profits": 0,
        "Profit after tax corporate income": -25222,
        "Volume": 27223647,
        "Close of Quarter": 0.9,
        "EPS": 153,
        "Non-adjusted EPS": 153,
        "PE": 5.9,
        "Book Price": -1.4
      }
    },
    {
      "quarter": "Q4 2016",
      "income status": {
        "Net sales": 72614,
        "Cost of goods sold": 79238,
        "Gross Profit": -6624,
        "Financial expenses": 21885,
        "Of which: Interest expense": 21885,
        "Cost of sales": 668,
        "Enterprise cost management": 3325,
        "Total Operating Expenses": 25878,
        "Total revenue financing activities": 1,
        "Net profit from business activities": -32500,
        "Profit": 1075,
        "Profit before tax": -31426,
        "Present corporate income tax expenses": "N/A",
        "Deferred income taxes expenses": "N/A",
        "The interests of minority shareholders": "N/A",
        "Total Cost of profits": 0,
        "Profit after tax corporate income": -31426,
        "Volume": 27223647,
        "Close of Quarter": 1,
        "EPS": 49,
        "Non-adjusted EPS": 49,
        "PE": 20.4,
        "Book Price": 0.5
      }
    },
    {
      "quarter": "Q3 2016",
      "income status": {
        "Net sales": 64858,
        "Cost of goods sold": 69255,
        "Gross Profit": -4397,
        "Financial expenses": 8935,
        "Of which: Interest expense": 8935,
        "Cost of sales": 686,
        "Enterprise cost management": 3150,
        "Total Operating Expenses": 12771,
        "Total revenue financing activities": 3,
        "Net profit from business activities": -17165,
        "Profit": 77460,
        "Profit before tax": 60294,
        "Present corporate income tax expenses": "N/A",
        "Deferred income taxes expenses": "N/A",
        "The interests of minority shareholders": "N/A",
        "Total Cost of profits": 0,
        "Profit after tax corporate income": 60294,
        "Volume": 27223647,
        "Close of Quarter": 1.5,
        "EPS": 313,
        "Non-adjusted EPS": 313,
        "PE": 4.8,
        "Book Price": 1.6
      }
    },
    {
      "quarter": "Q2 2016",
      "income status": {
        "Net sales": 70959,
        "Cost of goods sold": 73565,
        "Gross Profit": -2605,
        "Financial expenses": 18667,
        "Of which: Interest expense": 15089,
        "Cost of sales": 779,
        "Enterprise cost management": 2531,
        "Total Operating Expenses": 21977,
        "Total revenue financing activities": 176,
        "Net profit from business activities": -24407,
        "Profit": 24925,
        "Profit before tax": 518,
        "Present corporate income tax expenses": "N/A",
        "Deferred income taxes expenses": "N/A",
        "The interests of minority shareholders": "N/A",
        "Total Cost of profits": 0,
        "Profit after tax corporate income": 518,
        "Volume": 27223647,
        "Close of Quarter": 2.1,
        "EPS": -2807,
        "Non-adjusted EPS": -2807,
        "PE": -0.8,
        "Book Price": -0.6
      }
    },
    {
      "quarter": "Q1 2016",
      "income status": {
        "Net sales": 71485,
        "Cost of goods sold": 79007,
        "Gross Profit": -7522,
        "Financial expenses": 15625,
        "Of which: Interest expense": 15625,
        "Cost of sales": 1352,
        "Enterprise cost management": 3458,
        "Total Operating Expenses": 20435,
        "Total revenue financing activities": 33,
        "Net profit from business activities": -27923,
        "Profit": -136,
        "Profit before tax": -28059,
        "Present corporate income tax expenses": "N/A",
        "Deferred income taxes expenses": "N/A",
        "The interests of minority shareholders": "N/A",
        "Total Cost of profits": 0,
        "Profit after tax corporate income": -28059,
        "Volume": 27223647,
        "Close of Quarter": 2.2,
        "EPS": -3425,
        "Non-adjusted EPS": -3425,
        "PE": -0.6,
        "Book Price": -0.6
      }
    },
    {
      "quarter": "Q4 2015",
      "income status": {
        "Net sales": 60382,
        "Cost of goods sold": 62628,
        "Gross Profit": -2246,
        "Financial expenses": 15975,
        "Of which: Interest expense": 18072,
        "Cost of sales": 1743,
        "Enterprise cost management": 3907,
        "Total Operating Expenses": 21625,
        "Total revenue financing activities": 1,
        "Net profit from business activities": -23870,
        "Profit": -361,
        "Profit before tax": -24231,
        "Present corporate income tax expenses": "N/A",
        "Deferred income taxes expenses": "N/A",
        "The interests of minority shareholders": "N/A",
        "Total Cost of profits": 0,
        "Profit after tax corporate income": -24231,
        "Volume": 27223647,
        "Close of Quarter": 2.2,
        "EPS": -3190,
        "Non-adjusted EPS": -3190,
        "PE": -0.7,
        "Book Price": 0.4
      }
    },
    {
      "quarter": "Q3 2015",
      "income status": {
        "Net sales": 70808,
        "Cost of goods sold": 71507,
        "Gross Profit": -699,
        "Financial expenses": 17972,
        "Of which: Interest expense": 17972,
        "Cost of sales": 2062,
        "Enterprise cost management": 3832,
        "Total Operating Expenses": 23866,
        "Total revenue financing activities": 2,
        "Net profit from business activities": -24563,
        "Profit": -90,
        "Profit before tax": -24652,
        "Present corporate income tax expenses": "N/A",
        "Deferred income taxes expenses": "N/A",
        "The interests of minority shareholders": "N/A",
        "Total Cost of profits": 0,
        "Profit after tax corporate income": -24652,
        "Volume": 27223647,
        "Close of Quarter": 2.2,
        "EPS": -3366,
        "Non-adjusted EPS": -3366,
        "PE": -0.7,
        "Book Price": 1.3
      }
    },
    {
      "quarter": "Q2 2015",
      "income status": {
        "Net sales": 102914,
        "Cost of goods sold": 94666,
        "Gross Profit": 8248,
        "Financial expenses": 18196,
        "Of which: Interest expense": 18078,
        "Cost of sales": 1629,
        "Enterprise cost management": 4678,
        "Total Operating Expenses": 24503,
        "Total revenue financing activities": 7,
        "Net profit from business activities": -16248,
        "Profit": -46,
        "Profit before tax": -16294,
        "Present corporate income tax expenses": "N/A",
        "Deferred income taxes expenses": "N/A",
        "The interests of minority shareholders": "N/A",
        "Total Cost of profits": 0,
        "Profit after tax corporate income": -16294,
        "Volume": 27223647,
        "Close of Quarter": 2.2,
        "EPS": -3517,
        "Non-adjusted EPS": -3517,
        "PE": -0.6,
        "Book Price": "N/A"
      }
    },
    {
      "quarter": "Q1 2015",
      "income status": {
        "Net sales": 72297,
        "Cost of goods sold": 70162,
        "Gross Profit": 2136,
        "Financial expenses": 17640,
        "Of which: Interest expense": 17626,
        "Cost of sales": 1774,
        "Enterprise cost management": 4372,
        "Total Operating Expenses": 23786,
        "Total revenue financing activities": 5,
        "Net profit from business activities": -21645,
        "Profit": -29,
        "Profit before tax": -21675,
        "Present corporate income tax expenses": "N/A",
        "Deferred income taxes expenses": "N/A",
        "The interests of minority shareholders": "N/A",
        "Total Cost of profits": 0,
        "Profit after tax corporate income": -21675,
        "Volume": 27223647,
        "Close of Quarter": 2.3,
        "EPS": -3857,
        "Non-adjusted EPS": -3857,
        "PE": -0.6,
        "Book Price": 2.8
      }
    },
    {
      "quarter": "Q4 2014",
      "income status": {
        "Net sales": 69110,
        "Cost of goods sold": 69141,
        "Gross Profit": -30,
        "Financial expenses": 19992,
        "Of which: Interest expense": 21088,
        "Cost of sales": 2377,
        "Enterprise cost management": 6607,
        "Total Operating Expenses": 28976,
        "Total revenue financing activities": 36,
        "Net profit from business activities": -28971,
        "Profit": -36,
        "Profit before tax": -29007,
        "Present corporate income tax expenses": "N/A",
        "Deferred income taxes expenses": "N/A",
        "The interests of minority shareholders": "N/A",
        "Total Cost of profits": 0,
        "Profit after tax corporate income": -29007,
        "Volume": 27223647,
        "Close of Quarter": 2.2,
        "EPS": -4039,
        "Non-adjusted EPS": -4039,
        "PE": -0.5,
        "Book Price": 3.7
      }
    },
    {
      "quarter": "Q3 2014",
      "income status": {
        "Net sales": 60196,
        "Cost of goods sold": 63477,
        "Gross Profit": -3281,
        "Financial expenses": 18556,
        "Of which: Interest expense": 18556,
        "Cost of sales": 1492,
        "Enterprise cost management": 5146,
        "Total Operating Expenses": 25194,
        "Total revenue financing activities": 53,
        "Net profit from business activities": -28422,
        "Profit": -356,
        "Profit before tax": -28779,
        "Present corporate income tax expenses": "N/A",
        "Deferred income taxes expenses": "N/A",
        "The interests of minority shareholders": "N/A",
        "Total Cost of profits": 0,
        "Profit after tax corporate income": -28779,
        "Volume": 27223647,
        "Close of Quarter": 2.6,
        "EPS": -4134,
        "Non-adjusted EPS": -4134,
        "PE": -0.6,
        "Book Price": 4.8
      }
    },
    {
      "quarter": "Q2 2014",
      "income status": {
        "Net sales": 84754,
        "Cost of goods sold": 86470,
        "Gross Profit": -1716,
        "Financial expenses": 17297,
        "Of which: Interest expense": 19324,
        "Cost of sales": 2144,
        "Enterprise cost management": 4292,
        "Total Operating Expenses": 23733,
        "Total revenue financing activities": 21,
        "Net profit from business activities": -25429,
        "Profit": -106,
        "Profit before tax": -25535,
        "Present corporate income tax expenses": "N/A",
        "Deferred income taxes expenses": "N/A",
        "The interests of minority shareholders": "N/A",
        "Total Cost of profits": 0,
        "Profit after tax corporate income": -25535,
        "Volume": 27223647,
        "Close of Quarter": 2.8,
        "EPS": -3973,
        "Non-adjusted EPS": -3973,
        "PE": -0.7,
        "Book Price": 5.8
      }
    },
    {
      "quarter": "Q1 2014",
      "income status": {
        "Net sales": 76045,
        "Cost of goods sold": 77407,
        "Gross Profit": -1361,
        "Financial expenses": 20160,
        "Of which: Interest expense": 20149,
        "Cost of sales": 2026,
        "Enterprise cost management": 3123,
        "Total Operating Expenses": 25309,
        "Total revenue financing activities": 3,
        "Net profit from business activities": -26666,
        "Profit": 35,
        "Profit before tax": -26631,
        "Present corporate income tax expenses": "N/A",
        "Deferred income taxes expenses": "N/A",
        "The interests of minority shareholders": "N/A",
        "Total Cost of profits": 0,
        "Profit after tax corporate income": -26631,
        "Volume": 27223647,
        "Close of Quarter": 3.7,
        "EPS": -4584,
        "Non-adjusted EPS": -4584,
        "PE": -0.8,
        "Book Price": 6.7
      }
    },
    {
      "quarter": "Q4 2013",
      "income status": {
        "Net sales": 62736,
        "Cost of goods sold": 66742,
        "Gross Profit": -4006,
        "Financial expenses": 20987,
        "Of which: Interest expense": 20596,
        "Cost of sales": 1559,
        "Enterprise cost management": 5242,
        "Total Operating Expenses": 27788,
        "Total revenue financing activities": 56,
        "Net profit from business activities": -31737,
        "Profit": 132,
        "Profit before tax": -31605,
        "Present corporate income tax expenses": "N/A",
        "Deferred income taxes expenses": "N/A",
        "The interests of minority shareholders": "N/A",
        "Total Cost of profits": 0,
        "Profit after tax corporate income": -31605,
        "Volume": 27223647,
        "Close of Quarter": 2.7,
        "EPS": -4765,
        "Non-adjusted EPS": -4765,
        "PE": -0.6,
        "Book Price": 7.9
      }
    },
    {
      "quarter": "Q3 2013",
      "income status": {
        "Net sales": 68527,
        "Cost of goods sold": 65519,
        "Gross Profit": 3007,
        "Financial expenses": 19904,
        "Of which: Interest expense": 19849,
        "Cost of sales": 2676,
        "Enterprise cost management": 4693,
        "Total Operating Expenses": 27273,
        "Total revenue financing activities": 6,
        "Net profit from business activities": -24259,
        "Profit": -119,
        "Profit before tax": -24378,
        "Present corporate income tax expenses": "N/A",
        "Deferred income taxes expenses": "N/A",
        "The interests of minority shareholders": "N/A",
        "Total Cost of profits": 0,
        "Profit after tax corporate income": -24378,
        "Volume": 27223647,
        "Close of Quarter": 2,
        "EPS": -4402,
        "Non-adjusted EPS": -4402,
        "PE": -0.5,
        "Book Price": 9.1
      }
    },
    {
      "quarter": "Q2 2013",
      "income status": {
        "Net sales": 91581,
        "Cost of goods sold": 85264,
        "Gross Profit": 6316,
        "Financial expenses": 36847,
        "Of which: Interest expense": 24857,
        "Cost of sales": 2547,
        "Enterprise cost management": 5202,
        "Total Operating Expenses": 44596,
        "Total revenue financing activities": 35,
        "Net profit from business activities": -38245,
        "Profit": -3941,
        "Profit before tax": -42186,
        "Present corporate income tax expenses": "N/A",
        "Deferred income taxes expenses": "N/A",
        "The interests of minority shareholders": "N/A",
        "Total Cost of profits": 0,
        "Profit after tax corporate income": -42186,
        "Volume": 27223647,
        "Close of Quarter": 2.2,
        "EPS": -4545,
        "Non-adjusted EPS": -4545,
        "PE": -0.5,
        "Book Price": 10
      }
    },
    {
      "quarter": "Q1 2013",
      "income status": {
        "Net sales": 56845,
        "Cost of goods sold": 59998,
        "Gross Profit": -3154,
        "Financial expenses": 22793,
        "Of which: Interest expense": 22741,
        "Cost of sales": 1275,
        "Enterprise cost management": 4279,
        "Total Operating Expenses": 28347,
        "Total revenue financing activities": 10,
        "Net profit from business activities": -31491,
        "Profit": -49,
        "Profit before tax": -31539,
        "Present corporate income tax expenses": "N/A",
        "Deferred income taxes expenses": "N/A",
        "The interests of minority shareholders": "N/A",
        "Total Cost of profits": 0,
        "Profit after tax corporate income": -31539,
        "Volume": 27223647,
        "Close of Quarter": 2.6,
        "EPS": -2822,
        "Non-adjusted EPS": -2822,
        "PE": -0.9,
        "Book Price": 11.5
      }
    },
    {
      "quarter": "Q4 2012",
      "income status": {
        "Net sales": 123935,
        "Cost of goods sold": 114569,
        "Gross Profit": 9365,
        "Financial expenses": 25524,
        "Of which: Interest expense": 25514,
        "Cost of sales": 1870,
        "Enterprise cost management": 5355,
        "Total Operating Expenses": 32749,
        "Total revenue financing activities": 26,
        "Net profit from business activities": -23357,
        "Profit": -868,
        "Profit before tax": -24225,
        "Present corporate income tax expenses": -2495,
        "Deferred income taxes expenses": "N/A",
        "The interests of minority shareholders": "N/A",
        "Total Cost of profits": -2495,
        "Profit after tax corporate income": -21730,
        "Volume": 27223647,
        "Close of Quarter": 2.9,
        "EPS": -2015,
        "Non-adjusted EPS": -2015,
        "PE": -1.4,
        "Book Price": 12.7
      }
    },
    {
      "quarter": "Q3 2012",
      "income status": {
        "Net sales": 123315,
        "Cost of goods sold": 120321,
        "Gross Profit": 2994,
        "Financial expenses": 24944,
        "Of which: Interest expense": 24868,
        "Cost of sales": 1759,
        "Enterprise cost management": 4548,
        "Total Operating Expenses": 31251,
        "Total revenue financing activities": 21,
        "Net profit from business activities": -28236,
        "Profit": -33,
        "Profit before tax": -28269,
        "Present corporate income tax expenses": "N/A",
        "Deferred income taxes expenses": "N/A",
        "The interests of minority shareholders": "N/A",
        "Total Cost of profits": 0,
        "Profit after tax corporate income": -28269,
        "Volume": 27223647,
        "Close of Quarter": 3.2,
        "EPS": -1100,
        "Non-adjusted EPS": -1100,
        "PE": -2.9,
        "Book Price": 13.5
      }
    },
    {
      "quarter": "Q2 2012",
      "income status": {
        "Net sales": 129419,
        "Cost of goods sold": 126964,
        "Gross Profit": 2455,
        "Financial expenses": 29181,
        "Of which: Interest expense": 29035,
        "Cost of sales": 1965,
        "Enterprise cost management": 4744,
        "Total Operating Expenses": 35890,
        "Total revenue financing activities": 75,
        "Net profit from business activities": -33360,
        "Profit": 36861,
        "Profit before tax": 3501,
        "Present corporate income tax expenses": 1960,
        "Deferred income taxes expenses": -3164,
        "The interests of minority shareholders": "N/A",
        "Total Cost of profits": -1204,
        "Profit after tax corporate income": 4704,
        "Volume": 27223647,
        "Close of Quarter": 4.8,
        "EPS": 220,
        "Non-adjusted EPS": 220,
        "PE": 21.8,
        "Book Price": 14.5
      }
    },
    {
      "quarter": "Q1 2012",
      "income status": {
        "Net sales": 154773,
        "Cost of goods sold": 130772,
        "Gross Profit": 24001,
        "Financial expenses": 28395,
        "Of which: Interest expense": 28353,
        "Cost of sales": 2385,
        "Enterprise cost management": 4064,
        "Total Operating Expenses": 34844,
        "Total revenue financing activities": 1392,
        "Net profit from business activities": -9451,
        "Profit": -102,
        "Profit before tax": -9553,
        "Present corporate income tax expenses": "N/A",
        "Deferred income taxes expenses": "N/A",
        "The interests of minority shareholders": "N/A",
        "Total Cost of profits": 0,
        "Profit after tax corporate income": -9553,
        "Volume": 27223647,
        "Close of Quarter": 5.1,
        "EPS": 166,
        "Non-adjusted EPS": 166,
        "PE": 30.7,
        "Book Price": 14.4
      }
    },
    {
      "quarter": "Q4 2011",
      "income status": {
        "Net sales": 100632,
        "Cost of goods sold": 76724,
        "Gross Profit": 23908,
        "Financial expenses": 13077,
        "Of which: Interest expense": 12732,
        "Cost of sales": 1936,
        "Enterprise cost management": 4709,
        "Total Operating Expenses": 19722,
        "Total revenue financing activities": 127,
        "Net profit from business activities": 4313,
        "Profit": 84,
        "Profit before tax": 40693,
        "Present corporate income tax expenses": 1226,
        "Deferred income taxes expenses": "N/A",
        "The interests of minority shareholders": "N/A",
        "Total Cost of profits": 1226,
        "Profit after tax corporate income": 3171,
        "Volume": 27223647,
        "Close of Quarter": 4.1,
        "EPS": 1150,
        "Non-adjusted EPS": 1150,
        "PE": 3.6,
        "Book Price": 14.6
      }
    },
    {
      "quarter": "Q3 2011",
      "income status": {
        "Net sales": 69547,
        "Cost of goods sold": 49280,
        "Gross Profit": 20267,
        "Financial expenses": 5101,
        "Of which: Interest expense": 4873,
        "Cost of sales": 852,
        "Enterprise cost management": 3654,
        "Total Operating Expenses": 9607,
        "Total revenue financing activities": 28,
        "Net profit from business activities": 10687,
        "Profit": -447,
        "Profit before tax": 10241,
        "Present corporate income tax expenses": 2565,
        "Deferred income taxes expenses": "N/A",
        "The interests of minority shareholders": "N/A",
        "Total Cost of profits": 2565,
        "Profit after tax corporate income": 7675,
        "Volume": 27223647,
        "Close of Quarter": 6.7,
        "EPS": 1394,
        "Non-adjusted EPS": 1394,
        "PE": 4.8,
        "Book Price": 14.5
      }
    },
    {
      "quarter": "Q2 2011",
      "income status": {
        "Net sales": 53525,
        "Cost of goods sold": 40397,
        "Gross Profit": 13128,
        "Financial expenses": 5017,
        "Of which: Interest expense": 4500,
        "Cost of sales": 761,
        "Enterprise cost management": 3978,
        "Total Operating Expenses": 9756,
        "Total revenue financing activities": 886,
        "Net profit from business activities": 4258,
        "Profit": 54,
        "Profit before tax": 4313,
        "Present corporate income tax expenses": 1083,
        "Deferred income taxes expenses": "N/A",
        "The interests of minority shareholders": "N/A",
        "Total Cost of profits": 1083,
        "Profit after tax corporate income": 3229,
        "Volume": 27223647,
        "Close of Quarter": 6.9,
        "EPS": 1294,
        "Non-adjusted EPS": 1294,
        "PE": 5.3,
        "Book Price": 14.9
      }
    },
    {
      "quarter": "Q1 2011",
      "income status": {
        "Net sales": 88427,
        "Cost of goods sold": 56628,
        "Gross Profit": 31799,
        "Financial expenses": 4280,
        "Of which: Interest expense": 3576,
        "Cost of sales": 1221,
        "Enterprise cost management": 3490,
        "Total Operating Expenses": 8991,
        "Total revenue financing activities": 31,
        "Net profit from business activities": 22839,
        "Profit": 155,
        "Profit before tax": 22994,
        "Present corporate income tax expenses": 5754,
        "Deferred income taxes expenses": "N/A",
        "The interests of minority shareholders": "N/A",
        "Total Cost of profits": 5754,
        "Profit after tax corporate income": 17240,
        "Volume": 27223647,
        "Close of Quarter": 7.3,
        "EPS": 1400,
        "Non-adjusted EPS": 1400,
        "PE": 5.2,
        "Book Price": 15.3
      }
    },
    {
      "quarter": "Q4 2010",
      "income status": {
        "Net sales": 110791,
        "Cost of goods sold": 90737,
        "Gross Profit": 20054,
        "Financial expenses": 4668,
        "Of which: Interest expense": 3331,
        "Cost of sales": 1387,
        "Enterprise cost management": 4463,
        "Total Operating Expenses": 10518,
        "Total revenue financing activities": 2712,
        "Net profit from business activities": 12248,
        "Profit": 109,
        "Profit before tax": 12357,
        "Present corporate income tax expenses": 2555,
        "Deferred income taxes expenses": "N/A",
        "The interests of minority shareholders": "N/A",
        "Total Cost of profits": 2555,
        "Profit after tax corporate income": 9802,
        "Volume": 27223647,
        "Close of Quarter": 9.6,
        "EPS": 1006,
        "Non-adjusted EPS": 1006,
        "PE": 9.5,
        "Book Price": 14.4
      }
    },
    {
      "quarter": "Q3 2010",
      "income status": {
        "Net sales": 78657,
        "Cost of goods sold": 64391,
        "Gross Profit": 14266,
        "Financial expenses": 4395,
        "Of which: Interest expense": 3639,
        "Cost of sales": 578,
        "Enterprise cost management": 3066,
        "Total Operating Expenses": 8039,
        "Total revenue financing activities": 35,
        "Net profit from business activities": 6261,
        "Profit": 371,
        "Profit before tax": 6632,
        "Present corporate income tax expenses": 1664,
        "Deferred income taxes expenses": "N/A",
        "The interests of minority shareholders": "N/A",
        "Total Cost of profits": 1664,
        "Profit after tax corporate income": 4968,
        "Volume": 27223647,
        "Close of Quarter": 10.2,
        "EPS": 1013,
        "Non-adjusted EPS": 1013,
        "PE": 10.1,
        "Book Price": 14.4
      }
    },
    {
      "quarter": "Q2 2010",
      "income status": {
        "Net sales": 79171,
        "Cost of goods sold": 65294,
        "Gross Profit": 13877,
        "Financial expenses": 4238,
        "Of which: Interest expense": 2331,
        "Cost of sales": 833,
        "Enterprise cost management": 3158,
        "Total Operating Expenses": 8229,
        "Total revenue financing activities": 1768,
        "Net profit from business activities": 7416,
        "Profit": 735,
        "Profit before tax": 8151,
        "Present corporate income tax expenses": 2044,
        "Deferred income taxes expenses": "N/A",
        "The interests of minority shareholders": "N/A",
        "Total Cost of profits": 2044,
        "Profit after tax corporate income": 6107,
        "Volume": 18149098,
        "Close of Quarter": 13.1,
        "EPS": 1038,
        "Non-adjusted EPS": 1557,
        "PE": 8.4,
        "Book Price": 14.5
      }
    },
    {
      "quarter": "Q1 2010",
      "income status": {
        "Net sales": 70675,
        "Cost of goods sold": 55577,
        "Gross Profit": 15098,
        "Financial expenses": 3210,
        "Of which: Interest expense": 2551,
        "Cost of sales": 932,
        "Enterprise cost management": 2687,
        "Total Operating Expenses": 6829,
        "Total revenue financing activities": 70,
        "Net profit from business activities": 8339,
        "Profit": 342,
        "Profit before tax": 8681,
        "Present corporate income tax expenses": 2176,
        "Deferred income taxes expenses": "N/A",
        "The interests of minority shareholders": "N/A",
        "Total Cost of profits": 2176,
        "Profit after tax corporate income": 6506,
        "Volume": 18149098,
        "Close of Quarter": 12.5,
        "EPS": 1166.7,
        "Non-adjusted EPS": 1750,
        "PE": 7.1,
        "Book Price": 11.8
      }
    },
    {
      "quarter": "Q4 2009",
      "income status": {
        "Net sales": 121109,
        "Cost of goods sold": 98758,
        "Gross Profit": 22351,
        "Financial expenses": 2154,
        "Of which: Interest expense": "N/A",
        "Cost of sales": 1267,
        "Enterprise cost management": 5435,
        "Total Operating Expenses": 8856,
        "Total revenue financing activities": 210,
        "Net profit from business activities": 13705,
        "Profit": -211,
        "Profit before tax": 13494,
        "Present corporate income tax expenses": 3491,
        "Deferred income taxes expenses": "N/A",
        "The interests of minority shareholders": "N/A",
        "Total Cost of profits": 3491,
        "Profit after tax corporate income": 10003,
        "Volume": 18149098,
        "Close of Quarter": 11.9,
        "EPS": 1268.7,
        "Non-adjusted EPS": 1903,
        "PE": 6.3,
        "Book Price": 11.6
      }
    },
    {
      "quarter": "Q3 2009",
      "income status": {
        "Net sales": 54912,
        "Cost of goods sold": 43501,
        "Gross Profit": 11411,
        "Financial expenses": 745,
        "Of which: Interest expense": "N/A",
        "Cost of sales": 782,
        "Enterprise cost management": 2723,
        "Total Operating Expenses": 4250,
        "Total revenue financing activities": 202,
        "Net profit from business activities": 7363,
        "Profit": 155,
        "Profit before tax": 7518,
        "Present corporate income tax expenses": 1879,
        "Deferred income taxes expenses": "N/A",
        "The interests of minority shareholders": "N/A",
        "Total Cost of profits": 1879,
        "Profit after tax corporate income": 5638,
        "Volume": 18149098,
        "Close of Quarter": 13.6,
        "EPS": 1246.7,
        "Non-adjusted EPS": 1870,
        "PE": 7.3,
        "Book Price": 11.9
      }
    },
    {
      "quarter": "Q2 2009",
      "income status": {
        "Net sales": 72935,
        "Cost of goods sold": 56326,
        "Gross Profit": 16608,
        "Financial expenses": 1253,
        "Of which: Interest expense": 722,
        "Cost of sales": 1018,
        "Enterprise cost management": 3297,
        "Total Operating Expenses": 5568,
        "Total revenue financing activities": 230,
        "Net profit from business activities": 11269,
        "Profit": 739,
        "Profit before tax": 12009,
        "Present corporate income tax expenses": 2392,
        "Deferred income taxes expenses": "N/A",
        "The interests of minority shareholders": "N/A",
        "Total Cost of profits": 2392,
        "Profit after tax corporate income": 9616,
        "Volume": 18146019,
        "Close of Quarter": 9.8,
        "EPS": 1226.5,
        "Non-adjusted EPS": 1840,
        "PE": 5.3,
        "Book Price": 11.7
      }
    },
    {
      "quarter": "Q1 2009",
      "income status": {
        "Net sales": 64568,
        "Cost of goods sold": 47319,
        "Gross Profit": 17249,
        "Financial expenses": 836,
        "Of which: Interest expense": 740,
        "Cost of sales": 952,
        "Enterprise cost management": 3204,
        "Total Operating Expenses": 4992,
        "Total revenue financing activities": 95,
        "Net profit from business activities": 12352,
        "Profit": 33,
        "Profit before tax": 12385,
        "Present corporate income tax expenses": 3096,
        "Deferred income taxes expenses": "N/A",
        "The interests of minority shareholders": "N/A",
        "Total Cost of profits": 3096,
        "Profit after tax corporate income": 9288,
        "Volume": 18146019,
        "Close of Quarter": 6.0,
        "EPS": 1298.5,
        "Non-adjusted EPS": 1948,
        "PE": 3.1,
        "Book Price": 11.4
      }
    },
    {
      "quarter": "Q4 2008",
      "income status": {
        "Net sales": 61100,
        "Cost of goods sold": 45340,
        "Gross Profit": 15760,
        "Financial expenses": 1346,
        "Of which: Interest expense": "N/A",
        "Cost of sales": 824,
        "Enterprise cost management": 2928,
        "Total Operating Expenses": 5098,
        "Total revenue financing activities": 244,
        "Net profit from business activities": 10905,
        "Profit": 39,
        "Profit before tax": 10944,
        "Present corporate income tax expenses": 1541,
        "Deferred income taxes expenses": "N/A",
        "The interests of minority shareholders": "N/A",
        "Total Cost of profits": 1541,
        "Profit after tax corporate income": 9403,
        "Volume": 18146019,
        "Close of Quarter": 6.2,
        "EPS": 1246.5,
        "Non-adjusted EPS": 1870,
        "PE": 3.3,
        "Book Price": 10.9
      }
    },
    {
      "quarter": "Q3 2008",
      "income status": {
        "Net sales": 42245,
        "Cost of goods sold": 32398,
        "Gross Profit": 9847,
        "Financial expenses": 657,
        "Of which: Interest expense": "N/A",
        "Cost of sales": 397,
        "Enterprise cost management": 3187,
        "Total Operating Expenses": 4241,
        "Total revenue financing activities": 233,
        "Net profit from business activities": 5839,
        "Profit": 60,
        "Profit before tax": 5899,
        "Present corporate income tax expenses": 826,
        "Deferred income taxes expenses": "N/A",
        "The interests of minority shareholders": "N/A",
        "Total Cost of profits": 826,
        "Profit after tax corporate income": 5073,
        "Volume": 18146019,
        "Close of Quarter": 8.3,
        "EPS": 1331.8,
        "Non-adjusted EPS": 1998,
        "PE": 4.2,
        "Book Price": 11.1
      }
    },
    {
      "quarter": "Q2 2008",
      "income status": {
        "Net sales": 59528,
        "Cost of goods sold": 44080,
        "Gross Profit": 15448,
        "Financial expenses": "N/A",
        "Of which: Interest expense": "N/A",
        "Cost of sales": 639,
        "Enterprise cost management": 2341,
        "Total Operating Expenses": 2980,
        "Total revenue financing activities": 973,
        "Net profit from business activities": 13441,
        "Profit": 39,
        "Profit before tax": 13480,
        "Present corporate income tax expenses": 1890,
        "Deferred income taxes expenses": "N/A",
        "The interests of minority shareholders": "N/A",
        "Total Cost of profits": 1890,
        "Profit after tax corporate income": 11590,
        "Volume": 18146019,
        "Close of Quarter": 7.3,
        "EPS": 1382.4,
        "Non-adjusted EPS": 2074,
        "PE": 3.5,
        "Book Price": 10.9
      }
    },
    {
      "quarter": "Q1 2008",
      "income status": {
        "Net sales": 34138,
        "Cost of goods sold": 22101,
        "Gross Profit": 12037,
        "Financial expenses": "N/A",
        "Of which: Interest expense": "N/A",
        "Cost of sales": 570,
        "Enterprise cost management": 3030,
        "Total Operating Expenses": 3600,
        "Total revenue financing activities": 663,
        "Net profit from business activities": 9100,
        "Profit": 57,
        "Profit before tax": 9156,
        "Present corporate income tax expenses": 1282,
        "Deferred income taxes expenses": "N/A",
        "The interests of minority shareholders": "N/A",
        "Total Cost of profits": 1282,
        "Profit after tax corporate income": 7874,
        "Volume": 18146019,
        "Close of Quarter": 11.0,
        "EPS": 1209.8,
        "Non-adjusted EPS": 1815,
        "PE": 6.0,
        "Book Price": 10.5
      }
    },
    {
      "quarter": "Q4 2007",
      "income status": {
        "Net sales": 57978,
        "Cost of goods sold": 40187,
        "Gross Profit": 17791,
        "Financial expenses": 525,
        "Of which: Interest expense": 525,
        "Cost of sales": 888,
        "Enterprise cost management": 2974,
        "Total Operating Expenses": 4387,
        "Total revenue financing activities": 391,
        "Net profit from business activities": 13794,
        "Profit": -86,
        "Profit before tax": 13708,
        "Present corporate income tax expenses": 1982,
        "Deferred income taxes expenses": "N/A",
        "The interests of minority shareholders": "N/A",
        "Total Cost of profits": 1982,
        "Profit after tax corporate income": 11726,
        "Volume": 12097346,
        "Close of Quarter": 18.1,
        "EPS": 1233.1,
        "Non-adjusted EPS": 2775,
        "PE": 6.5,
        "Book Price": 11.3
      }
    },
    {
      "quarter": "Q3 2007",
      "income status": {
        "Net sales": 28239,
        "Cost of goods sold": 18607,
        "Gross Profit": 9632,
        "Financial expenses": 207,
        "Of which: Interest expense": 179,
        "Cost of sales": 438,
        "Enterprise cost management": 1802,
        "Total Operating Expenses": 2447,
        "Total revenue financing activities": 383,
        "Net profit from business activities": 7569,
        "Profit": -85,
        "Profit before tax": 7484,
        "Present corporate income tax expenses": 1048,
        "Deferred income taxes expenses": "N/A",
        "The interests of minority shareholders": "N/A",
        "Total Cost of profits": 1048,
        "Profit after tax corporate income": 6436,
        "Volume": 12097346,
        "Close of Quarter": 20.1,
        "EPS": 1176.2,
        "Non-adjusted EPS": 2647,
        "PE": 7.6,
        "Book Price": 5.8
      }
    },
    {
      "quarter": "Q2 2007",
      "income status": {
        "Net sales": 33022,
        "Cost of goods sold": 23687,
        "Gross Profit": 9334,
        "Financial expenses": "N/A",
        "Of which: Interest expense": "N/A",
        "Cost of sales": 372,
        "Enterprise cost management": 1862,
        "Total Operating Expenses": 2234,
        "Total revenue financing activities": 1217,
        "Net profit from business activities": 8317,
        "Profit": -287,
        "Profit before tax": 8029,
        "Present corporate income tax expenses": 1124,
        "Deferred income taxes expenses": "N/A",
        "The interests of minority shareholders": "N/A",
        "Total Cost of profits": 1124,
        "Profit after tax corporate income": 6905,
        "Volume": 12097346,
        "Close of Quarter": 19.3,
        "EPS": 1103.4,
        "Non-adjusted EPS": 2483,
        "PE": 7.8,
        "Book Price": 5.8
      }
    },
    {
      "quarter": "Q1 2007",
      "income status": {
        "Net sales": 38209,
        "Cost of goods sold": 26057,
        "Gross Profit": 12151,
        "Financial expenses": 15,
        "Of which: Interest expense": 15,
        "Cost of sales": 549,
        "Enterprise cost management": 1997,
        "Total Operating Expenses": 2561,
        "Total revenue financing activities": 360,
        "Net profit from business activities": 9951,
        "Profit": -60,
        "Profit before tax": 9891,
        "Present corporate income tax expenses": 1385,
        "Deferred income taxes expenses": "N/A",
        "The interests of minority shareholders": "N/A",
        "Total Cost of profits": 1385,
        "Profit after tax corporate income": 8506,
        "Volume": 12097346,
        "Close of Quarter": 24.3,
        "EPS": 1227.8,
        "Non-adjusted EPS": 2763,
        "PE": 8.8,
        "Book Price": 5.8
      }
    },
    {
      "quarter": "Q4 2006",
      "income status": {
        "Net sales": 64689,
        "Cost of goods sold": 49478,
        "Gross Profit": 15211,
        "Financial expenses": -1837,
        "Of which: Interest expense": 167,
        "Cost of sales": 913,
        "Enterprise cost management": 3189,
        "Total Operating Expenses": 2265,
        "Total revenue financing activities": 4292,
        "Net profit from business activities": 17239,
        "Profit": 31,
        "Profit before tax": 17271,
        "Present corporate income tax expenses": 7096,
        "Deferred income taxes expenses": "N/A",
        "The interests of minority shareholders": "N/A",
        "Total Cost of profits": 7096,
        "Profit after tax corporate income": 10175,
        "Volume": 12097346,
        "Close of Quarter": 15.7,
        "EPS": 1038.9,
        "Non-adjusted EPS": 2338,
        "PE": 6.7,
        "Book Price": 5.9
      }
    },
    {
      "quarter": "Q3 2006",
      "income status": {
        "Net sales": 23278,
        "Cost of goods sold": 16366,
        "Gross Profit": 6912,
        "Financial expenses": 46,
        "Of which: Interest expense": 23,
        "Cost of sales": 392,
        "Enterprise cost management": 1555,
        "Total Operating Expenses": 1993,
        "Total revenue financing activities": 167,
        "Net profit from business activities": 5086,
        "Profit": 254,
        "Profit before tax": 5341,
        "Present corporate income tax expenses": 888,
        "Deferred income taxes expenses": "N/A",
        "The interests of minority shareholders": "N/A",
        "Total Cost of profits": 888,
        "Profit after tax corporate income": 4453,
        "Volume": 12097346,
        "Close of Quarter": "N/A",
        "EPS": 665.2,
        "Non-adjusted EPS": 1497,
        "PE": "N/A",
        "Book Price": 5.5
      }
    },
    {
      "quarter": "Q2 2006",
      "income status": {
        "Net sales": 39942,
        "Cost of goods sold": 32199,
        "Gross Profit": 7744,
        "Financial expenses": 3801,
        "Of which: Interest expense": 96,
        "Cost of sales": 131,
        "Enterprise cost management": 1598,
        "Total Operating Expenses": 5530,
        "Total revenue financing activities": 9769,
        "Net profit from business activities": 11982,
        "Profit": 75,
        "Profit before tax": 12057,
        "Present corporate income tax expenses": 1769,
        "Deferred income taxes expenses": "N/A",
        "The interests of minority shareholders": "N/A",
        "Total Cost of profits": 1769,
        "Profit after tax corporate income": 10288,
        "Volume": 12097346,
        "Close of Quarter": "N/A",
        "EPS": 501.7,
        "Non-adjusted EPS": 1129,
        "PE": "N/A",
        "Book Price": 2.8
      }
    },
    {
      "quarter": "Q1 2006",
      "income status": {
        "Net sales": 41115,
        "Cost of goods sold": 34225,
        "Gross Profit": 6890,
        "Financial expenses": 104,
        "Of which: Interest expense": 104,
        "Cost of sales": 999,
        "Enterprise cost management": 1914,
        "Total Operating Expenses": 3017,
        "Total revenue financing activities": 33,
        "Net profit from business activities": 3906,
        "Profit": -54,
        "Profit before tax": 3852,
        "Present corporate income tax expenses": 481,
        "Deferred income taxes expenses": "N/A",
        "The interests of minority shareholders": "N/A",
        "Total Cost of profits": 481,
        "Profit after tax corporate income": 3370,
        "Volume": 12097346,
        "Close of Quarter": "N/A",
        "EPS": 124.0,
        "Non-adjusted EPS": 279,
        "PE": "N/A",
        "Book Price": 4.3
      }
    }
  ]
}