{
  "ticker": "GMC",
  "data": [
    {
      "quarter": "Q1 2017",
      "income status": {
        "Net sales": 313617,
        "Cost of goods sold": 265062,
        "Gross Profit": 48555,
        "Financial expenses": 2470,
        "Of which: Interest expense": 1453,
        "Cost of sales": 11752,
        "Enterprise cost management": 32211,
        "Total Operating Expenses": 46433,
        "Total revenue financing activities": 3200,
        "Net profit from business activities": 5322,
        "Profit": 12984,
        "Profit before tax": 18306,
        "Present corporate income tax expenses": 5088,
        "Deferred income taxes expenses": 271,
        "The interests of minority shareholders": "N/A",
        "Total Cost of profits": 5359,
        "Profit after tax corporate income": 12947,
        "Volume": 15506360,
        "Close of Quarter": 28.4,
        "EPS": 4343,
        "Non-adjusted EPS": 4343,
        "PE": 6.5,
        "Book Price": 18.7
      }
    },
    {
      "quarter": "Q4 2016",
      "income status": {
        "Net sales": 440464,
        "Cost of goods sold": 352030,
        "Gross Profit": 88434,
        "Financial expenses": 8205,
        "Of which: Interest expense": 2673,
        "Cost of sales": 13989,
        "Enterprise cost management": 67032,
        "Total Operating Expenses": 89226,
        "Total revenue financing activities": 4981,
        "Net profit from business activities": 4188,
        "Profit": 2294,
        "Profit before tax": 6483,
        "Present corporate income tax expenses": 857,
        "Deferred income taxes expenses": 17,
        "The interests of minority shareholders": "N/A",
        "Total Cost of profits": 874,
        "Profit after tax corporate income": 5609,
        "Volume": 15506360,
        "Close of Quarter": 23.9,
        "EPS": 4142,
        "Non-adjusted EPS": 4142,
        "PE": 5.8,
        "Book Price": 18.4
      }
    },
    {
      "quarter": "Q3 2016",
      "income status": {
        "Net sales": 472688,
        "Cost of goods sold": 396941,
        "Gross Profit": 75747,
        "Financial expenses": 2570,
        "Of which: Interest expense": 2796,
        "Cost of sales": 12903,
        "Enterprise cost management": 49120,
        "Total Operating Expenses": 64593,
        "Total revenue financing activities": 155,
        "Net profit from business activities": 11309,
        "Profit": 169,
        "Profit before tax": 11478,
        "Present corporate income tax expenses": 2606,
        "Deferred income taxes expenses": 50,
        "The interests of minority shareholders": "N/A",
        "Total Cost of profits": 2656,
        "Profit after tax corporate income": 8822,
        "Volume": 11641070,
        "Close of Quarter": 29.6,
        "EPS": 4141.0,
        "Non-adjusted EPS": 5516,
        "PE": 5.4,
        "Book Price": 16.7
      }
    },
    {
      "quarter": "Q2 2016",
      "income status": {
        "Net sales": 408390,
        "Cost of goods sold": 355043,
        "Gross Profit": 53347,
        "Financial expenses": 3301,
        "Of which: Interest expense": 2491,
        "Cost of sales": 10029,
        "Enterprise cost management": -1146,
        "Total Operating Expenses": 12184,
        "Total revenue financing activities": 1991,
        "Net profit from business activities": 43154,
        "Profit": 1787,
        "Profit before tax": 44941,
        "Present corporate income tax expenses": 4924,
        "Deferred income taxes expenses": 50,
        "The interests of minority shareholders": "N/A",
        "Total Cost of profits": 4974,
        "Profit after tax corporate income": 39967,
        "Volume": 11641070,
        "Close of Quarter": 27.6,
        "EPS": 4511.1,
        "Non-adjusted EPS": 6009,
        "PE": 4.6,
        "Book Price": 16.2
      }
    },
    {
      "quarter": "Q1 2016",
      "income status": {
        "Net sales": 289932,
        "Cost of goods sold": 232204,
        "Gross Profit": 57729,
        "Financial expenses": 3239,
        "Of which: Interest expense": 1772,
        "Cost of sales": 10154,
        "Enterprise cost management": 34296,
        "Total Operating Expenses": 47689,
        "Total revenue financing activities": 2221,
        "Net profit from business activities": 12261,
        "Profit": 486,
        "Profit before tax": 12747,
        "Present corporate income tax expenses": 2871,
        "Deferred income taxes expenses": 52,
        "The interests of minority shareholders": "N/A",
        "Total Cost of profits": 2923,
        "Profit after tax corporate income": 9824,
        "Volume": 11641070,
        "Close of Quarter": 29.2,
        "EPS": 4032.2,
        "Non-adjusted EPS": 5371,
        "PE": 5.4,
        "Book Price": 14.6
      }
    },
    {
      "quarter": "Q4 2015",
      "income status": {
        "Net sales": 387546,
        "Cost of goods sold": 312151,
        "Gross Profit": 75395,
        "Financial expenses": 8607,
        "Of which: Interest expense": 1845,
        "Cost of sales": 12005,
        "Enterprise cost management": 62163,
        "Total Operating Expenses": 82775,
        "Total revenue financing activities": 7916,
        "Net profit from business activities": 536,
        "Profit": 552,
        "Profit before tax": 1088,
        "Present corporate income tax expenses": -1358,
        "Deferred income taxes expenses": -15,
        "The interests of minority shareholders": -3138,
        "Total Cost of profits": -4511,
        "Profit after tax corporate income": 5599,
        "Volume": 11641070,
        "Close of Quarter": 27.4,
        "EPS": 4396.3,
        "Non-adjusted EPS": 5856,
        "PE": 4.7,
        "Book Price": 16.7
      }
    },
    {
      "quarter": "Q3 2015",
      "income status": {
        "Net sales": 458219,
        "Cost of goods sold": 384084,
        "Gross Profit": 74135,
        "Financial expenses": 7259,
        "Of which: Interest expense": 1803,
        "Cost of sales": 11652,
        "Enterprise cost management": 48030,
        "Total Operating Expenses": 66941,
        "Total revenue financing activities": 8711,
        "Net profit from business activities": 15906,
        "Profit": 2035,
        "Profit before tax": 17941,
        "Present corporate income tax expenses": 5656,
        "Deferred income taxes expenses": 82,
        "The interests of minority shareholders": -2363,
        "Total Cost of profits": 3375,
        "Profit after tax corporate income": 14566,
        "Volume": 11641070,
        "Close of Quarter": 33.9,
        "EPS": 4349.0,
        "Non-adjusted EPS": 5793,
        "PE": 5.9,
        "Book Price": 15.3
      }
    },
    {
      "quarter": "Q2 2015",
      "income status": {
        "Net sales": 362723,
        "Cost of goods sold": 310851,
        "Gross Profit": 51871,
        "Financial expenses": 6329,
        "Of which: Interest expense": 1425,
        "Cost of sales": 6694,
        "Enterprise cost management": 3225,
        "Total Operating Expenses": 16248,
        "Total revenue financing activities": 3653,
        "Net profit from business activities": 39276,
        "Profit": 1667,
        "Profit before tax": 40943,
        "Present corporate income tax expenses": 8008,
        "Deferred income taxes expenses": 82,
        "The interests of minority shareholders": 312,
        "Total Cost of profits": 8402,
        "Profit after tax corporate income": 32541,
        "Volume": 11641070,
        "Close of Quarter": 31.3,
        "EPS": 5103.5,
        "Non-adjusted EPS": 6798,
        "PE": 4.6,
        "Book Price": 17.0
      }
    },
    {
      "quarter": "Q1 2015",
      "income status": {
        "Net sales": 293317,
        "Cost of goods sold": 244642,
        "Gross Profit": 48675,
        "Financial expenses": 1845,
        "Of which: Interest expense": 1251,
        "Cost of sales": 4796,
        "Enterprise cost management": 23340,
        "Total Operating Expenses": 29981,
        "Total revenue financing activities": 1283,
        "Net profit from business activities": 19978,
        "Profit": 187,
        "Profit before tax": 20164,
        "Present corporate income tax expenses": 3751,
        "Deferred income taxes expenses": 82,
        "The interests of minority shareholders": 869,
        "Total Cost of profits": 4702,
        "Profit after tax corporate income": 15462,
        "Volume": 11641070,
        "Close of Quarter": 27.4,
        "EPS": 4002.1,
        "Non-adjusted EPS": 5331,
        "PE": 5.2,
        "Book Price": 15.8
      }
    },
    {
      "quarter": "Q4 2014",
      "income status": {
        "Net sales": 300387,
        "Cost of goods sold": 261880,
        "Gross Profit": 38507,
        "Financial expenses": 2706,
        "Of which: Interest expense": 860,
        "Cost of sales": 4451,
        "Enterprise cost management": 28672,
        "Total Operating Expenses": 35829,
        "Total revenue financing activities": 4108,
        "Net profit from business activities": 6787,
        "Profit": 184,
        "Profit before tax": 6971,
        "Present corporate income tax expenses": 2797,
        "Deferred income taxes expenses": -378,
        "The interests of minority shareholders": -320,
        "Total Cost of profits": 2099,
        "Profit after tax corporate income": 4871,
        "Volume": 11641070,
        "Close of Quarter": 25.0,
        "EPS": 3898.5,
        "Non-adjusted EPS": 5193,
        "PE": 4.8,
        "Book Price": 15.9
      }
    },
    {
      "quarter": "Q3 2014",
      "income status": {
        "Net sales": 518102,
        "Cost of goods sold": 445789,
        "Gross Profit": 72313,
        "Financial expenses": 1133,
        "Of which: Interest expense": 1662,
        "Cost of sales": 6771,
        "Enterprise cost management": 33369,
        "Total Operating Expenses": 41273,
        "Total revenue financing activities": 1823,
        "Net profit from business activities": 32863,
        "Profit": 301,
        "Profit before tax": 33165,
        "Present corporate income tax expenses": 7111,
        "Deferred income taxes expenses": 3,
        "The interests of minority shareholders": -213,
        "Total Cost of profits": 6901,
        "Profit after tax corporate income": 26263,
        "Volume": 11641070,
        "Close of Quarter": 23.2,
        "EPS": 4269.4,
        "Non-adjusted EPS": 5687,
        "PE": 4.1,
        "Book Price": 17.0
      }
    },
    {
      "quarter": "Q2 2014",
      "income status": {
        "Net sales": 312496,
        "Cost of goods sold": 264678,
        "Gross Profit": 47818,
        "Financial expenses": 5586,
        "Of which: Interest expense": 1238,
        "Cost of sales": 5857,
        "Enterprise cost management": 25472,
        "Total Operating Expenses": 36915,
        "Total revenue financing activities": 7059,
        "Net profit from business activities": 17963,
        "Profit": 92,
        "Profit before tax": 18055,
        "Present corporate income tax expenses": 4093,
        "Deferred income taxes expenses": 3,
        "The interests of minority shareholders": -1499,
        "Total Cost of profits": 2597,
        "Profit after tax corporate income": 15457,
        "Volume": 10583171,
        "Close of Quarter": 19.9,
        "EPS": 3622.1,
        "Non-adjusted EPS": 5307,
        "PE": 3.7,
        "Book Price": 15.3
      }
    },
    {
      "quarter": "Q1 2014",
      "income status": {
        "Net sales": 278491,
        "Cost of goods sold": 229076,
        "Gross Profit": 49415,
        "Financial expenses": 1687,
        "Of which: Interest expense": 1517,
        "Cost of sales": 4431,
        "Enterprise cost management": 27966,
        "Total Operating Expenses": 34084,
        "Total revenue financing activities": 739,
        "Net profit from business activities": 16070,
        "Profit": "N/A",
        "Profit before tax": 16070,
        "Present corporate income tax expenses": 3776,
        "Deferred income taxes expenses": 3,
        "The interests of minority shareholders": -1568,
        "Total Cost of profits": 2211,
        "Profit after tax corporate income": 13859,
        "Volume": 10583171,
        "Close of Quarter": 20.0,
        "EPS": 3773.6,
        "Non-adjusted EPS": 5529,
        "PE": 3.6,
        "Book Price": 14.4
      }
    },
    {
      "quarter": "Q4 2013",
      "income status": {
        "Net sales": 331315,
        "Cost of goods sold": 291870,
        "Gross Profit": 39445,
        "Financial expenses": 1639,
        "Of which: Interest expense": 1285,
        "Cost of sales": 5418,
        "Enterprise cost management": 27148,
        "Total Operating Expenses": 34205,
        "Total revenue financing activities": 3641,
        "Net profit from business activities": 8881,
        "Profit": 4056,
        "Profit before tax": 12937,
        "Present corporate income tax expenses": 5239,
        "Deferred income taxes expenses": 3,
        "The interests of minority shareholders": -2928,
        "Total Cost of profits": 2314,
        "Profit after tax corporate income": 10622,
        "Volume": 10583171,
        "Close of Quarter": 18.0,
        "EPS": 3658.9,
        "Non-adjusted EPS": 5361,
        "PE": 3.4,
        "Book Price": 13.7
      }
    },
    {
      "quarter": "Q3 2013",
      "income status": {
        "Net sales": 405266,
        "Cost of goods sold": 356697,
        "Gross Profit": 48569,
        "Financial expenses": 3108,
        "Of which: Interest expense": 1987,
        "Cost of sales": 6063,
        "Enterprise cost management": 23878,
        "Total Operating Expenses": 33049,
        "Total revenue financing activities": 2906,
        "Net profit from business activities": 18426,
        "Profit": 479,
        "Profit before tax": 18905,
        "Present corporate income tax expenses": 4187,
        "Deferred income taxes expenses": -9,
        "The interests of minority shareholders": -1501,
        "Total Cost of profits": 2677,
        "Profit after tax corporate income": 16228,
        "Volume": 10583171,
        "Close of Quarter": 15.7,
        "EPS": 3697.8,
        "Non-adjusted EPS": 5418,
        "PE": 2.9,
        "Book Price": 13.0
      }
    },
    {
      "quarter": "Q2 2013",
      "income status": {
        "Net sales": 279350,
        "Cost of goods sold": 235784,
        "Gross Profit": 43567,
        "Financial expenses": 6575,
        "Of which: Interest expense": 1717,
        "Cost of sales": 4358,
        "Enterprise cost management": 20850,
        "Total Operating Expenses": 31783,
        "Total revenue financing activities": 7081,
        "Net profit from business activities": 18864,
        "Profit": 884,
        "Profit before tax": 19748,
        "Present corporate income tax expenses": 3953,
        "Deferred income taxes expenses": -13,
        "The interests of minority shareholders": -2000,
        "Total Cost of profits": 1940,
        "Profit after tax corporate income": 17808,
        "Volume": 10583171,
        "Close of Quarter": 11.7,
        "EPS": 3506.7,
        "Non-adjusted EPS": 5138,
        "PE": 2.3,
        "Book Price": 12.7
      }
    },
    {
      "quarter": "Q1 2013",
      "income status": {
        "Net sales": 212548,
        "Cost of goods sold": 178022,
        "Gross Profit": 34526,
        "Financial expenses": 2097,
        "Of which: Interest expense": 1663,
        "Cost of sales": 2794,
        "Enterprise cost management": 18941,
        "Total Operating Expenses": 23832,
        "Total revenue financing activities": 2422,
        "Net profit from business activities": 13116,
        "Profit": 365,
        "Profit before tax": 13481,
        "Present corporate income tax expenses": 2426,
        "Deferred income taxes expenses": -16,
        "The interests of minority shareholders": -1009,
        "Total Cost of profits": 1401,
        "Profit after tax corporate income": 12080,
        "Volume": 10583171,
        "Close of Quarter": 10.6,
        "EPS": 3495.8,
        "Non-adjusted EPS": 5122,
        "PE": 2.1,
        "Book Price": 11.9
      }
    },
    {
      "quarter": "Q4 2012",
      "income status": {
        "Net sales": 256096,
        "Cost of goods sold": 215712,
        "Gross Profit": 40384,
        "Financial expenses": 2332,
        "Of which: Interest expense": 1549,
        "Cost of sales": 3665,
        "Enterprise cost management": 33746,
        "Total Operating Expenses": 39743,
        "Total revenue financing activities": 9327,
        "Net profit from business activities": 9968,
        "Profit": 3011,
        "Profit before tax": 12980,
        "Present corporate income tax expenses": -351,
        "Deferred income taxes expenses": "N/A",
        "The interests of minority shareholders": "N/A",
        "Total Cost of profits": -351,
        "Profit after tax corporate income": 11226,
        "Volume": 8819311,
        "Close of Quarter": 10.4,
        "EPS": 3349.4,
        "Non-adjusted EPS": 5889,
        "PE": 1.8,
        "Book Price": 11.4
      }
    },
    {
      "quarter": "Q3 2012",
      "income status": {
        "Net sales": 341624,
        "Cost of goods sold": 298889,
        "Gross Profit": 42735,
        "Financial expenses": 2306,
        "Of which: Interest expense": 2100,
        "Cost of sales": 4521,
        "Enterprise cost management": 21484,
        "Total Operating Expenses": 28311,
        "Total revenue financing activities": 985,
        "Net profit from business activities": 15409,
        "Profit": 829,
        "Profit before tax": 16238,
        "Present corporate income tax expenses": 2972,
        "Deferred income taxes expenses": "N/A",
        "The interests of minority shareholders": "N/A",
        "Total Cost of profits": 2972,
        "Profit after tax corporate income": 13266,
        "Volume": 8819311,
        "Close of Quarter": 9.1,
        "EPS": 3227.7,
        "Non-adjusted EPS": 5675,
        "PE": 1.6,
        "Book Price": 10.8
      }
    },
    {
      "quarter": "Q2 2012",
      "income status": {
        "Net sales": 271153,
        "Cost of goods sold": 217235,
        "Gross Profit": 53918,
        "Financial expenses": 2740,
        "Of which: Interest expense": 2236,
        "Cost of sales": 5769,
        "Enterprise cost management": 28118,
        "Total Operating Expenses": 36627,
        "Total revenue financing activities": 3811,
        "Net profit from business activities": 21102,
        "Profit": 814,
        "Profit before tax": 21916,
        "Present corporate income tax expenses": 4279,
        "Deferred income taxes expenses": "N/A",
        "The interests of minority shareholders": "N/A",
        "Total Cost of profits": 4279,
        "Profit after tax corporate income": 17636,
        "Volume": 8819311,
        "Close of Quarter": 8.3,
        "EPS": 3497.8,
        "Non-adjusted EPS": 6150,
        "PE": 1.4,
        "Book Price": 10.5
      }
    },
    {
      "quarter": "Q1 2012",
      "income status": {
        "Net sales": 190122,
        "Cost of goods sold": 158104,
        "Gross Profit": 32017,
        "Financial expenses": 1938,
        "Of which: Interest expense": 1575,
        "Cost of sales": 3289,
        "Enterprise cost management": 18453,
        "Total Operating Expenses": 23680,
        "Total revenue financing activities": 3641,
        "Net profit from business activities": 11978,
        "Profit": 462,
        "Profit before tax": 12440,
        "Present corporate income tax expenses": 2630,
        "Deferred income taxes expenses": "N/A",
        "The interests of minority shareholders": "N/A",
        "Total Cost of profits": 2630,
        "Profit after tax corporate income": 9810,
        "Volume": 8819311,
        "Close of Quarter": 7.5,
        "EPS": 2901.2,
        "Non-adjusted EPS": 5101,
        "PE": 1.5,
        "Book Price": 9.3
      }
    },
    {
      "quarter": "Q4 2011",
      "income status": {
        "Net sales": 259204,
        "Cost of goods sold": 208053,
        "Gross Profit": 51151,
        "Financial expenses": 3156,
        "Of which: Interest expense": 967,
        "Cost of sales": 4398,
        "Enterprise cost management": 36398,
        "Total Operating Expenses": 43952,
        "Total revenue financing activities": 4266,
        "Net profit from business activities": 11465,
        "Profit": 494,
        "Profit before tax": 52516,
        "Present corporate income tax expenses": 2623,
        "Deferred income taxes expenses": "N/A",
        "The interests of minority shareholders": "N/A",
        "Total Cost of profits": 2623,
        "Profit after tax corporate income": 9336,
        "Volume": 8819311,
        "Close of Quarter": 6.2,
        "EPS": 2696.5,
        "Non-adjusted EPS": 4741,
        "PE": 1.3,
        "Book Price": 10.3
      }
    },
    {
      "quarter": "Q3 2011",
      "income status": {
        "Net sales": 318038,
        "Cost of goods sold": 251866,
        "Gross Profit": 66171,
        "Financial expenses": 3760,
        "Of which: Interest expense": 2425,
        "Cost of sales": 5772,
        "Enterprise cost management": 39808,
        "Total Operating Expenses": 49340,
        "Total revenue financing activities": 4318,
        "Net profit from business activities": 21149,
        "Profit": 532,
        "Profit before tax": 40557,
        "Present corporate income tax expenses": 4223,
        "Deferred income taxes expenses": "N/A",
        "The interests of minority shareholders": "N/A",
        "Total Cost of profits": 4223,
        "Profit after tax corporate income": 17458,
        "Volume": 8819311,
        "Close of Quarter": 6.3,
        "EPS": 3006.4,
        "Non-adjusted EPS": 5286,
        "PE": 1.2,
        "Book Price": 10.2
      }
    },
    {
      "quarter": "Q2 2011",
      "income status": {
        "Net sales": 158707,
        "Cost of goods sold": 121549,
        "Gross Profit": 37157,
        "Financial expenses": 4805,
        "Of which: Interest expense": 1859,
        "Cost of sales": 4750,
        "Enterprise cost management": 23497,
        "Total Operating Expenses": 33052,
        "Total revenue financing activities": 6201,
        "Net profit from business activities": 10306,
        "Profit": 283,
        "Profit before tax": 10589,
        "Present corporate income tax expenses": 2208,
        "Deferred income taxes expenses": "N/A",
        "The interests of minority shareholders": "N/A",
        "Total Cost of profits": 2208,
        "Profit after tax corporate income": 8381,
        "Volume": 8819311,
        "Close of Quarter": 6.0,
        "EPS": 2380.2,
        "Non-adjusted EPS": 4185,
        "PE": 1.4,
        "Book Price": 9.1
      }
    },
    {
      "quarter": "Q1 2011",
      "income status": {
        "Net sales": 129739,
        "Cost of goods sold": 100867,
        "Gross Profit": 28872,
        "Financial expenses": 4885,
        "Of which: Interest expense": 997,
        "Cost of sales": 3334,
        "Enterprise cost management": 18327,
        "Total Operating Expenses": 26546,
        "Total revenue financing activities": 5599,
        "Net profit from business activities": 7924,
        "Profit": 363,
        "Profit before tax": 8287,
        "Present corporate income tax expenses": 1646,
        "Deferred income taxes expenses": "N/A",
        "The interests of minority shareholders": "N/A",
        "Total Cost of profits": 1646,
        "Profit after tax corporate income": 6641,
        "Volume": 8819311,
        "Close of Quarter": 6.6,
        "EPS": 2247.2,
        "Non-adjusted EPS": 3951,
        "PE": 1.7,
        "Book Price": 8.6
      }
    },
    {
      "quarter": "Q4 2010",
      "income status": {
        "Net sales": 224742,
        "Cost of goods sold": 175687,
        "Gross Profit": 49055,
        "Financial expenses": 3531,
        "Of which: Interest expense": 1474,
        "Cost of sales": 4588,
        "Enterprise cost management": 31053,
        "Total Operating Expenses": 39172,
        "Total revenue financing activities": 5772,
        "Net profit from business activities": 15656,
        "Profit": 305,
        "Profit before tax": 15961,
        "Present corporate income tax expenses": 1819,
        "Deferred income taxes expenses": "N/A",
        "The interests of minority shareholders": "N/A",
        "Total Cost of profits": 1819,
        "Profit after tax corporate income": 14143,
        "Volume": 8865021,
        "Close of Quarter": 6.9,
        "EPS": 2250.8,
        "Non-adjusted EPS": 3937,
        "PE": 1.8,
        "Book Price": 8.6
      }
    },
    {
      "quarter": "Q3 2010",
      "income status": {
        "Net sales": 177365,
        "Cost of goods sold": 142402,
        "Gross Profit": 34963,
        "Financial expenses": 3575,
        "Of which: Interest expense": 1606,
        "Cost of sales": 4267,
        "Enterprise cost management": 22300,
        "Total Operating Expenses": 30142,
        "Total revenue financing activities": 3727,
        "Net profit from business activities": 8548,
        "Profit": 300,
        "Profit before tax": 8848,
        "Present corporate income tax expenses": 1108,
        "Deferred income taxes expenses": "N/A",
        "The interests of minority shareholders": "N/A",
        "Total Cost of profits": 1108,
        "Profit after tax corporate income": 7740,
        "Volume": 8865021,
        "Close of Quarter": 7.1,
        "EPS": 1606.5,
        "Non-adjusted EPS": 2810,
        "PE": 2.5,
        "Book Price": 8.8
      }
    },
    {
      "quarter": "Q2 2010",
      "income status": {
        "Net sales": 119028,
        "Cost of goods sold": 96690,
        "Gross Profit": 22339,
        "Financial expenses": 1901,
        "Of which: Interest expense": 909,
        "Cost of sales": 3714,
        "Enterprise cost management": 12591,
        "Total Operating Expenses": 18206,
        "Total revenue financing activities": 2854,
        "Net profit from business activities": 6987,
        "Profit": 164,
        "Profit before tax": 7150,
        "Present corporate income tax expenses": 1297,
        "Deferred income taxes expenses": -468,
        "The interests of minority shareholders": "N/A",
        "Total Cost of profits": 829,
        "Profit after tax corporate income": 6321,
        "Volume": 8865021,
        "Close of Quarter": 8.4,
        "EPS": 2180.5,
        "Non-adjusted EPS": 3814,
        "PE": 2.2,
        "Book Price": 8.4
      }
    },
    {
      "quarter": "Q1 2010",
      "income status": {
        "Net sales": 92734,
        "Cost of goods sold": 73568,
        "Gross Profit": 19166,
        "Financial expenses": 1725,
        "Of which: Interest expense": "N/A",
        "Cost of sales": 2760,
        "Enterprise cost management": 10761,
        "Total Operating Expenses": 15246,
        "Total revenue financing activities": 3933,
        "Net profit from business activities": 7854,
        "Profit": 191,
        "Profit before tax": 8044,
        "Present corporate income tax expenses": 1342,
        "Deferred income taxes expenses": "N/A",
        "The interests of minority shareholders": "N/A",
        "Total Cost of profits": 1342,
        "Profit after tax corporate income": 6702,
        "Volume": 8865021,
        "Close of Quarter": 9.4,
        "EPS": 2011.8,
        "Non-adjusted EPS": 3519,
        "PE": 2.7,
        "Book Price": 8.1
      }
    },
    {
      "quarter": "Q4 2009",
      "income status": {
        "Net sales": 91902,
        "Cost of goods sold": 73986,
        "Gross Profit": 17916,
        "Financial expenses": 615,
        "Of which: Interest expense": 184,
        "Cost of sales": 4205,
        "Enterprise cost management": 11629,
        "Total Operating Expenses": 16449,
        "Total revenue financing activities": 3510,
        "Net profit from business activities": 4977,
        "Profit": 200,
        "Profit before tax": 5177,
        "Present corporate income tax expenses": 461,
        "Deferred income taxes expenses": 565,
        "The interests of minority shareholders": "N/A",
        "Total Cost of profits": 1026,
        "Profit after tax corporate income": 4151,
        "Volume": 8865021,
        "Close of Quarter": 9.5,
        "EPS": 2064.4,
        "Non-adjusted EPS": 3611,
        "PE": 2.6,
        "Book Price": 7.9
      }
    },
    {
      "quarter": "Q3 2009",
      "income status": {
        "Net sales": 102543,
        "Cost of goods sold": 80561,
        "Gross Profit": 21982,
        "Financial expenses": 428,
        "Of which: Interest expense": 329,
        "Cost of sales": 3762,
        "Enterprise cost management": 9677,
        "Total Operating Expenses": 13867,
        "Total revenue financing activities": 12359,
        "Net profit from business activities": 20474,
        "Profit": 5,
        "Profit before tax": 20479,
        "Present corporate income tax expenses": 3844,
        "Deferred income taxes expenses": "N/A",
        "The interests of minority shareholders": "N/A",
        "Total Cost of profits": 3844,
        "Profit after tax corporate income": 16635,
        "Volume": 8865021,
        "Close of Quarter": 10.3,
        "EPS": 2106.2,
        "Non-adjusted EPS": 3684,
        "PE": 2.8,
        "Book Price": 8.6
      }
    },
    {
      "quarter": "Q2 2009",
      "income status": {
        "Net sales": 68319,
        "Cost of goods sold": 55837,
        "Gross Profit": 12481,
        "Financial expenses": 1897,
        "Of which: Interest expense": "N/A",
        "Cost of sales": 2570,
        "Enterprise cost management": 7311,
        "Total Operating Expenses": 11778,
        "Total revenue financing activities": 7456,
        "Net profit from business activities": 8159,
        "Profit": 1,
        "Profit before tax": 8160,
        "Present corporate income tax expenses": 4448,
        "Deferred income taxes expenses": "N/A",
        "The interests of minority shareholders": "N/A",
        "Total Cost of profits": 4448,
        "Profit after tax corporate income": 3712,
        "Volume": 4665947,
        "Close of Quarter": 6.1,
        "EPS": 1288.8,
        "Non-adjusted EPS": 4283,
        "PE": 1.4,
        "Book Price": 7.8
      }
    },
    {
      "quarter": "Q1 2009",
      "income status": {
        "Net sales": 92429,
        "Cost of goods sold": 64371,
        "Gross Profit": 28058,
        "Financial expenses": 2717,
        "Of which: Interest expense": 326,
        "Cost of sales": 2534,
        "Enterprise cost management": 17323,
        "Total Operating Expenses": 22574,
        "Total revenue financing activities": 2945,
        "Net profit from business activities": 8429,
        "Profit": "N/A",
        "Profit before tax": 8429,
        "Present corporate income tax expenses": 1780,
        "Deferred income taxes expenses": -868,
        "The interests of minority shareholders": "N/A",
        "Total Cost of profits": 912,
        "Profit after tax corporate income": 7517,
        "Volume": 4665947,
        "Close of Quarter": 2.5,
        "EPS": 1266.8,
        "Non-adjusted EPS": 4210,
        "PE": 0.6,
        "Book Price": 7.6
      }
    },
    {
      "quarter": "Q4 2008",
      "income status": {
        "Net sales": 83818,
        "Cost of goods sold": 55282,
        "Gross Profit": 28536,
        "Financial expenses": 2143,
        "Of which: Interest expense": "N/A",
        "Cost of sales": 6199,
        "Enterprise cost management": 19119,
        "Total Operating Expenses": 27461,
        "Total revenue financing activities": 3045,
        "Net profit from business activities": 4120,
        "Profit": 2277,
        "Profit before tax": 6397,
        "Present corporate income tax expenses": 1602,
        "Deferred income taxes expenses": "N/A",
        "The interests of minority shareholders": "N/A",
        "Total Cost of profits": 1602,
        "Profit after tax corporate income": 4795,
        "Volume": 4665947,
        "Close of Quarter": 2.4,
        "EPS": 1050.5,
        "Non-adjusted EPS": 3491,
        "PE": 0.7,
        "Book Price": 7.2
      }
    },
    {
      "quarter": "Q3 2008",
      "income status": {
        "Net sales": 147474,
        "Cost of goods sold": 119597,
        "Gross Profit": 27878,
        "Financial expenses": 3791,
        "Of which: Interest expense": 1376,
        "Cost of sales": 17314,
        "Enterprise cost management": 6283,
        "Total Operating Expenses": 27388,
        "Total revenue financing activities": 1669,
        "Net profit from business activities": 2158,
        "Profit": 3182,
        "Profit before tax": 5340,
        "Present corporate income tax expenses": 1380,
        "Deferred income taxes expenses": "N/A",
        "The interests of minority shareholders": "N/A",
        "Total Cost of profits": 1380,
        "Profit after tax corporate income": 3960,
        "Volume": 4669007,
        "Close of Quarter": 3.0,
        "EPS": 850.3,
        "Non-adjusted EPS": 2824,
        "PE": 1.1,
        "Book Price": 7.3
      }
    },
    {
      "quarter": "Q2 2008",
      "income status": {
        "Net sales": 108344,
        "Cost of goods sold": 78916,
        "Gross Profit": 29428,
        "Financial expenses": 3175,
        "Of which: Interest expense": "N/A",
        "Cost of sales": 5603,
        "Enterprise cost management": 20213,
        "Total Operating Expenses": 28991,
        "Total revenue financing activities": 1177,
        "Net profit from business activities": 1614,
        "Profit": 3669,
        "Profit before tax": 5283,
        "Present corporate income tax expenses": 1911,
        "Deferred income taxes expenses": "N/A",
        "The interests of minority shareholders": "N/A",
        "Total Cost of profits": 1911,
        "Profit after tax corporate income": 3372,
        "Volume": 4669497,
        "Close of Quarter": 2.5,
        "EPS": 922.7,
        "Non-adjusted EPS": 3064,
        "PE": 0.8,
        "Book Price": 7.3
      }
    },
    {
      "quarter": "Q1 2008",
      "income status": {
        "Net sales": 84655,
        "Cost of goods sold": 60874,
        "Gross Profit": 23780,
        "Financial expenses": 812,
        "Of which: Interest expense": 671,
        "Cost of sales": 7869,
        "Enterprise cost management": 12314,
        "Total Operating Expenses": 20995,
        "Total revenue financing activities": 1781,
        "Net profit from business activities": 4565,
        "Profit": 674,
        "Profit before tax": 5240,
        "Present corporate income tax expenses": 1076,
        "Deferred income taxes expenses": "N/A",
        "The interests of minority shareholders": "N/A",
        "Total Cost of profits": 1076,
        "Profit after tax corporate income": 4164,
        "Volume": 4669497,
        "Close of Quarter": 3.4,
        "EPS": 1003.1,
        "Non-adjusted EPS": 3331,
        "PE": 1.0,
        "Book Price": 7.2
      }
    },
    {
      "quarter": "Q4 2007",
      "income status": {
        "Net sales": 102906,
        "Cost of goods sold": 75914,
        "Gross Profit": 26992,
        "Financial expenses": 1127,
        "Of which: Interest expense": 402,
        "Cost of sales": 12562,
        "Enterprise cost management": 11792,
        "Total Operating Expenses": 25481,
        "Total revenue financing activities": 584,
        "Net profit from business activities": 2095,
        "Profit": 15,
        "Profit before tax": 2111,
        "Present corporate income tax expenses": 419,
        "Deferred income taxes expenses": "N/A",
        "The interests of minority shareholders": "N/A",
        "Total Cost of profits": 419,
        "Profit after tax corporate income": 1691,
        "Volume": 4669497,
        "Close of Quarter": 8.3,
        "EPS": 912.7,
        "Non-adjusted EPS": 3031,
        "PE": 2.8,
        "Book Price": 7.0
      }
    },
    {
      "quarter": "Q3 2007",
      "income status": {
        "Net sales": 121415,
        "Cost of goods sold": 92129,
        "Gross Profit": 29286,
        "Financial expenses": 1438,
        "Of which: Interest expense": 1007,
        "Cost of sales": 7281,
        "Enterprise cost management": 15130,
        "Total Operating Expenses": 23849,
        "Total revenue financing activities": 715,
        "Net profit from business activities": 6152,
        "Profit": 3,
        "Profit before tax": 6155,
        "Present corporate income tax expenses": 1075,
        "Deferred income taxes expenses": "N/A",
        "The interests of minority shareholders": "N/A",
        "Total Cost of profits": 1075,
        "Profit after tax corporate income": 5080,
        "Volume": 3169497,
        "Close of Quarter": 7.6,
        "EPS": 943.3,
        "Non-adjusted EPS": 4615,
        "PE": 1.6,
        "Book Price": 7.2
      }
    },
    {
      "quarter": "Q2 2007",
      "income status": {
        "Net sales": 75011,
        "Cost of goods sold": 56897,
        "Gross Profit": 18114,
        "Financial expenses": 1334,
        "Of which: Interest expense": 1284,
        "Cost of sales": 4138,
        "Enterprise cost management": 7542,
        "Total Operating Expenses": 13014,
        "Total revenue financing activities": 280,
        "Net profit from business activities": 5381,
        "Profit": 337,
        "Profit before tax": 5718,
        "Present corporate income tax expenses": 1100,
        "Deferred income taxes expenses": "N/A",
        "The interests of minority shareholders": "N/A",
        "Total Cost of profits": 1100,
        "Profit after tax corporate income": 4618,
        "Volume": 2275000,
        "Close of Quarter": 6.4,
        "EPS": 913.9,
        "Non-adjusted EPS": 6229,
        "PE": 1.0,
        "Book Price": 3.0
      }
    },
    {
      "quarter": "Q1 2007",
      "income status": {
        "Net sales": 56576,
        "Cost of goods sold": 42765,
        "Gross Profit": 13811,
        "Financial expenses": 1252,
        "Of which: Interest expense": 1175,
        "Cost of sales": 4441,
        "Enterprise cost management": 5123,
        "Total Operating Expenses": 10816,
        "Total revenue financing activities": 202,
        "Net profit from business activities": 3196,
        "Profit": 131,
        "Profit before tax": 3327,
        "Present corporate income tax expenses": 565,
        "Deferred income taxes expenses": "N/A",
        "The interests of minority shareholders": "N/A",
        "Total Cost of profits": 565,
        "Profit after tax corporate income": 2762,
        "Volume": 2275000,
        "Close of Quarter": 7.0,
        "EPS": 662.4,
        "Non-adjusted EPS": 4515,
        "PE": 1.5,
        "Book Price": 2.6
      }
    },
    {
      "quarter": "Q4 2006",
      "income status": {
        "Net sales": 57119,
        "Cost of goods sold": 41629,
        "Gross Profit": 15490,
        "Financial expenses": 1366,
        "Of which: Interest expense": 1147,
        "Cost of sales": 3479,
        "Enterprise cost management": 8185,
        "Total Operating Expenses": 13030,
        "Total revenue financing activities": 117,
        "Net profit from business activities": 2578,
        "Profit": -6,
        "Profit before tax": 2572,
        "Present corporate income tax expenses": 404,
        "Deferred income taxes expenses": "N/A",
        "The interests of minority shareholders": "N/A",
        "Total Cost of profits": 404,
        "Profit after tax corporate income": 2168,
        "Volume": 2275000,
        "Close of Quarter": 5.8,
        "EPS": 626.6,
        "Non-adjusted EPS": 4271,
        "PE": 1.4,
        "Book Price": 2.6
      }
    },
    {
      "quarter": "Q3 2006",
      "income status": {
        "Net sales": 76613,
        "Cost of goods sold": 58336,
        "Gross Profit": 18277,
        "Financial expenses": 1602,
        "Of which: Interest expense": 1460,
        "Cost of sales": 5606,
        "Enterprise cost management": 5345,
        "Total Operating Expenses": 12553,
        "Total revenue financing activities": 82,
        "Net profit from business activities": 5806,
        "Profit": 5,
        "Profit before tax": 5811,
        "Present corporate income tax expenses": 1187,
        "Deferred income taxes expenses": "N/A",
        "The interests of minority shareholders": "N/A",
        "Total Cost of profits": 1187,
        "Profit after tax corporate income": 4624,
        "Volume": 2275000,
        "Close of Quarter": "N/A",
        "EPS": 486.8,
        "Non-adjusted EPS": 3318,
        "PE": "N/A",
        "Book Price": 2.6
      }
    },
    {
      "quarter": "Q2 2006",
      "income status": {
        "Net sales": 37965,
        "Cost of goods sold": 28284,
        "Gross Profit": 9682,
        "Financial expenses": 392,
        "Of which: Interest expense": 944,
        "Cost of sales": 2966,
        "Enterprise cost management": 5488,
        "Total Operating Expenses": 8846,
        "Total revenue financing activities": 95,
        "Net profit from business activities": 932,
        "Profit": "N/A",
        "Profit before tax": 932,
        "Present corporate income tax expenses": 213,
        "Deferred income taxes expenses": "N/A",
        "The interests of minority shareholders": "N/A",
        "Total Cost of profits": 213,
        "Profit after tax corporate income": 718,
        "Volume": 2275000,
        "Close of Quarter": "N/A",
        "EPS": 188.7,
        "Non-adjusted EPS": 1286,
        "PE": "N/A",
        "Book Price": "N/A"
      }
    },
    {
      "quarter": "Q1 2006",
      "income status": {
        "Net sales": 51455,
        "Cost of goods sold": 40270,
        "Gross Profit": 11185,
        "Financial expenses": 853,
        "Of which: Interest expense": 829,
        "Cost of sales": 2802,
        "Enterprise cost management": 4783,
        "Total Operating Expenses": 8438,
        "Total revenue financing activities": 35,
        "Net profit from business activities": 2781,
        "Profit": "N/A",
        "Profit before tax": 2781,
        "Present corporate income tax expenses": 574,
        "Deferred income taxes expenses": "N/A",
        "The interests of minority shareholders": "N/A",
        "Total Cost of profits": 574,
        "Profit after tax corporate income": 2207,
        "Volume": 2275000,
        "Close of Quarter": "N/A",
        "EPS": 142.3,
        "Non-adjusted EPS": 970,
        "PE": "N/A",
        "Book Price": "N/A"
      }
    }
  ]
}