{
  "ticker": "L62",
  "data": [
    {
      "quarter": "Q1 2017",
      "income status": {
        "Net sales": 55115,
        "Cost of goods sold": 49242,
        "Gross Profit": 5873,
        "Financial expenses": 2642,
        "Of which: Interest expense": 2639,
        "Cost of sales": "N/A",
        "Enterprise cost management": 2770,
        "Total Operating Expenses": 5412,
        "Total revenue financing activities": 17,
        "Net profit from business activities": 478,
        "Profit": 7,
        "Profit before tax": 485,
        "Present corporate income tax expenses": 97,
        "Deferred income taxes expenses": "N/A",
        "The interests of minority shareholders": "N/A",
        "Total Cost of profits": 97,
        "Profit after tax corporate income": 388,
        "Volume": 5741817,
        "Close of Quarter": 7,
        "EPS": 655,
        "Non-adjusted EPS": 655,
        "PE": 10.7,
        "Book Price": 16.9
      }
    },
    {
      "quarter": "Q4 2016",
      "income status": {
        "Net sales": 107144,
        "Cost of goods sold": 100026,
        "Gross Profit": 7118,
        "Financial expenses": 4477,
        "Of which: Interest expense": 4477,
        "Cost of sales": "N/A",
        "Enterprise cost management": 4880,
        "Total Operating Expenses": 9357,
        "Total revenue financing activities": 126,
        "Net profit from business activities": -2113,
        "Profit": 3912,
        "Profit before tax": 1799,
        "Present corporate income tax expenses": 364,
        "Deferred income taxes expenses": "N/A",
        "The interests of minority shareholders": "N/A",
        "Total Cost of profits": 364,
        "Profit after tax corporate income": 1435,
        "Volume": 5741817,
        "Close of Quarter": 6.4,
        "EPS": 699,
        "Non-adjusted EPS": 699,
        "PE": 9.2,
        "Book Price": 16.8
      }
    },
    {
      "quarter": "Q3 2016",
      "income status": {
        "Net sales": 95978,
        "Cost of goods sold": 87909,
        "Gross Profit": 8068,
        "Financial expenses": 4077,
        "Of which: Interest expense": 4077,
        "Cost of sales": "N/A",
        "Enterprise cost management": 3418,
        "Total Operating Expenses": 7495,
        "Total revenue financing activities": 31,
        "Net profit from business activities": 605,
        "Profit": 6,
        "Profit before tax": 610,
        "Present corporate income tax expenses": 93,
        "Deferred income taxes expenses": "N/A",
        "The interests of minority shareholders": "N/A",
        "Total Cost of profits": 93,
        "Profit after tax corporate income": 517,
        "Volume": 5741817,
        "Close of Quarter": 4.7,
        "EPS": 478,
        "Non-adjusted EPS": 478,
        "PE": 9.8,
        "Book Price": 16.4
      }
    },
    {
      "quarter": "Q2 2016",
      "income status": {
        "Net sales": 92493,
        "Cost of goods sold": 83607,
        "Gross Profit": 8887,
        "Financial expenses": 3947,
        "Of which: Interest expense": 3770,
        "Cost of sales": "N/A",
        "Enterprise cost management": 3139,
        "Total Operating Expenses": 7086,
        "Total revenue financing activities": 15,
        "Net profit from business activities": 1816,
        "Profit": 4,
        "Profit before tax": 1820,
        "Present corporate income tax expenses": 398,
        "Deferred income taxes expenses": "N/A",
        "The interests of minority shareholders": "N/A",
        "Total Cost of profits": 398,
        "Profit after tax corporate income": 1422,
        "Volume": 5741817,
        "Close of Quarter": 5.9,
        "EPS": 462,
        "Non-adjusted EPS": 462,
        "PE": 12.8,
        "Book Price": 16.3
      }
    },
    {
      "quarter": "Q1 2016",
      "income status": {
        "Net sales": 42755,
        "Cost of goods sold": 36011,
        "Gross Profit": 6744,
        "Financial expenses": 3456,
        "Of which: Interest expense": 3456,
        "Cost of sales": "N/A",
        "Enterprise cost management": 2497,
        "Total Operating Expenses": 5953,
        "Total revenue financing activities": 22,
        "Net profit from business activities": 814,
        "Profit": -13,
        "Profit before tax": 801,
        "Present corporate income tax expenses": 160,
        "Deferred income taxes expenses": "N/A",
        "The interests of minority shareholders": "N/A",
        "Total Cost of profits": 160,
        "Profit after tax corporate income": 641,
        "Volume": 5741817,
        "Close of Quarter": 4.8,
        "EPS": 305,
        "Non-adjusted EPS": 305,
        "PE": 15.7,
        "Book Price": 16.1
      }
    },
    {
      "quarter": "Q4 2015",
      "income status": {
        "Net sales": 133618,
        "Cost of goods sold": 127379,
        "Gross Profit": 6239,
        "Financial expenses": 3679,
        "Of which: Interest expense": 3501,
        "Cost of sales": "N/A",
        "Enterprise cost management": 3120,
        "Total Operating Expenses": 6799,
        "Total revenue financing activities": 669,
        "Net profit from business activities": 109,
        "Profit": -47,
        "Profit before tax": 63,
        "Present corporate income tax expenses": -102,
        "Deferred income taxes expenses": "N/A",
        "The interests of minority shareholders": "N/A",
        "Total Cost of profits": -102,
        "Profit after tax corporate income": 165,
        "Volume": 5741817,
        "Close of Quarter": 7.7,
        "EPS": 268,
        "Non-adjusted EPS": 268,
        "PE": 28.7,
        "Book Price": 16
      }
    },
    {
      "quarter": "Q3 2015",
      "income status": {
        "Net sales": 96651,
        "Cost of goods sold": 90187,
        "Gross Profit": 6464,
        "Financial expenses": 3536,
        "Of which: Interest expense": 3370,
        "Cost of sales": "N/A",
        "Enterprise cost management": 2563,
        "Total Operating Expenses": 6099,
        "Total revenue financing activities": 104,
        "Net profit from business activities": 469,
        "Profit": 73,
        "Profit before tax": 542,
        "Present corporate income tax expenses": 119,
        "Deferred income taxes expenses": "N/A",
        "The interests of minority shareholders": "N/A",
        "Total Cost of profits": 119,
        "Profit after tax corporate income": 423,
        "Volume": 5741817,
        "Close of Quarter": 7.7,
        "EPS": 166,
        "Non-adjusted EPS": 166,
        "PE": 46.4,
        "Book Price": 16
      }
    },
    {
      "quarter": "Q2 2015",
      "income status": {
        "Net sales": 60830,
        "Cost of goods sold": 55057,
        "Gross Profit": 5773,
        "Financial expenses": 3035,
        "Of which: Interest expense": 2967,
        "Cost of sales": "N/A",
        "Enterprise cost management": 2198,
        "Total Operating Expenses": 5233,
        "Total revenue financing activities": 122,
        "Net profit from business activities": 662,
        "Profit": 6,
        "Profit before tax": 668,
        "Present corporate income tax expenses": 147,
        "Deferred income taxes expenses": "N/A",
        "The interests of minority shareholders": "N/A",
        "Total Cost of profits": 147,
        "Profit after tax corporate income": 521,
        "Volume": 5741817,
        "Close of Quarter": 7,
        "EPS": 146,
        "Non-adjusted EPS": 146,
        "PE": 48.0,
        "Book Price": 15.9
      }
    },
    {
      "quarter": "Q1 2015",
      "income status": {
        "Net sales": 34425,
        "Cost of goods sold": 28134,
        "Gross Profit": 6291,
        "Financial expenses": 2924,
        "Of which: Interest expense": 2924,
        "Cost of sales": "N/A",
        "Enterprise cost management": 2832,
        "Total Operating Expenses": 5756,
        "Total revenue financing activities": 9,
        "Net profit from business activities": 544,
        "Profit": 6,
        "Profit before tax": 550,
        "Present corporate income tax expenses": 121,
        "Deferred income taxes expenses": "N/A",
        "The interests of minority shareholders": "N/A",
        "Total Cost of profits": 121,
        "Profit after tax corporate income": 429,
        "Volume": 5741817,
        "Close of Quarter": 7.1,
        "EPS": 137,
        "Non-adjusted EPS": 137,
        "PE": 51.8,
        "Book Price": 15.8
      }
    },
    {
      "quarter": "Q4 2014",
      "income status": {
        "Net sales": 91370,
        "Cost of goods sold": 86736,
        "Gross Profit": 4634,
        "Financial expenses": 3635,
        "Of which: Interest expense": 3581,
        "Cost of sales": "N/A",
        "Enterprise cost management": 1435,
        "Total Operating Expenses": 5070,
        "Total revenue financing activities": 7,
        "Net profit from business activities": -429,
        "Profit": 10,
        "Profit before tax": -418,
        "Present corporate income tax expenses": "N/A",
        "Deferred income taxes expenses": "N/A",
        "The interests of minority shareholders": "N/A",
        "Total Cost of profits": 0,
        "Profit after tax corporate income": -418,
        "Volume": 5741817,
        "Close of Quarter": 4.5,
        "EPS": 73,
        "Non-adjusted EPS": 73,
        "PE": 61.6,
        "Book Price": 15.8
      }
    },
    {
      "quarter": "Q3 2014",
      "income status": {
        "Net sales": 63474,
        "Cost of goods sold": 57290,
        "Gross Profit": 6183,
        "Financial expenses": 3085,
        "Of which: Interest expense": 3085,
        "Cost of sales": "N/A",
        "Enterprise cost management": 2972,
        "Total Operating Expenses": 6057,
        "Total revenue financing activities": 4,
        "Net profit from business activities": 130,
        "Profit": 261,
        "Profit before tax": 391,
        "Present corporate income tax expenses": 86,
        "Deferred income taxes expenses": "N/A",
        "The interests of minority shareholders": "N/A",
        "Total Cost of profits": 86,
        "Profit after tax corporate income": 305,
        "Volume": 5741817,
        "Close of Quarter": 5,
        "EPS": 94,
        "Non-adjusted EPS": 94,
        "PE": 53.2,
        "Book Price": 15.8
      }
    },
    {
      "quarter": "Q2 2014",
      "income status": {
        "Net sales": 55143,
        "Cost of goods sold": 47532,
        "Gross Profit": 7611,
        "Financial expenses": 4299,
        "Of which: Interest expense": 4021,
        "Cost of sales": "N/A",
        "Enterprise cost management": 2809,
        "Total Operating Expenses": 7108,
        "Total revenue financing activities": 90,
        "Net profit from business activities": 593,
        "Profit": 14,
        "Profit before tax": 607,
        "Present corporate income tax expenses": 134,
        "Deferred income taxes expenses": "N/A",
        "The interests of minority shareholders": "N/A",
        "Total Cost of profits": 134,
        "Profit after tax corporate income": 473,
        "Volume": 5741817,
        "Close of Quarter": 4.3,
        "EPS": 94,
        "Non-adjusted EPS": 94,
        "PE": 45.7,
        "Book Price": 15.8
      }
    },
    {
      "quarter": "Q1 2014",
      "income status": {
        "Net sales": 29720,
        "Cost of goods sold": 24992,
        "Gross Profit": 4728,
        "Financial expenses": 2404,
        "Of which: Interest expense": 2404,
        "Cost of sales": "N/A",
        "Enterprise cost management": 2268,
        "Total Operating Expenses": 4672,
        "Total revenue financing activities": 11,
        "Net profit from business activities": 68,
        "Profit": 8,
        "Profit before tax": 76,
        "Present corporate income tax expenses": 17,
        "Deferred income taxes expenses": "N/A",
        "The interests of minority shareholders": "N/A",
        "Total Cost of profits": 17,
        "Profit after tax corporate income": 59,
        "Volume": 5741817,
        "Close of Quarter": 6.9,
        "EPS": -40,
        "Non-adjusted EPS": -40,
        "PE": -172.5,
        "Book Price": 15.9
      }
    },
    {
      "quarter": "Q4 2013",
      "income status": {
        "Net sales": 67608,
        "Cost of goods sold": 62179,
        "Gross Profit": 5429,
        "Financial expenses": 3945,
        "Of which: Interest expense": 3935,
        "Cost of sales": "N/A",
        "Enterprise cost management": 1901,
        "Total Operating Expenses": 5846,
        "Total revenue financing activities": 8,
        "Net profit from business activities": -408,
        "Profit": 8,
        "Profit before tax": -400,
        "Present corporate income tax expenses": -100,
        "Deferred income taxes expenses": "N/A",
        "The interests of minority shareholders": "N/A",
        "Total Cost of profits": -100,
        "Profit after tax corporate income": -300,
        "Volume": 5741817,
        "Close of Quarter": 4.1,
        "EPS": 56,
        "Non-adjusted EPS": 56,
        "PE": 73.2,
        "Book Price": 15.7
      }
    },
    {
      "quarter": "Q3 2013",
      "income status": {
        "Net sales": 99666,
        "Cost of goods sold": 92724,
        "Gross Profit": 6942,
        "Financial expenses": 3994,
        "Of which: Interest expense": 3927,
        "Cost of sales": "N/A",
        "Enterprise cost management": 2547,
        "Total Operating Expenses": 6541,
        "Total revenue financing activities": 3,
        "Net profit from business activities": 404,
        "Profit": 6,
        "Profit before tax": 410,
        "Present corporate income tax expenses": 103,
        "Deferred income taxes expenses": "N/A",
        "The interests of minority shareholders": "N/A",
        "Total Cost of profits": 103,
        "Profit after tax corporate income": 308,
        "Volume": 5741817,
        "Close of Quarter": 5,
        "EPS": 208,
        "Non-adjusted EPS": 208,
        "PE": 24.0,
        "Book Price": 15.8
      }
    },
    {
      "quarter": "Q2 2013",
      "income status": {
        "Net sales": 48624,
        "Cost of goods sold": 42562,
        "Gross Profit": 6063,
        "Financial expenses": 4588,
        "Of which: Interest expense": 4561,
        "Cost of sales": "N/A",
        "Enterprise cost management": 2168,
        "Total Operating Expenses": 6756,
        "Total revenue financing activities": 26,
        "Net profit from business activities": -668,
        "Profit": 269,
        "Profit before tax": -398,
        "Present corporate income tax expenses": -100,
        "Deferred income taxes expenses": "N/A",
        "The interests of minority shareholders": "N/A",
        "Total Cost of profits": -100,
        "Profit after tax corporate income": -299,
        "Volume": 5741817,
        "Close of Quarter": 4.3,
        "EPS": 172,
        "Non-adjusted EPS": 172,
        "PE": 25.1,
        "Book Price": 16
      }
    },
    {
      "quarter": "Q4 2012",
      "income status": {
        "Net sales": 96755,
        "Cost of goods sold": 84131,
        "Gross Profit": 12623,
        "Financial expenses": 7230,
        "Of which: Interest expense": 7220,
        "Cost of sales": "N/A",
        "Enterprise cost management": 4720,
        "Total Operating Expenses": 11950,
        "Total revenue financing activities": 18,
        "Net profit from business activities": 691,
        "Profit": 13,
        "Profit before tax": 704,
        "Present corporate income tax expenses": 93,
        "Deferred income taxes expenses": "N/A",
        "The interests of minority shareholders": "N/A",
        "Total Cost of profits": 93,
        "Profit after tax corporate income": 611,
        "Volume": 5741817,
        "Close of Quarter": 5.4,
        "EPS": 250,
        "Non-adjusted EPS": 250,
        "PE": 21.4,
        "Book Price": 15.9
      }
    },
    {
      "quarter": "Q3 2012",
      "income status": {
        "Net sales": 33868,
        "Cost of goods sold": 26720,
        "Gross Profit": 7148,
        "Financial expenses": 3451,
        "Of which: Interest expense": 3451,
        "Cost of sales": "N/A",
        "Enterprise cost management": 2718,
        "Total Operating Expenses": 6169,
        "Total revenue financing activities": 24,
        "Net profit from business activities": 1002,
        "Profit": -233,
        "Profit before tax": 769,
        "Present corporate income tax expenses": 192,
        "Deferred income taxes expenses": "N/A",
        "The interests of minority shareholders": "N/A",
        "Total Cost of profits": 192,
        "Profit after tax corporate income": 577,
        "Volume": 5741817,
        "Close of Quarter": 7.7,
        "EPS": 550,
        "Non-adjusted EPS": 550,
        "PE": 13.9,
        "Book Price": 16.1
      }
    },
    {
      "quarter": "Q2 2012",
      "income status": {
        "Net sales": 99528,
        "Cost of goods sold": 88690,
        "Gross Profit": 10838,
        "Financial expenses": 8995,
        "Of which: Interest expense": 8993,
        "Cost of sales": "N/A",
        "Enterprise cost management": 1816,
        "Total Operating Expenses": 10811,
        "Total revenue financing activities": 36,
        "Net profit from business activities": 64,
        "Profit": 66,
        "Profit before tax": 130,
        "Present corporate income tax expenses": 32,
        "Deferred income taxes expenses": "N/A",
        "The interests of minority shareholders": "N/A",
        "Total Cost of profits": 32,
        "Profit after tax corporate income": 97,
        "Volume": 5741817,
        "Close of Quarter": 6.4,
        "EPS": 522,
        "Non-adjusted EPS": 522,
        "PE": 12.3,
        "Book Price": 15.8
      }
    },
    {
      "quarter": "Q1 2012",
      "income status": {
        "Net sales": 35660,
        "Cost of goods sold": 30036,
        "Gross Profit": 5625,
        "Financial expenses": 4451,
        "Of which: Interest expense": 4451,
        "Cost of sales": "N/A",
        "Enterprise cost management": 946,
        "Total Operating Expenses": 5397,
        "Total revenue financing activities": 21,
        "Net profit from business activities": 249,
        "Profit": -49,
        "Profit before tax": 200,
        "Present corporate income tax expenses": 50,
        "Deferred income taxes expenses": "N/A",
        "The interests of minority shareholders": "N/A",
        "Total Cost of profits": 50,
        "Profit after tax corporate income": 150,
        "Volume": 5741817,
        "Close of Quarter": 7.3,
        "EPS": 1133,
        "Non-adjusted EPS": 1133,
        "PE": 6.5,
        "Book Price": 16.5
      }
    },
    {
      "quarter": "Q4 2011",
      "income status": {
        "Net sales": 80704,
        "Cost of goods sold": 72448,
        "Gross Profit": 8256,
        "Financial expenses": 2158,
        "Of which: Interest expense": 2154,
        "Cost of sales": "N/A",
        "Enterprise cost management": 3431,
        "Total Operating Expenses": 5589,
        "Total revenue financing activities": 69,
        "Net profit from business activities": 2736,
        "Profit": 377,
        "Profit before tax": 3113,
        "Present corporate income tax expenses": 779,
        "Deferred income taxes expenses": "N/A",
        "The interests of minority shareholders": "N/A",
        "Total Cost of profits": 779,
        "Profit after tax corporate income": 2334,
        "Volume": 5741817,
        "Close of Quarter": 10.6,
        "EPS": 1653,
        "Non-adjusted EPS": 1653,
        "PE": 6.4,
        "Book Price": 16.5
      }
    },
    {
      "quarter": "Q3 2011",
      "income status": {
        "Net sales": 29246,
        "Cost of goods sold": 26942,
        "Gross Profit": 2305,
        "Financial expenses": 1065,
        "Of which: Interest expense": 1065,
        "Cost of sales": "N/A",
        "Enterprise cost management": 595,
        "Total Operating Expenses": 1660,
        "Total revenue financing activities": -29,
        "Net profit from business activities": 615,
        "Profit": -61,
        "Profit before tax": 554,
        "Present corporate income tax expenses": 139,
        "Deferred income taxes expenses": "N/A",
        "The interests of minority shareholders": "N/A",
        "Total Cost of profits": 139,
        "Profit after tax corporate income": 415,
        "Volume": 5741817,
        "Close of Quarter": 6.7,
        "EPS": 1453,
        "Non-adjusted EPS": 1453,
        "PE": 4.6,
        "Book Price": 15.8
      }
    },
    {
      "quarter": "Q2 2011",
      "income status": {
        "Net sales": 75582,
        "Cost of goods sold": 65259,
        "Gross Profit": 10323,
        "Financial expenses": 3899,
        "Of which: Interest expense": 3898,
        "Cost of sales": "N/A",
        "Enterprise cost management": 1785,
        "Total Operating Expenses": 5684,
        "Total revenue financing activities": 140,
        "Net profit from business activities": 4779,
        "Profit": 33,
        "Profit before tax": 4813,
        "Present corporate income tax expenses": 1205,
        "Deferred income taxes expenses": "N/A",
        "The interests of minority shareholders": "N/A",
        "Total Cost of profits": 1205,
        "Profit after tax corporate income": 3608,
        "Volume": 4480861,
        "Close of Quarter": 8.3,
        "EPS": 1734.0,
        "Non-adjusted EPS": 2222,
        "PE": 3.7,
        "Book Price": 17.3
      }
    },
    {
      "quarter": "Q1 2011",
      "income status": {
        "Net sales": 21558,
        "Cost of goods sold": 10827,
        "Gross Profit": 10731,
        "Financial expenses": 3482,
        "Of which: Interest expense": 3482,
        "Cost of sales": "N/A",
        "Enterprise cost management": 4118,
        "Total Operating Expenses": 7600,
        "Total revenue financing activities": 77,
        "Net profit from business activities": 3208,
        "Profit": 8,
        "Profit before tax": 3216,
        "Present corporate income tax expenses": 80,
        "Deferred income taxes expenses": "N/A",
        "The interests of minority shareholders": "N/A",
        "Total Cost of profits": 80,
        "Profit after tax corporate income": 3136,
        "Volume": 4480861,
        "Close of Quarter": 10.7,
        "EPS": 1767.6,
        "Non-adjusted EPS": 2265,
        "PE": 4.7,
        "Book Price": 13.6
      }
    },
    {
      "quarter": "Q4 2010",
      "income status": {
        "Net sales": 73965,
        "Cost of goods sold": 67982,
        "Gross Profit": 5983,
        "Financial expenses": 2363,
        "Of which: Interest expense": 2363,
        "Cost of sales": "N/A",
        "Enterprise cost management": 2046,
        "Total Operating Expenses": 4409,
        "Total revenue financing activities": 280,
        "Net profit from business activities": 1854,
        "Profit": -197,
        "Profit before tax": 1657,
        "Present corporate income tax expenses": 474,
        "Deferred income taxes expenses": "N/A",
        "The interests of minority shareholders": "N/A",
        "Total Cost of profits": 474,
        "Profit after tax corporate income": 1183,
        "Volume": 4480861,
        "Close of Quarter": 12.0,
        "EPS": 1615.4,
        "Non-adjusted EPS": 2070,
        "PE": 5.8,
        "Book Price": 13.4
      }
    },
    {
      "quarter": "Q3 2010",
      "income status": {
        "Net sales": 14098,
        "Cost of goods sold": 8223,
        "Gross Profit": 5875,
        "Financial expenses": 2053,
        "Of which: Interest expense": 2053,
        "Cost of sales": "N/A",
        "Enterprise cost management": 1190,
        "Total Operating Expenses": 3243,
        "Total revenue financing activities": 66,
        "Net profit from business activities": 2698,
        "Profit": 8,
        "Profit before tax": 2705,
        "Present corporate income tax expenses": 676,
        "Deferred income taxes expenses": "N/A",
        "The interests of minority shareholders": "N/A",
        "Total Cost of profits": 676,
        "Profit after tax corporate income": 2029,
        "Volume": 4480861,
        "Close of Quarter": 17.5,
        "EPS": 1912.0,
        "Non-adjusted EPS": 2450,
        "PE": 7.2,
        "Book Price": 13.2
      }
    },
    {
      "quarter": "Q2 2010",
      "income status": {
        "Net sales": 55874,
        "Cost of goods sold": 48052,
        "Gross Profit": 7822,
        "Financial expenses": 1424,
        "Of which: Interest expense": 1424,
        "Cost of sales": "N/A",
        "Enterprise cost management": 1440,
        "Total Operating Expenses": 2864,
        "Total revenue financing activities": 85,
        "Net profit from business activities": 5044,
        "Profit": 23,
        "Profit before tax": 5067,
        "Present corporate income tax expenses": 1267,
        "Deferred income taxes expenses": "N/A",
        "The interests of minority shareholders": "N/A",
        "Total Cost of profits": 1267,
        "Profit after tax corporate income": 3800,
        "Volume": 4480861,
        "Close of Quarter": 21.8,
        "EPS": 2122.7,
        "Non-adjusted EPS": 2720,
        "PE": 8.0,
        "Book Price": 13.9
      }
    },
    {
      "quarter": "Q1 2010",
      "income status": {
        "Net sales": 14802,
        "Cost of goods sold": 9037,
        "Gross Profit": 5765,
        "Financial expenses": 2027,
        "Of which: Interest expense": 2027,
        "Cost of sales": "N/A",
        "Enterprise cost management": 870,
        "Total Operating Expenses": 2897,
        "Total revenue financing activities": 147,
        "Net profit from business activities": 3016,
        "Profit": 2,
        "Profit before tax": 3017,
        "Present corporate income tax expenses": 754,
        "Deferred income taxes expenses": "N/A",
        "The interests of minority shareholders": "N/A",
        "Total Cost of profits": 754,
        "Profit after tax corporate income": 2263,
        "Volume": 4480861,
        "Close of Quarter": 13.3,
        "EPS": 2108.6,
        "Non-adjusted EPS": 2702,
        "PE": 4.9,
        "Book Price": 13.9
      }
    },
    {
      "quarter": "Q4 2009",
      "income status": {
        "Net sales": 47783,
        "Cost of goods sold": 43142,
        "Gross Profit": 4641,
        "Financial expenses": 1871,
        "Of which: Interest expense": 1871,
        "Cost of sales": "N/A",
        "Enterprise cost management": 995,
        "Total Operating Expenses": 2866,
        "Total revenue financing activities": 1537,
        "Net profit from business activities": 3312,
        "Profit": -16,
        "Profit before tax": 3297,
        "Present corporate income tax expenses": 412,
        "Deferred income taxes expenses": "N/A",
        "The interests of minority shareholders": "N/A",
        "Total Cost of profits": 412,
        "Profit after tax corporate income": 2885,
        "Volume": 4480861,
        "Close of Quarter": 15.3,
        "EPS": 2156.2,
        "Non-adjusted EPS": 2763,
        "PE": 5.5,
        "Book Price": 13.9
      }
    },
    {
      "quarter": "Q3 2009",
      "income status": {
        "Net sales": 28584,
        "Cost of goods sold": 22267,
        "Gross Profit": 6317,
        "Financial expenses": 1505,
        "Of which: Interest expense": 1470,
        "Cost of sales": "N/A",
        "Enterprise cost management": 1135,
        "Total Operating Expenses": 2640,
        "Total revenue financing activities": 22,
        "Net profit from business activities": 3699,
        "Profit": 3,
        "Profit before tax": 3702,
        "Present corporate income tax expenses": 463,
        "Deferred income taxes expenses": "N/A",
        "The interests of minority shareholders": "N/A",
        "Total Cost of profits": 463,
        "Profit after tax corporate income": 3239,
        "Volume": 3000000,
        "Close of Quarter": 15.5,
        "EPS": 2042.9,
        "Non-adjusted EPS": 3910,
        "PE": 4.0,
        "Book Price": 10.6
      }
    },
    {
      "quarter": "Q2 2009",
      "income status": {
        "Net sales": 14305,
        "Cost of goods sold": 7005,
        "Gross Profit": 7299,
        "Financial expenses": 2406,
        "Of which: Interest expense": "N/A",
        "Cost of sales": "N/A",
        "Enterprise cost management": 870,
        "Total Operating Expenses": 3276,
        "Total revenue financing activities": 52,
        "Net profit from business activities": 4076,
        "Profit": 177,
        "Profit before tax": 4253,
        "Present corporate income tax expenses": 532,
        "Deferred income taxes expenses": "N/A",
        "The interests of minority shareholders": "N/A",
        "Total Cost of profits": 532,
        "Profit after tax corporate income": 3721,
        "Volume": 3000000,
        "Close of Quarter": 9.6,
        "EPS": 1886.7,
        "Non-adjusted EPS": 3611,
        "PE": 2.7,
        "Book Price": 10.0
      }
    },
    {
      "quarter": "Q1 2009",
      "income status": {
        "Net sales": 47064,
        "Cost of goods sold": 43317,
        "Gross Profit": 3747,
        "Financial expenses": 112,
        "Of which: Interest expense": "N/A",
        "Cost of sales": "N/A",
        "Enterprise cost management": 876,
        "Total Operating Expenses": 988,
        "Total revenue financing activities": 82,
        "Net profit from business activities": 2841,
        "Profit": 58,
        "Profit before tax": 2899,
        "Present corporate income tax expenses": 362,
        "Deferred income taxes expenses": "N/A",
        "The interests of minority shareholders": "N/A",
        "Total Cost of profits": 362,
        "Profit after tax corporate income": 2536,
        "Volume": 3000000,
        "Close of Quarter": 9.5,
        "EPS": 1928.0,
        "Non-adjusted EPS": 3690,
        "PE": 2.6,
        "Book Price": 9.9
      }
    },
    {
      "quarter": "Q4 2008",
      "income status": {
        "Net sales": 48831,
        "Cost of goods sold": 42693,
        "Gross Profit": 6138,
        "Financial expenses": 2498,
        "Of which: Interest expense": 1551,
        "Cost of sales": "N/A",
        "Enterprise cost management": 1541,
        "Total Operating Expenses": 4039,
        "Total revenue financing activities": 24,
        "Net profit from business activities": 2123,
        "Profit": 474,
        "Profit before tax": 2597,
        "Present corporate income tax expenses": 364,
        "Deferred income taxes expenses": "N/A",
        "The interests of minority shareholders": "N/A",
        "Total Cost of profits": 364,
        "Profit after tax corporate income": 2233,
        "Volume": 3000000,
        "Close of Quarter": 10.9,
        "EPS": 2021.0,
        "Non-adjusted EPS": 3868,
        "PE": 2.8,
        "Book Price": 9.4
      }
    },
    {
      "quarter": "Q3 2008",
      "income status": {
        "Net sales": 32641,
        "Cost of goods sold": 27557,
        "Gross Profit": 5085,
        "Financial expenses": 1426,
        "Of which: Interest expense": "N/A",
        "Cost of sales": "N/A",
        "Enterprise cost management": 972,
        "Total Operating Expenses": 2398,
        "Total revenue financing activities": 38,
        "Net profit from business activities": 2725,
        "Profit": "N/A",
        "Profit before tax": 2725,
        "Present corporate income tax expenses": 382,
        "Deferred income taxes expenses": "N/A",
        "The interests of minority shareholders": "N/A",
        "Total Cost of profits": 382,
        "Profit after tax corporate income": 2344,
        "Volume": 3000000,
        "Close of Quarter": 14.4,
        "EPS": 1632.2,
        "Non-adjusted EPS": 3124,
        "PE": 4.6,
        "Book Price": 9.4
      }
    },
    {
      "quarter": "Q2 2008",
      "income status": {
        "Net sales": 39577,
        "Cost of goods sold": 32184,
        "Gross Profit": 7393,
        "Financial expenses": 1632,
        "Of which: Interest expense": "N/A",
        "Cost of sales": "N/A",
        "Enterprise cost management": 1079,
        "Total Operating Expenses": 2711,
        "Total revenue financing activities": 57,
        "Net profit from business activities": 4739,
        "Profit": -123,
        "Profit before tax": 4615,
        "Present corporate income tax expenses": 649,
        "Deferred income taxes expenses": "N/A",
        "The interests of minority shareholders": 8,
        "Total Cost of profits": 657,
        "Profit after tax corporate income": 3958,
        "Volume": 3000000,
        "Close of Quarter": 18,
        "EPS": 1224.2,
        "Non-adjusted EPS": 2343,
        "PE": 7.7,
        "Book Price": 8.9
      }
    },
    {
      "quarter": "Q1 2008",
      "income status": {
        "Net sales": 28814,
        "Cost of goods sold": 23935,
        "Gross Profit": 4879,
        "Financial expenses": 732,
        "Of which: Interest expense": "N/A",
        "Cost of sales": "N/A",
        "Enterprise cost management": 756,
        "Total Operating Expenses": 1488,
        "Total revenue financing activities": 179,
        "Net profit from business activities": 3570,
        "Profit": "N/A",
        "Profit before tax": 3570,
        "Present corporate income tax expenses": 500,
        "Deferred income taxes expenses": "N/A",
        "The interests of minority shareholders": "N/A",
        "Total Cost of profits": 500,
        "Profit after tax corporate income": 3070,
        "Volume": 3000000,
        "Close of Quarter": "N/A",
        "EPS": 534.5,
        "Non-adjusted EPS": 1023,
        "PE": "N/A",
        "Book Price": 8.5
      }
    }
  ]
}