{
  "ticker": "PSG",
  "data": [
    {
      "quarter": "Q1 2014",
      "income status": {
        "Net sales": 9031,
        "Cost of goods sold": 12435,
        "Gross Profit": -3404,
        "Financial expenses": 20265,
        "Of which: Interest expense": 20265,
        "Cost of sales": "N/A",
        "Enterprise cost management": 4712,
        "Total Operating Expenses": 24977,
        "Total revenue financing activities": 3,
        "Net profit from business activities": -28379,
        "Profit": -3301,
        "Profit before tax": -31680,
        "Present corporate income tax expenses": "N/A",
        "Deferred income taxes expenses": "N/A",
        "The interests of minority shareholders": -5,
        "Total Cost of profits": -5,
        "Profit after tax corporate income": -31675,
        "Volume": 35000000,
        "Close of Quarter": 4.1,
        "EPS": -6136,
        "Non-adjusted EPS": -6136,
        "PE": -0.7,
        "Book Price": -5.1
      }
    },
    {
      "quarter": "Q4 2013",
      "income status": {
        "Net sales": -51535,
        "Cost of goods sold": 21212,
        "Gross Profit": -72748,
        "Financial expenses": 21890,
        "Of which: Interest expense": 21890,
        "Cost of sales": "N/A",
        "Enterprise cost management": 2792,
        "Total Operating Expenses": 24682,
        "Total revenue financing activities": 10,
        "Net profit from business activities": -97420,
        "Profit": -1135,
        "Profit before tax": -98554,
        "Present corporate income tax expenses": "N/A",
        "Deferred income taxes expenses": "N/A",
        "The interests of minority shareholders": 1,
        "Total Cost of profits": 1,
        "Profit after tax corporate income": -98555,
        "Volume": 35000000,
        "Close of Quarter": 1.8,
        "EPS": -5951,
        "Non-adjusted EPS": -5951,
        "PE": -0.3,
        "Book Price": -3.8
      }
    },
    {
      "quarter": "Q3 2013",
      "income status": {
        "Net sales": 22741,
        "Cost of goods sold": 37372,
        "Gross Profit": -14631,
        "Financial expenses": 20447,
        "Of which: Interest expense": 20447,
        "Cost of sales": "N/A",
        "Enterprise cost management": 5994,
        "Total Operating Expenses": 26441,
        "Total revenue financing activities": 14,
        "Net profit from business activities": -41058,
        "Profit": -2556,
        "Profit before tax": -43613,
        "Present corporate income tax expenses": 1045,
        "Deferred income taxes expenses": "N/A",
        "The interests of minority shareholders": -33,
        "Total Cost of profits": 1012,
        "Profit after tax corporate income": -44625,
        "Volume": 35000000,
        "Close of Quarter": 0.7,
        "EPS": -5116,
        "Non-adjusted EPS": -5116,
        "PE": -0.1,
        "Book Price": -1
      }
    },
    {
      "quarter": "Q2 2013",
      "income status": {
        "Net sales": 17231,
        "Cost of goods sold": 25851,
        "Gross Profit": -8620,
        "Financial expenses": 12017,
        "Of which: Interest expense": 12017,
        "Cost of sales": "N/A",
        "Enterprise cost management": 6834,
        "Total Operating Expenses": 18851,
        "Total revenue financing activities": 26,
        "Net profit from business activities": -27446,
        "Profit": -12511,
        "Profit before tax": -39957,
        "Present corporate income tax expenses": "N/A",
        "Deferred income taxes expenses": "N/A",
        "The interests of minority shareholders": -52,
        "Total Cost of profits": -52,
        "Profit after tax corporate income": -39905,
        "Volume": 35000000,
        "Close of Quarter": 0.9,
        "EPS": -7206,
        "Non-adjusted EPS": -7206,
        "PE": -0.1,
        "Book Price": 0.3
      }
    },
    {
      "quarter": "Q1 2013",
      "income status": {
        "Net sales": 7402,
        "Cost of goods sold": 10328,
        "Gross Profit": -2926,
        "Financial expenses": 13794,
        "Of which: Interest expense": 13794,
        "Cost of sales": "N/A",
        "Enterprise cost management": 5210,
        "Total Operating Expenses": 19004,
        "Total revenue financing activities": 15,
        "Net profit from business activities": -21915,
        "Profit": -3399,
        "Profit before tax": -25314,
        "Present corporate income tax expenses": "N/A",
        "Deferred income taxes expenses": "N/A",
        "The interests of minority shareholders": -112,
        "Total Cost of profits": -112,
        "Profit after tax corporate income": -25202,
        "Volume": 35000000,
        "Close of Quarter": 1,
        "EPS": -6986,
        "Non-adjusted EPS": -6986,
        "PE": -0.1,
        "Book Price": 1.5
      }
    },
    {
      "quarter": "Q4 2012",
      "income status": {
        "Net sales": 15208,
        "Cost of goods sold": 51481,
        "Gross Profit": -36273,
        "Financial expenses": 26110,
        "Of which: Interest expense": 26110,
        "Cost of sales": "N/A",
        "Enterprise cost management": 5113,
        "Total Operating Expenses": 31223,
        "Total revenue financing activities": 26,
        "Net profit from business activities": -67470,
        "Profit": -1872,
        "Profit before tax": -69343,
        "Present corporate income tax expenses": "N/A",
        "Deferred income taxes expenses": "N/A",
        "The interests of minority shareholders": -26,
        "Total Cost of profits": -26,
        "Profit after tax corporate income": -69317,
        "Volume": 35000000,
        "Close of Quarter": 1.4,
        "EPS": -7180,
        "Non-adjusted EPS": -7180,
        "PE": -0.2,
        "Book Price": 0.5
      }
    },
    {
      "quarter": "Q3 2012",
      "income status": {
        "Net sales": 16167,
        "Cost of goods sold": 104770,
        "Gross Profit": -88602,
        "Financial expenses": 20115,
        "Of which: Interest expense": 20115,
        "Cost of sales": "N/A",
        "Enterprise cost management": 5736,
        "Total Operating Expenses": 25851,
        "Total revenue financing activities": 29,
        "Net profit from business activities": -114425,
        "Profit": -3578,
        "Profit before tax": -118002,
        "Present corporate income tax expenses": "N/A",
        "Deferred income taxes expenses": "N/A",
        "The interests of minority shareholders": -228,
        "Total Cost of profits": -228,
        "Profit after tax corporate income": -117774,
        "Volume": 35000000,
        "Close of Quarter": 1.3,
        "EPS": -5531,
        "Non-adjusted EPS": -5531,
        "PE": -0.2,
        "Book Price": 2.4
      }
    },
    {
      "quarter": "Q2 2012",
      "income status": {
        "Net sales": 31715,
        "Cost of goods sold": 36777,
        "Gross Profit": -5062,
        "Financial expenses": 15757,
        "Of which: Interest expense": 15757,
        "Cost of sales": "N/A",
        "Enterprise cost management": 9697,
        "Total Operating Expenses": 25454,
        "Total revenue financing activities": 80,
        "Net profit from business activities": -30436,
        "Profit": -1806,
        "Profit before tax": -32242,
        "Present corporate income tax expenses": "N/A",
        "Deferred income taxes expenses": "N/A",
        "The interests of minority shareholders": -16,
        "Total Cost of profits": -16,
        "Profit after tax corporate income": -32226,
        "Volume": 35000000,
        "Close of Quarter": 2.7,
        "EPS": -2067,
        "Non-adjusted EPS": -2067,
        "PE": -1.3,
        "Book Price": 5.8
      }
    },
    {
      "quarter": "Q1 2012",
      "income status": {
        "Net sales": 13923,
        "Cost of goods sold": 11143,
        "Gross Profit": 2780,
        "Financial expenses": 25617,
        "Of which: Interest expense": 25617,
        "Cost of sales": 118,
        "Enterprise cost management": 9211,
        "Total Operating Expenses": 34946,
        "Total revenue financing activities": 1012,
        "Net profit from business activities": -31154,
        "Profit": -910,
        "Profit before tax": -32065,
        "Present corporate income tax expenses": "N/A",
        "Deferred income taxes expenses": "N/A",
        "The interests of minority shareholders": -84,
        "Total Cost of profits": -84,
        "Profit after tax corporate income": -31981,
        "Volume": 35000000,
        "Close of Quarter": 4.4,
        "EPS": -1111,
        "Non-adjusted EPS": -1111,
        "PE": -4.0,
        "Book Price": 6.7
      }
    },
    {
      "quarter": "Q4 2011",
      "income status": {
        "Net sales": 417855,
        "Cost of goods sold": 410081,
        "Gross Profit": 7774,
        "Financial expenses": 14772,
        "Of which: Interest expense": 14772,
        "Cost of sales": "N/A",
        "Enterprise cost management": 11205,
        "Total Operating Expenses": 25977,
        "Total revenue financing activities": 2820,
        "Net profit from business activities": -15383,
        "Profit": 88,
        "Profit before tax": -808,
        "Present corporate income tax expenses": -3676,
        "Deferred income taxes expenses": "N/A",
        "The interests of minority shareholders": "N/A",
        "Total Cost of profits": -3676,
        "Profit after tax corporate income": -11618,
        "Volume": 35000000,
        "Close of Quarter": 3.9,
        "EPS": -84,
        "Non-adjusted EPS": -84,
        "PE": -46.4,
        "Book Price": 10.1
      }
    },
    {
      "quarter": "Q3 2011",
      "income status": {
        "Net sales": 122665,
        "Cost of goods sold": 103762,
        "Gross Profit": 18903,
        "Financial expenses": 5802,
        "Of which: Interest expense": 5802,
        "Cost of sales": "N/A",
        "Enterprise cost management": 9131,
        "Total Operating Expenses": 14933,
        "Total revenue financing activities": 855,
        "Net profit from business activities": 4825,
        "Profit": 1,
        "Profit before tax": 4826,
        "Present corporate income tax expenses": 1354,
        "Deferred income taxes expenses": "N/A",
        "The interests of minority shareholders": 4,
        "Total Cost of profits": 1358,
        "Profit after tax corporate income": 3468,
        "Volume": 35000000,
        "Close of Quarter": 8,
        "EPS": 4529,
        "Non-adjusted EPS": 4529,
        "PE": 1.8,
        "Book Price": 10.4
      }
    },
    {
      "quarter": "Q2 2011",
      "income status": {
        "Net sales": 221901,
        "Cost of goods sold": 206537,
        "Gross Profit": 15364,
        "Financial expenses": 6413,
        "Of which: Interest expense": 6413,
        "Cost of sales": "N/A",
        "Enterprise cost management": 9192,
        "Total Operating Expenses": 15605,
        "Total revenue financing activities": 1893,
        "Net profit from business activities": 1652,
        "Profit": 38,
        "Profit before tax": 1690,
        "Present corporate income tax expenses": 458,
        "Deferred income taxes expenses": "N/A",
        "The interests of minority shareholders": "N/A",
        "Total Cost of profits": 458,
        "Profit after tax corporate income": 1232,
        "Volume": 35000000,
        "Close of Quarter": 7.7,
        "EPS": 4633,
        "Non-adjusted EPS": 4633,
        "PE": 1.7,
        "Book Price": 10.3
      }
    },
    {
      "quarter": "Q1 2011",
      "income status": {
        "Net sales": 150386,
        "Cost of goods sold": 123105,
        "Gross Profit": 27280,
        "Financial expenses": 10199,
        "Of which: Interest expense": 10199,
        "Cost of sales": "N/A",
        "Enterprise cost management": 13376,
        "Total Operating Expenses": 23575,
        "Total revenue financing activities": 1569,
        "Net profit from business activities": 5274,
        "Profit": 100,
        "Profit before tax": 5374,
        "Present corporate income tax expenses": 1385,
        "Deferred income taxes expenses": "N/A",
        "The interests of minority shareholders": "N/A",
        "Total Cost of profits": 1385,
        "Profit after tax corporate income": 3990,
        "Volume": 35000000,
        "Close of Quarter": 8.9,
        "EPS": 4872,
        "Non-adjusted EPS": 4872,
        "PE": 1.8,
        "Book Price": 10.9
      }
    },
    {
      "quarter": "Q4 2010",
      "income status": {
        "Net sales": 3075789,
        "Cost of goods sold": 2661603,
        "Gross Profit": 414187,
        "Financial expenses": 85143,
        "Of which: Interest expense": 56940,
        "Cost of sales": 8580,
        "Enterprise cost management": 174769,
        "Total Operating Expenses": 268492,
        "Total revenue financing activities": 85906,
        "Net profit from business activities": 231601,
        "Profit": 15158,
        "Profit before tax": 322415,
        "Present corporate income tax expenses": 63344,
        "Deferred income taxes expenses": -2084,
        "The interests of minority shareholders": 111348,
        "Total Cost of profits": 172608,
        "Profit after tax corporate income": 149808,
        "Volume": 35000000,
        "Close of Quarter": "N/A",
        "EPS": 4778,
        "Non-adjusted EPS": 4778,
        "PE": "N/A",
        "Book Price": 10.8
      }
    },
    {
      "quarter": "Q3 2010",
      "income status": {
        "Net sales": 205171,
        "Cost of goods sold": 185353,
        "Gross Profit": 19818,
        "Financial expenses": 1110,
        "Of which: Interest expense": 1110,
        "Cost of sales": "N/A",
        "Enterprise cost management": 10326,
        "Total Operating Expenses": 11436,
        "Total revenue financing activities": 1319,
        "Net profit from business activities": 9701,
        "Profit": -166,
        "Profit before tax": 9535,
        "Present corporate income tax expenses": 2400,
        "Deferred income taxes expenses": "N/A",
        "The interests of minority shareholders": "N/A",
        "Total Cost of profits": 2400,
        "Profit after tax corporate income": 7135,
        "Volume": 35000000,
        "Close of Quarter": "N/A",
        "EPS": 498,
        "Non-adjusted EPS": 498,
        "PE": "N/A",
        "Book Price": 10.6
      }
    },
    {
      "quarter": "Q2 2010",
      "income status": {
        "Net sales": 363123,
        "Cost of goods sold": 331483,
        "Gross Profit": 31640,
        "Financial expenses": 2530,
        "Of which: Interest expense": 2530,
        "Cost of sales": 265,
        "Enterprise cost management": 14763,
        "Total Operating Expenses": 17558,
        "Total revenue financing activities": 1090,
        "Net profit from business activities": 15172,
        "Profit": -493,
        "Profit before tax": 14679,
        "Present corporate income tax expenses": 5101,
        "Deferred income taxes expenses": "N/A",
        "The interests of minority shareholders": "N/A",
        "Total Cost of profits": 5101,
        "Profit after tax corporate income": 9578,
        "Volume": 35000000,
        "Close of Quarter": "N/A",
        "EPS": 294,
        "Non-adjusted EPS": 294,
        "PE": "N/A",
        "Book Price": "N/A"
      }
    },
    {
      "quarter": "Q1 2010",
      "income status": {
        "Net sales": 36052,
        "Cost of goods sold": 34347,
        "Gross Profit": 1705,
        "Financial expenses": 80,
        "Of which: Interest expense": 80,
        "Cost of sales": "N/A",
        "Enterprise cost management": 1227,
        "Total Operating Expenses": 1307,
        "Total revenue financing activities": 547,
        "Net profit from business activities": 944,
        "Profit": "N/A",
        "Profit before tax": 944,
        "Present corporate income tax expenses": 236,
        "Deferred income taxes expenses": "N/A",
        "The interests of minority shareholders": "N/A",
        "Total Cost of profits": 236,
        "Profit after tax corporate income": 708,
        "Volume": 35000000,
        "Close of Quarter": "N/A",
        "EPS": 20,
        "Non-adjusted EPS": 20,
        "PE": "N/A",
        "Book Price": "N/A"
      }
    }
  ]
}