{
  "ticker": "TRI",
  "data": [
    {
      "quarter": "Q4 2011",
      "income status": {
        "Net sales": 221354,
        "Cost of goods sold": 189099,
        "Gross Profit": 32255,
        "Financial expenses": 7270,
        "Of which: Interest expense": 3683,
        "Cost of sales": 70698,
        "Enterprise cost management": 4670,
        "Total Operating Expenses": 82638,
        "Total revenue financing activities": 63,
        "Net profit from business activities": -50321,
        "Profit": 6489,
        "Profit before tax": -43832,
        "Present corporate income tax expenses": "N/A",
        "Deferred income taxes expenses": "N/A",
        "The interests of minority shareholders": "N/A",
        "Total Cost of profits": 0,
        "Profit after tax corporate income": -43832,
        "Volume": 27548360,
        "Close of Quarter": 1.9,
        "EPS": -3148,
        "Non-adjusted EPS": -3148,
        "PE": -0.6,
        "Book Price": -0.7
      }
    },
    {
      "quarter": "Q3 2011",
      "income status": {
        "Net sales": 196473,
        "Cost of goods sold": 166855,
        "Gross Profit": 29618,
        "Financial expenses": 3690,
        "Of which: Interest expense": 3690,
        "Cost of sales": 47230,
        "Enterprise cost management": 3655,
        "Total Operating Expenses": 54575,
        "Total revenue financing activities": 39,
        "Net profit from business activities": -24918,
        "Profit": 83,
        "Profit before tax": -24834,
        "Present corporate income tax expenses": "N/A",
        "Deferred income taxes expenses": "N/A",
        "The interests of minority shareholders": "N/A",
        "Total Cost of profits": 0,
        "Profit after tax corporate income": -24834,
        "Volume": 27548360,
        "Close of Quarter": 2.9,
        "EPS": -1810,
        "Non-adjusted EPS": -1810,
        "PE": -1.6,
        "Book Price": 0.8
      }
    },
    {
      "quarter": "Q2 2011",
      "income status": {
        "Net sales": 179493,
        "Cost of goods sold": 143617,
        "Gross Profit": 35875,
        "Financial expenses": 6330,
        "Of which: Interest expense": 3017,
        "Cost of sales": 35559,
        "Enterprise cost management": 3775,
        "Total Operating Expenses": 45664,
        "Total revenue financing activities": 98,
        "Net profit from business activities": -9690,
        "Profit": 592,
        "Profit before tax": -9098,
        "Present corporate income tax expenses": "N/A",
        "Deferred income taxes expenses": "N/A",
        "The interests of minority shareholders": "N/A",
        "Total Cost of profits": 0,
        "Profit after tax corporate income": -9098,
        "Volume": 27548360,
        "Close of Quarter": 3.6,
        "EPS": -1079,
        "Non-adjusted EPS": -1079,
        "PE": -3.3,
        "Book Price": 1.7
      }
    },
    {
      "quarter": "Q1 2011",
      "income status": {
        "Net sales": 144717,
        "Cost of goods sold": 124963,
        "Gross Profit": 19754,
        "Financial expenses": 3013,
        "Of which: Interest expense": 2318,
        "Cost of sales": 23168,
        "Enterprise cost management": 4129,
        "Total Operating Expenses": 30310,
        "Total revenue financing activities": 119,
        "Net profit from business activities": -10437,
        "Profit": 1470,
        "Profit before tax": -8967,
        "Present corporate income tax expenses": "N/A",
        "Deferred income taxes expenses": "N/A",
        "The interests of minority shareholders": "N/A",
        "Total Cost of profits": 0,
        "Profit after tax corporate income": -8967,
        "Volume": 27548360,
        "Close of Quarter": 4.8,
        "EPS": 803,
        "Non-adjusted EPS": 803,
        "PE": 6.0,
        "Book Price": 2.1
      }
    },
    {
      "quarter": "Q4 2010",
      "income status": {
        "Net sales": 182322,
        "Cost of goods sold": 152677,
        "Gross Profit": 29645,
        "Financial expenses": -5887,
        "Of which: Interest expense": 3579,
        "Cost of sales": 30378,
        "Enterprise cost management": 3285,
        "Total Operating Expenses": 27776,
        "Total revenue financing activities": -8988,
        "Net profit from business activities": -7119,
        "Profit": 151,
        "Profit before tax": -6968,
        "Present corporate income tax expenses": "N/A",
        "Deferred income taxes expenses": "N/A",
        "The interests of minority shareholders": "N/A",
        "Total Cost of profits": 0,
        "Profit after tax corporate income": -6968,
        "Volume": 27548360,
        "Close of Quarter": 6.1,
        "EPS": 132,
        "Non-adjusted EPS": 132,
        "PE": 46.2,
        "Book Price": 2.4
      }
    },
    {
      "quarter": "Q3 2010",
      "income status": {
        "Net sales": 181667,
        "Cost of goods sold": 159429,
        "Gross Profit": 22238,
        "Financial expenses": 7512,
        "Of which: Interest expense": 6345,
        "Cost of sales": 27601,
        "Enterprise cost management": 3511,
        "Total Operating Expenses": 38624,
        "Total revenue financing activities": 11504,
        "Net profit from business activities": -4882,
        "Profit": 197,
        "Profit before tax": -4685,
        "Present corporate income tax expenses": "N/A",
        "Deferred income taxes expenses": "N/A",
        "The interests of minority shareholders": "N/A",
        "Total Cost of profits": 0,
        "Profit after tax corporate income": -4685,
        "Volume": 27548360,
        "Close of Quarter": 7,
        "EPS": -469,
        "Non-adjusted EPS": -469,
        "PE": -14.9,
        "Book Price": 2.7
      }
    },
    {
      "quarter": "Q2 2010",
      "income status": {
        "Net sales": 195812,
        "Cost of goods sold": 170988,
        "Gross Profit": 24823,
        "Financial expenses": 17969,
        "Of which: Interest expense": 6943,
        "Cost of sales": 37682,
        "Enterprise cost management": 5179,
        "Total Operating Expenses": 60830,
        "Total revenue financing activities": 82749,
        "Net profit from business activities": 46742,
        "Profit": -239,
        "Profit before tax": 41897,
        "Present corporate income tax expenses": "N/A",
        "Deferred income taxes expenses": "N/A",
        "The interests of minority shareholders": -849,
        "Total Cost of profits": -849,
        "Profit after tax corporate income": 42746,
        "Volume": 27548360,
        "Close of Quarter": 8.6,
        "EPS": -1099,
        "Non-adjusted EPS": -1099,
        "PE": -7.8,
        "Book Price": 2.8
      }
    },
    {
      "quarter": "Q1 2010",
      "income status": {
        "Net sales": 118127,
        "Cost of goods sold": 101286,
        "Gross Profit": 16841,
        "Financial expenses": 4706,
        "Of which: Interest expense": 4652,
        "Cost of sales": 30162,
        "Enterprise cost management": 6080,
        "Total Operating Expenses": 40948,
        "Total revenue financing activities": 57,
        "Net profit from business activities": -24050,
        "Profit": -257,
        "Profit before tax": -28341,
        "Present corporate income tax expenses": "N/A",
        "Deferred income taxes expenses": "N/A",
        "The interests of minority shareholders": -886,
        "Total Cost of profits": -886,
        "Profit after tax corporate income": -27455,
        "Volume": 27548360,
        "Close of Quarter": 6.4,
        "EPS": -3211,
        "Non-adjusted EPS": -3211,
        "PE": -2.0,
        "Book Price": 1.3
      }
    },
    {
      "quarter": "Q4 2009",
      "income status": {
        "Net sales": 160508,
        "Cost of goods sold": 130796,
        "Gross Profit": 29711,
        "Financial expenses": -4571,
        "Of which: Interest expense": 3884,
        "Cost of sales": 46250,
        "Enterprise cost management": 11788,
        "Total Operating Expenses": 53467,
        "Total revenue financing activities": 933,
        "Net profit from business activities": -22822,
        "Profit": -417,
        "Profit before tax": -24368,
        "Present corporate income tax expenses": "N/A",
        "Deferred income taxes expenses": "N/A",
        "The interests of minority shareholders": -838,
        "Total Cost of profits": -838,
        "Profit after tax corporate income": -23530,
        "Volume": 27548360,
        "Close of Quarter": 9.3,
        "EPS": -2987,
        "Non-adjusted EPS": -2987,
        "PE": -3.1,
        "Book Price": 2.3
      }
    },
    {
      "quarter": "Q3 2009",
      "income status": {
        "Net sales": 127072,
        "Cost of goods sold": 98873,
        "Gross Profit": 28199,
        "Financial expenses": 3898,
        "Of which: Interest expense": 2861,
        "Cost of sales": 38343,
        "Enterprise cost management": 6228,
        "Total Operating Expenses": 48469,
        "Total revenue financing activities": 120,
        "Net profit from business activities": -20150,
        "Profit": -344,
        "Profit before tax": -22748,
        "Present corporate income tax expenses": "N/A",
        "Deferred income taxes expenses": "N/A",
        "The interests of minority shareholders": -706,
        "Total Cost of profits": -706,
        "Profit after tax corporate income": -22042,
        "Volume": 27548360,
        "Close of Quarter": 11.6,
        "EPS": -7400,
        "Non-adjusted EPS": -7400,
        "PE": -1.6,
        "Book Price": 3.1
      }
    },
    {
      "quarter": "Q2 2009",
      "income status": {
        "Net sales": 162596,
        "Cost of goods sold": 129104,
        "Gross Profit": 33492,
        "Financial expenses": 4152,
        "Of which: Interest expense": 2963,
        "Cost of sales": 37196,
        "Enterprise cost management": 7230,
        "Total Operating Expenses": 48578,
        "Total revenue financing activities": 77,
        "Net profit from business activities": -15008,
        "Profit": 59,
        "Profit before tax": -17028,
        "Present corporate income tax expenses": "N/A",
        "Deferred income taxes expenses": "N/A",
        "The interests of minority shareholders": -1599,
        "Total Cost of profits": -1599,
        "Profit after tax corporate income": -15429,
        "Volume": 7548360,
        "Close of Quarter": 11.6,
        "EPS": -6588.2,
        "Non-adjusted EPS": -24044,
        "PE": -0.5,
        "Book Price": -1.5
      }
    },
    {
      "quarter": "Q1 2009",
      "income status": {
        "Net sales": 122576,
        "Cost of goods sold": 99116,
        "Gross Profit": 23460,
        "Financial expenses": 6529,
        "Of which: Interest expense": 5365,
        "Cost of sales": 29525,
        "Enterprise cost management": 6021,
        "Total Operating Expenses": 42075,
        "Total revenue financing activities": 78,
        "Net profit from business activities": -18537,
        "Profit": 26,
        "Profit before tax": -22037,
        "Present corporate income tax expenses": "N/A",
        "Deferred income taxes expenses": "N/A",
        "The interests of minority shareholders": -742,
        "Total Cost of profits": -742,
        "Profit after tax corporate income": -21295,
        "Volume": 7548360,
        "Close of Quarter": 7.3,
        "EPS": -6017.7,
        "Non-adjusted EPS": -21962,
        "PE": -0.3,
        "Book Price": -1.0
      }
    },
    {
      "quarter": "Q4 2008",
      "income status": {
        "Net sales": 160751,
        "Cost of goods sold": 139119,
        "Gross Profit": 21632,
        "Financial expenses": 28755,
        "Of which: Interest expense": 4289,
        "Cost of sales": 67995,
        "Enterprise cost management": 34300,
        "Total Operating Expenses": 131050,
        "Total revenue financing activities": 661,
        "Net profit from business activities": -108756,
        "Profit": -1411,
        "Profit before tax": -146128,
        "Present corporate income tax expenses": "N/A",
        "Deferred income taxes expenses": "N/A",
        "The interests of minority shareholders": -1040,
        "Total Cost of profits": -1040,
        "Profit after tax corporate income": -145088,
        "Volume": 7548360,
        "Close of Quarter": 7.7,
        "EPS": -5239.8,
        "Non-adjusted EPS": -19123,
        "PE": -0.4,
        "Book Price": -0.2
      }
    },
    {
      "quarter": "Q3 2008",
      "income status": {
        "Net sales": 182490,
        "Cost of goods sold": 151516,
        "Gross Profit": 30974,
        "Financial expenses": 4016,
        "Of which: Interest expense": 3790,
        "Cost of sales": 19749,
        "Enterprise cost management": 6823,
        "Total Operating Expenses": 30588,
        "Total revenue financing activities": 143,
        "Net profit from business activities": 529,
        "Profit": 30,
        "Profit before tax": 559,
        "Present corporate income tax expenses": 491,
        "Deferred income taxes expenses": "N/A",
        "The interests of minority shareholders": -254,
        "Total Cost of profits": 237,
        "Profit after tax corporate income": 321,
        "Volume": 7548360,
        "Close of Quarter": 17.1,
        "EPS": 406.1,
        "Non-adjusted EPS": 1482,
        "PE": 11.5,
        "Book Price": 5.1
      }
    },
    {
      "quarter": "Q2 2008",
      "income status": {
        "Net sales": 158292,
        "Cost of goods sold": 109994,
        "Gross Profit": 48299,
        "Financial expenses": 14066,
        "Of which: Interest expense": 13187,
        "Cost of sales": 27724,
        "Enterprise cost management": 6812,
        "Total Operating Expenses": 48602,
        "Total revenue financing activities": 651,
        "Net profit from business activities": 348,
        "Profit": 42,
        "Profit before tax": 390,
        "Present corporate income tax expenses": 83,
        "Deferred income taxes expenses": "N/A",
        "The interests of minority shareholders": 19,
        "Total Cost of profits": 102,
        "Profit after tax corporate income": 288,
        "Volume": 7548360,
        "Close of Quarter": 18.8,
        "EPS": 468.8,
        "Non-adjusted EPS": 1711,
        "PE": 11.0,
        "Book Price": 5.1
      }
    },
    {
      "quarter": "Q1 2008",
      "income status": {
        "Net sales": 79062,
        "Cost of goods sold": 54557,
        "Gross Profit": 24505,
        "Financial expenses": 4603,
        "Of which: Interest expense": 4540,
        "Cost of sales": 14816,
        "Enterprise cost management": 6095,
        "Total Operating Expenses": 25514,
        "Total revenue financing activities": 1215,
        "Net profit from business activities": 206,
        "Profit": -15,
        "Profit before tax": 191,
        "Present corporate income tax expenses": 60,
        "Deferred income taxes expenses": "N/A",
        "The interests of minority shareholders": -5,
        "Total Cost of profits": 55,
        "Profit after tax corporate income": 135,
        "Volume": 7548360,
        "Close of Quarter": 27.6,
        "EPS": 526.9,
        "Non-adjusted EPS": 1923,
        "PE": 14.4,
        "Book Price": 5.1
      }
    },
    {
      "quarter": "Q4 2007",
      "income status": {
        "Net sales": 162677,
        "Cost of goods sold": 122517,
        "Gross Profit": 40160,
        "Financial expenses": 3782,
        "Of which: Interest expense": 3716,
        "Cost of sales": 26681,
        "Enterprise cost management": 6113,
        "Total Operating Expenses": 36576,
        "Total revenue financing activities": 8138,
        "Net profit from business activities": 11722,
        "Profit": 2671,
        "Profit before tax": 14393,
        "Present corporate income tax expenses": 3987,
        "Deferred income taxes expenses": "N/A",
        "The interests of minority shareholders": -34,
        "Total Cost of profits": 3953,
        "Profit after tax corporate income": 10440,
        "Volume": 7548360,
        "Close of Quarter": 43.7,
        "EPS": 554.0,
        "Non-adjusted EPS": 2022,
        "PE": 21.6,
        "Book Price": 5.5
      }
    },
    {
      "quarter": "Q3 2007",
      "income status": {
        "Net sales": 66510,
        "Cost of goods sold": 43941,
        "Gross Profit": 22569,
        "Financial expenses": 2975,
        "Of which: Interest expense": 2865,
        "Cost of sales": 15418,
        "Enterprise cost management": 4419,
        "Total Operating Expenses": 22812,
        "Total revenue financing activities": 1129,
        "Net profit from business activities": 887,
        "Profit": 2000,
        "Profit before tax": 2887,
        "Present corporate income tax expenses": 834,
        "Deferred income taxes expenses": "N/A",
        "The interests of minority shareholders": "N/A",
        "Total Cost of profits": 834,
        "Profit after tax corporate income": 2053,
        "Volume": 7548360,
        "Close of Quarter": 49.0,
        "EPS": 453.2,
        "Non-adjusted EPS": 1654,
        "PE": 29.6,
        "Book Price": 5.6
      }
    },
    {
      "quarter": "Q2 2007",
      "income status": {
        "Net sales": 80443,
        "Cost of goods sold": 52255,
        "Gross Profit": 28188,
        "Financial expenses": 2311,
        "Of which: Interest expense": "N/A",
        "Cost of sales": 20312,
        "Enterprise cost management": 3863,
        "Total Operating Expenses": 26486,
        "Total revenue financing activities": 774,
        "Net profit from business activities": 2476,
        "Profit": 144,
        "Profit before tax": 2619,
        "Present corporate income tax expenses": 733,
        "Deferred income taxes expenses": "N/A",
        "The interests of minority shareholders": "N/A",
        "Total Cost of profits": 733,
        "Profit after tax corporate income": 1886,
        "Volume": 6548360,
        "Close of Quarter": 50.0,
        "EPS": 400.5,
        "Non-adjusted EPS": 1685,
        "PE": 29.7,
        "Book Price": 4.6
      }
    },
    {
      "quarter": "Q1 2007",
      "income status": {
        "Net sales": 75010,
        "Cost of goods sold": 51885,
        "Gross Profit": 23125,
        "Financial expenses": 2363,
        "Of which: Interest expense": 2325,
        "Cost of sales": 16447,
        "Enterprise cost management": 3368,
        "Total Operating Expenses": 22178,
        "Total revenue financing activities": 287,
        "Net profit from business activities": 1234,
        "Profit": -5,
        "Profit before tax": 1229,
        "Present corporate income tax expenses": 344,
        "Deferred income taxes expenses": "N/A",
        "The interests of minority shareholders": "N/A",
        "Total Cost of profits": 344,
        "Profit after tax corporate income": 885,
        "Volume": 4548360,
        "Close of Quarter": 51.7,
        "EPS": 339.5,
        "Non-adjusted EPS": 2056,
        "PE": 25.1,
        "Book Price": 2.0
      }
    },
    {
      "quarter": "Q4 2006",
      "income status": {
        "Net sales": 109406,
        "Cost of goods sold": 63010,
        "Gross Profit": 46396,
        "Financial expenses": 1604,
        "Of which: Interest expense": "N/A",
        "Cost of sales": 29805,
        "Enterprise cost management": 4424,
        "Total Operating Expenses": 35833,
        "Total revenue financing activities": 74,
        "Net profit from business activities": 10637,
        "Profit": "N/A",
        "Profit before tax": 10637,
        "Present corporate income tax expenses": 2978,
        "Deferred income taxes expenses": "N/A",
        "The interests of minority shareholders": "N/A",
        "Total Cost of profits": 2978,
        "Profit after tax corporate income": 7659,
        "Volume": 4548360,
        "Close of Quarter": 33.5,
        "EPS": 315.4,
        "Non-adjusted EPS": 1910,
        "PE": 17.6,
        "Book Price": 2.3
      }
    },
    {
      "quarter": "Q3 2006",
      "income status": {
        "Net sales": 58969,
        "Cost of goods sold": 43232,
        "Gross Profit": 15738,
        "Financial expenses": 1343,
        "Of which: Interest expense": 1285,
        "Cost of sales": 10991,
        "Enterprise cost management": 2659,
        "Total Operating Expenses": 14993,
        "Total revenue financing activities": 56,
        "Net profit from business activities": 801,
        "Profit": 36,
        "Profit before tax": 837,
        "Present corporate income tax expenses": 234,
        "Deferred income taxes expenses": "N/A",
        "The interests of minority shareholders": "N/A",
        "Total Cost of profits": 234,
        "Profit after tax corporate income": 603,
        "Volume": 4548360,
        "Close of Quarter": 26.8,
        "EPS": 37.3,
        "Non-adjusted EPS": 226,
        "PE": 118.5,
        "Book Price": 2
      }
    },
    {
      "quarter": "Q2 2006",
      "income status": {
        "Net sales": 65370,
        "Cost of goods sold": 49223,
        "Gross Profit": 16146,
        "Financial expenses": 984,
        "Of which: Interest expense": 925,
        "Cost of sales": 11401,
        "Enterprise cost management": 3503,
        "Total Operating Expenses": 15888,
        "Total revenue financing activities": 23,
        "Net profit from business activities": 281,
        "Profit": 5,
        "Profit before tax": 286,
        "Present corporate income tax expenses": 80,
        "Deferred income taxes expenses": "N/A",
        "The interests of minority shareholders": "N/A",
        "Total Cost of profits": 80,
        "Profit after tax corporate income": 206,
        "Volume": 4548360,
        "Close of Quarter": 28.3,
        "EPS": 15.5,
        "Non-adjusted EPS": 94,
        "PE": 301.5,
        "Book Price": 2
      }
    },
    {
      "quarter": "Q1 2006",
      "income status": {
        "Net sales": 60034,
        "Cost of goods sold": 44762,
        "Gross Profit": 15272,
        "Financial expenses": 650,
        "Of which: Interest expense": 603,
        "Cost of sales": 11418,
        "Enterprise cost management": 3255,
        "Total Operating Expenses": 15323,
        "Total revenue financing activities": 239,
        "Net profit from business activities": 187,
        "Profit": 67,
        "Profit before tax": 253,
        "Present corporate income tax expenses": 32,
        "Deferred income taxes expenses": "N/A",
        "The interests of minority shareholders": "N/A",
        "Total Cost of profits": 32,
        "Profit after tax corporate income": 221,
        "Volume": 4548360,
        "Close of Quarter": 30.2,
        "EPS": 8.1,
        "Non-adjusted EPS": 49,
        "PE": 617.1,
        "Book Price": 2
      }
    }
  ]
}