{
  "ticker": "SD5",
  "data": [
    {
      "quarter": "Q1 2017",
      "income status": {
        "Net sales": 375758,
        "Cost of goods sold": 375293,
        "Gross Profit": 465,
        "Financial expenses": 16291,
        "Of which: Interest expense": 13344,
        "Cost of sales": "N/A",
        "Enterprise cost management": 13256,
        "Total Operating Expenses": 29547,
        "Total revenue financing activities": 51654,
        "Net profit from business activities": 22572,
        "Profit": -95,
        "Profit before tax": 22477,
        "Present corporate income tax expenses": 4495,
        "Deferred income taxes expenses": "N/A",
        "The interests of minority shareholders": "N/A",
        "Total Cost of profits": 4495,
        "Profit after tax corporate income": 17982,
        "Volume": 25999848,
        "Close of Quarter": 10.3,
        "EPS": 1817,
        "Non-adjusted EPS": 1817,
        "PE": 5.7,
        "Book Price": 20.7
      }
    },
    {
      "quarter": "Q4 2016",
      "income status": {
        "Net sales": 491981,
        "Cost of goods sold": 468405,
        "Gross Profit": 23577,
        "Financial expenses": -15313,
        "Of which: Interest expense": 20211,
        "Cost of sales": "N/A",
        "Enterprise cost management": 16499,
        "Total Operating Expenses": 1186,
        "Total revenue financing activities": 1245,
        "Net profit from business activities": 23636,
        "Profit": -178,
        "Profit before tax": 23458,
        "Present corporate income tax expenses": 5877,
        "Deferred income taxes expenses": 27,
        "The interests of minority shareholders": 465,
        "Total Cost of profits": 6369,
        "Profit after tax corporate income": 17090,
        "Volume": 25999848,
        "Close of Quarter": 9.3,
        "EPS": 1543,
        "Non-adjusted EPS": 1543,
        "PE": 6.0,
        "Book Price": 20.1
      }
    },
    {
      "quarter": "Q3 2016",
      "income status": {
        "Net sales": 375602,
        "Cost of goods sold": 328250,
        "Gross Profit": 47352,
        "Financial expenses": 22409,
        "Of which: Interest expense": 20773,
        "Cost of sales": "N/A",
        "Enterprise cost management": 17219,
        "Total Operating Expenses": 39628,
        "Total revenue financing activities": 14,
        "Net profit from business activities": 7737,
        "Profit": -358,
        "Profit before tax": 7378,
        "Present corporate income tax expenses": 1004,
        "Deferred income taxes expenses": 27,
        "The interests of minority shareholders": 266,
        "Total Cost of profits": 1297,
        "Profit after tax corporate income": 6082,
        "Volume": 25999848,
        "Close of Quarter": 9.1,
        "EPS": 1809,
        "Non-adjusted EPS": 1809,
        "PE": 5.0,
        "Book Price": 19.4
      }
    },
    {
      "quarter": "Q2 2016",
      "income status": {
        "Net sales": 265988,
        "Cost of goods sold": 212722,
        "Gross Profit": 53266,
        "Financial expenses": 24211,
        "Of which: Interest expense": 21251,
        "Cost of sales": "N/A",
        "Enterprise cost management": 21612,
        "Total Operating Expenses": 45823,
        "Total revenue financing activities": 76,
        "Net profit from business activities": 7519,
        "Profit": 666,
        "Profit before tax": 8185,
        "Present corporate income tax expenses": 1151,
        "Deferred income taxes expenses": 628,
        "The interests of minority shareholders": 310,
        "Total Cost of profits": 2089,
        "Profit after tax corporate income": 6096,
        "Volume": 25999848,
        "Close of Quarter": 9.3,
        "EPS": 1647,
        "Non-adjusted EPS": 1647,
        "PE": 5.7,
        "Book Price": 19.2
      }
    },
    {
      "quarter": "Q1 2016",
      "income status": {
        "Net sales": 321998,
        "Cost of goods sold": 272178,
        "Gross Profit": 49820,
        "Financial expenses": 18661,
        "Of which: Interest expense": 16296,
        "Cost of sales": 194,
        "Enterprise cost management": 16154,
        "Total Operating Expenses": 35009,
        "Total revenue financing activities": 3145,
        "Net profit from business activities": 17956,
        "Profit": -4693,
        "Profit before tax": 13264,
        "Present corporate income tax expenses": 2033,
        "Deferred income taxes expenses": 27,
        "The interests of minority shareholders": 356,
        "Total Cost of profits": 2416,
        "Profit after tax corporate income": 10848,
        "Volume": 25999848,
        "Close of Quarter": 9.7,
        "EPS": 1596,
        "Non-adjusted EPS": 1596,
        "PE": 6.1,
        "Book Price": 20.2
      }
    },
    {
      "quarter": "Q4 2015",
      "income status": {
        "Net sales": 446915,
        "Cost of goods sold": 387021,
        "Gross Profit": 59894,
        "Financial expenses": 24689,
        "Of which: Interest expense": 18734,
        "Cost of sales": 2060,
        "Enterprise cost management": 21193,
        "Total Operating Expenses": 47942,
        "Total revenue financing activities": 3016,
        "Net profit from business activities": 14967,
        "Profit": 4936,
        "Profit before tax": 19904,
        "Present corporate income tax expenses": -4706,
        "Deferred income taxes expenses": 29,
        "The interests of minority shareholders": 571,
        "Total Cost of profits": -4106,
        "Profit after tax corporate income": 24010,
        "Volume": 25999848,
        "Close of Quarter": 11.8,
        "EPS": 1628,
        "Non-adjusted EPS": 1628,
        "PE": 7.2,
        "Book Price": 19.8
      }
    },
    {
      "quarter": "Q3 2015",
      "income status": {
        "Net sales": 635503,
        "Cost of goods sold": 573512,
        "Gross Profit": 61991,
        "Financial expenses": 23914,
        "Of which: Interest expense": 18737,
        "Cost of sales": 6347,
        "Enterprise cost management": 24094,
        "Total Operating Expenses": 54355,
        "Total revenue financing activities": 2059,
        "Net profit from business activities": 9695,
        "Profit": 7,
        "Profit before tax": 9702,
        "Present corporate income tax expenses": 7929,
        "Deferred income taxes expenses": 29,
        "The interests of minority shareholders": -113,
        "Total Cost of profits": 7845,
        "Profit after tax corporate income": 1856,
        "Volume": 25999848,
        "Close of Quarter": 14.0,
        "EPS": 2284,
        "Non-adjusted EPS": 2284,
        "PE": 6.1,
        "Book Price": 18.8
      }
    },
    {
      "quarter": "Q2 2015",
      "income status": {
        "Net sales": 893149,
        "Cost of goods sold": 832720,
        "Gross Profit": 60429,
        "Financial expenses": 26981,
        "Of which: Interest expense": 22917,
        "Cost of sales": "N/A",
        "Enterprise cost management": 23262,
        "Total Operating Expenses": 50243,
        "Total revenue financing activities": 606,
        "Net profit from business activities": 10792,
        "Profit": 199,
        "Profit before tax": 10991,
        "Present corporate income tax expenses": 6141,
        "Deferred income taxes expenses": 29,
        "The interests of minority shareholders": 48,
        "Total Cost of profits": 6218,
        "Profit after tax corporate income": 4773,
        "Volume": 25999848,
        "Close of Quarter": 12.8,
        "EPS": 2381,
        "Non-adjusted EPS": 2381,
        "PE": 5.4,
        "Book Price": 18.7
      }
    },
    {
      "quarter": "Q1 2015",
      "income status": {
        "Net sales": 551182,
        "Cost of goods sold": 491755,
        "Gross Profit": 59427,
        "Financial expenses": 21684,
        "Of which: Interest expense": 20998,
        "Cost of sales": "N/A",
        "Enterprise cost management": 22738,
        "Total Operating Expenses": 44422,
        "Total revenue financing activities": 343,
        "Net profit from business activities": 15349,
        "Profit": -422,
        "Profit before tax": 14927,
        "Present corporate income tax expenses": 3131,
        "Deferred income taxes expenses": 29,
        "The interests of minority shareholders": 68,
        "Total Cost of profits": 3228,
        "Profit after tax corporate income": 11699,
        "Volume": 25999848,
        "Close of Quarter": 12.1,
        "EPS": 2252,
        "Non-adjusted EPS": 2252,
        "PE": 5.4,
        "Book Price": 20.5
      }
    },
    {
      "quarter": "Q4 2014",
      "income status": {
        "Net sales": 517797,
        "Cost of goods sold": 415790,
        "Gross Profit": 102007,
        "Financial expenses": 27202,
        "Of which: Interest expense": 25243,
        "Cost of sales": "N/A",
        "Enterprise cost management": 23264,
        "Total Operating Expenses": 50466,
        "Total revenue financing activities": 773,
        "Net profit from business activities": 52314,
        "Profit": 403,
        "Profit before tax": 52716,
        "Present corporate income tax expenses": 11524,
        "Deferred income taxes expenses": 26,
        "The interests of minority shareholders": 108,
        "Total Cost of profits": 11658,
        "Profit after tax corporate income": 41058,
        "Volume": 25999848,
        "Close of Quarter": 9.5,
        "EPS": 2119,
        "Non-adjusted EPS": 2119,
        "PE": 4.5,
        "Book Price": 20.1
      }
    },
    {
      "quarter": "Q3 2014",
      "income status": {
        "Net sales": 363707,
        "Cost of goods sold": 323595,
        "Gross Profit": 40112,
        "Financial expenses": 23537,
        "Of which: Interest expense": 23565,
        "Cost of sales": "N/A",
        "Enterprise cost management": 13453,
        "Total Operating Expenses": 36990,
        "Total revenue financing activities": -64,
        "Net profit from business activities": 3057,
        "Profit": 2673,
        "Profit before tax": 5730,
        "Present corporate income tax expenses": 1316,
        "Deferred income taxes expenses": 84,
        "The interests of minority shareholders": -45,
        "Total Cost of profits": 1355,
        "Profit after tax corporate income": 4375,
        "Volume": 25999848,
        "Close of Quarter": 10.1,
        "EPS": 1122,
        "Non-adjusted EPS": 1122,
        "PE": 9.0,
        "Book Price": 18.5
      }
    },
    {
      "quarter": "Q2 2014",
      "income status": {
        "Net sales": 727552,
        "Cost of goods sold": 678685,
        "Gross Profit": 48867,
        "Financial expenses": 32357,
        "Of which: Interest expense": 30158,
        "Cost of sales": "N/A",
        "Enterprise cost management": 15431,
        "Total Operating Expenses": 47788,
        "Total revenue financing activities": 148,
        "Net profit from business activities": 1227,
        "Profit": 968,
        "Profit before tax": 2195,
        "Present corporate income tax expenses": 1304,
        "Deferred income taxes expenses": -82,
        "The interests of minority shareholders": -434,
        "Total Cost of profits": 788,
        "Profit after tax corporate income": 1407,
        "Volume": 18000000,
        "Close of Quarter": 10.6,
        "EPS": 1252.4,
        "Non-adjusted EPS": 1809,
        "PE": 5.9,
        "Book Price": 18.4
      }
    },
    {
      "quarter": "Q1 2014",
      "income status": {
        "Net sales": 401685,
        "Cost of goods sold": 343832,
        "Gross Profit": 57853,
        "Financial expenses": 30483,
        "Of which: Interest expense": 30483,
        "Cost of sales": "N/A",
        "Enterprise cost management": 16303,
        "Total Operating Expenses": 46786,
        "Total revenue financing activities": 116,
        "Net profit from business activities": 11184,
        "Profit": -190,
        "Profit before tax": 10994,
        "Present corporate income tax expenses": 3104,
        "Deferred income taxes expenses": 29,
        "The interests of minority shareholders": -390,
        "Total Cost of profits": 2743,
        "Profit after tax corporate income": 8250,
        "Volume": 18000000,
        "Close of Quarter": 10.8,
        "EPS": 1755.0,
        "Non-adjusted EPS": 2535,
        "PE": 4.3,
        "Book Price": 15.6
      }
    },
    {
      "quarter": "Q4 2013",
      "income status": {
        "Net sales": 810036,
        "Cost of goods sold": 723406,
        "Gross Profit": 86629,
        "Financial expenses": 44222,
        "Of which: Interest expense": 34530,
        "Cost of sales": "N/A",
        "Enterprise cost management": 22554,
        "Total Operating Expenses": 66776,
        "Total revenue financing activities": 689,
        "Net profit from business activities": 20542,
        "Profit": 983,
        "Profit before tax": 21525,
        "Present corporate income tax expenses": 6452,
        "Deferred income taxes expenses": 129,
        "The interests of minority shareholders": -203,
        "Total Cost of profits": 6378,
        "Profit after tax corporate income": 15147,
        "Volume": 18000000,
        "Close of Quarter": 10.3,
        "EPS": 1575.7,
        "Non-adjusted EPS": 2276,
        "PE": 4.5,
        "Book Price": 14.4
      }
    },
    {
      "quarter": "Q3 2013",
      "income status": {
        "Net sales": 498379,
        "Cost of goods sold": 447372,
        "Gross Profit": 51007,
        "Financial expenses": 35755,
        "Of which: Interest expense": 35752,
        "Cost of sales": "N/A",
        "Enterprise cost management": 18978,
        "Total Operating Expenses": 54733,
        "Total revenue financing activities": 12815,
        "Net profit from business activities": 9089,
        "Profit": 1754,
        "Profit before tax": 10843,
        "Present corporate income tax expenses": 3427,
        "Deferred income taxes expenses": 18,
        "The interests of minority shareholders": -353,
        "Total Cost of profits": 3092,
        "Profit after tax corporate income": 7751,
        "Volume": 18000000,
        "Close of Quarter": 9.3,
        "EPS": 1315.4,
        "Non-adjusted EPS": 1900,
        "PE": 4.9,
        "Book Price": 13.9
      }
    },
    {
      "quarter": "Q2 2013",
      "income status": {
        "Net sales": 463245,
        "Cost of goods sold": 390588,
        "Gross Profit": 72658,
        "Financial expenses": 31155,
        "Of which: Interest expense": 31134,
        "Cost of sales": "N/A",
        "Enterprise cost management": 21198,
        "Total Operating Expenses": 52353,
        "Total revenue financing activities": 87,
        "Net profit from business activities": 20391,
        "Profit": -525,
        "Profit before tax": 20225,
        "Present corporate income tax expenses": 6222,
        "Deferred income taxes expenses": 145,
        "The interests of minority shareholders": -623,
        "Total Cost of profits": 5744,
        "Profit after tax corporate income": 14482,
        "Volume": 9000000,
        "Close of Quarter": 7.9,
        "EPS": 1483.6,
        "Non-adjusted EPS": 4286,
        "PE": 1.9,
        "Book Price": 15.5
      }
    },
    {
      "quarter": "Q1 2013",
      "income status": {
        "Net sales": 267218,
        "Cost of goods sold": 228137,
        "Gross Profit": 39081,
        "Financial expenses": 28420,
        "Of which: Interest expense": 28747,
        "Cost of sales": "N/A",
        "Enterprise cost management": 13826,
        "Total Operating Expenses": 42246,
        "Total revenue financing activities": 68,
        "Net profit from business activities": -3096,
        "Profit": 4478,
        "Profit before tax": 3827,
        "Present corporate income tax expenses": 237,
        "Deferred income taxes expenses": 7,
        "The interests of minority shareholders": "N/A",
        "Total Cost of profits": 244,
        "Profit after tax corporate income": 3583,
        "Volume": 9000000,
        "Close of Quarter": 4.8,
        "EPS": 1192.5,
        "Non-adjusted EPS": 3445,
        "PE": 1.4,
        "Book Price": 15.0
      }
    },
    {
      "quarter": "Q4 2012",
      "income status": {
        "Net sales": 304869,
        "Cost of goods sold": 226121,
        "Gross Profit": 78748,
        "Financial expenses": 57818,
        "Of which: Interest expense": 24413,
        "Cost of sales": "N/A",
        "Enterprise cost management": 18168,
        "Total Operating Expenses": 75986,
        "Total revenue financing activities": 80,
        "Net profit from business activities": 2842,
        "Profit": 3432,
        "Profit before tax": 8706,
        "Present corporate income tax expenses": 713,
        "Deferred income taxes expenses": -984,
        "The interests of minority shareholders": 592,
        "Total Cost of profits": 321,
        "Profit after tax corporate income": 8385,
        "Volume": 9000000,
        "Close of Quarter": 3.3,
        "EPS": 1216.1,
        "Non-adjusted EPS": 3513,
        "PE": 0.9,
        "Book Price": 14.9
      }
    },
    {
      "quarter": "Q3 2012",
      "income status": {
        "Net sales": 242029,
        "Cost of goods sold": 186847,
        "Gross Profit": 55182,
        "Financial expenses": 22438,
        "Of which: Interest expense": 22397,
        "Cost of sales": "N/A",
        "Enterprise cost management": 20312,
        "Total Operating Expenses": 42750,
        "Total revenue financing activities": 165,
        "Net profit from business activities": 12596,
        "Profit": 2041,
        "Profit before tax": 14934,
        "Present corporate income tax expenses": 3384,
        "Deferred income taxes expenses": 16,
        "The interests of minority shareholders": -592,
        "Total Cost of profits": 2808,
        "Profit after tax corporate income": 12126,
        "Volume": 9000000,
        "Close of Quarter": 3.6,
        "EPS": 1238.9,
        "Non-adjusted EPS": 3579,
        "PE": 1.0,
        "Book Price": 14.5
      }
    },
    {
      "quarter": "Q2 2012",
      "income status": {
        "Net sales": 329855,
        "Cost of goods sold": 285340,
        "Gross Profit": 44515,
        "Financial expenses": 17919,
        "Of which: Interest expense": 17919,
        "Cost of sales": "N/A",
        "Enterprise cost management": 20690,
        "Total Operating Expenses": 38609,
        "Total revenue financing activities": 1785,
        "Net profit from business activities": 7691,
        "Profit": 695,
        "Profit before tax": 8332,
        "Present corporate income tax expenses": 1475,
        "Deferred income taxes expenses": -55,
        "The interests of minority shareholders": "N/A",
        "Total Cost of profits": 1420,
        "Profit after tax corporate income": 6913,
        "Volume": 9000000,
        "Close of Quarter": 5.0,
        "EPS": 1027.0,
        "Non-adjusted EPS": 2967,
        "PE": 1.7,
        "Book Price": 14.1
      }
    },
    {
      "quarter": "Q1 2012",
      "income status": {
        "Net sales": 151546,
        "Cost of goods sold": 115628,
        "Gross Profit": 35918,
        "Financial expenses": 17100,
        "Of which: Interest expense": 16925,
        "Cost of sales": "N/A",
        "Enterprise cost management": 18651,
        "Total Operating Expenses": 35751,
        "Total revenue financing activities": 185,
        "Net profit from business activities": 353,
        "Profit": 3254,
        "Profit before tax": 5138,
        "Present corporate income tax expenses": 917,
        "Deferred income taxes expenses": 30,
        "The interests of minority shareholders": "N/A",
        "Total Cost of profits": 947,
        "Profit after tax corporate income": 4192,
        "Volume": 9000000,
        "Close of Quarter": 4.5,
        "EPS": 1137.1,
        "Non-adjusted EPS": 3285,
        "PE": 1.4,
        "Book Price": 14.7
      }
    },
    {
      "quarter": "Q4 2011",
      "income status": {
        "Net sales": 262725,
        "Cost of goods sold": 217314,
        "Gross Profit": 45411,
        "Financial expenses": 13404,
        "Of which: Interest expense": 13363,
        "Cost of sales": "N/A",
        "Enterprise cost management": 23390,
        "Total Operating Expenses": 36794,
        "Total revenue financing activities": 396,
        "Net profit from business activities": 9013,
        "Profit": -85,
        "Profit before tax": 12161,
        "Present corporate income tax expenses": 3178,
        "Deferred income taxes expenses": "N/A",
        "The interests of minority shareholders": "N/A",
        "Total Cost of profits": 3178,
        "Profit after tax corporate income": 8983,
        "Volume": 9000000,
        "Close of Quarter": 6.1,
        "EPS": 1334.8,
        "Non-adjusted EPS": 3856,
        "PE": 1.6,
        "Book Price": 14.4
      }
    },
    {
      "quarter": "Q3 2011",
      "income status": {
        "Net sales": 245714,
        "Cost of goods sold": 218803,
        "Gross Profit": 26911,
        "Financial expenses": 6701,
        "Of which: Interest expense": 6701,
        "Cost of sales": "N/A",
        "Enterprise cost management": 14540,
        "Total Operating Expenses": 21241,
        "Total revenue financing activities": 3530,
        "Net profit from business activities": 9200,
        "Profit": 15,
        "Profit before tax": 9178,
        "Present corporate income tax expenses": 2564,
        "Deferred income taxes expenses": "N/A",
        "The interests of minority shareholders": "N/A",
        "Total Cost of profits": 2564,
        "Profit after tax corporate income": 6614,
        "Volume": 9000000,
        "Close of Quarter": 7.7,
        "EPS": 1130.2,
        "Non-adjusted EPS": 3265,
        "PE": 2.4,
        "Book Price": 14.1
      }
    },
    {
      "quarter": "Q2 2011",
      "income status": {
        "Net sales": 210575,
        "Cost of goods sold": 172785,
        "Gross Profit": 37790,
        "Financial expenses": 15415,
        "Of which: Interest expense": 15415,
        "Cost of sales": "N/A",
        "Enterprise cost management": 18469,
        "Total Operating Expenses": 33884,
        "Total revenue financing activities": 131,
        "Net profit from business activities": 4037,
        "Profit": 3025,
        "Profit before tax": 9574,
        "Present corporate income tax expenses": -202,
        "Deferred income taxes expenses": "N/A",
        "The interests of minority shareholders": "N/A",
        "Total Cost of profits": -202,
        "Profit after tax corporate income": 9777,
        "Volume": 9000000,
        "Close of Quarter": 8,
        "EPS": 1426.5,
        "Non-adjusted EPS": 4121,
        "PE": 1.9,
        "Book Price": 14.0
      }
    },
    {
      "quarter": "Q1 2011",
      "income status": {
        "Net sales": 220038,
        "Cost of goods sold": 184845,
        "Gross Profit": 35192,
        "Financial expenses": 7983,
        "Of which: Interest expense": 7754,
        "Cost of sales": "N/A",
        "Enterprise cost management": 17197,
        "Total Operating Expenses": 25180,
        "Total revenue financing activities": 94,
        "Net profit from business activities": 10107,
        "Profit": -291,
        "Profit before tax": 9817,
        "Present corporate income tax expenses": 491,
        "Deferred income taxes expenses": "N/A",
        "The interests of minority shareholders": "N/A",
        "Total Cost of profits": 491,
        "Profit after tax corporate income": 9326,
        "Volume": 9000000,
        "Close of Quarter": 11.0,
        "EPS": 1790.0,
        "Non-adjusted EPS": 5171,
        "PE": 2.1,
        "Book Price": 14.4
      }
    },
    {
      "quarter": "Q4 2010",
      "income status": {
        "Net sales": 315555,
        "Cost of goods sold": 274060,
        "Gross Profit": 41495,
        "Financial expenses": 10092,
        "Of which: Interest expense": 9509,
        "Cost of sales": "N/A",
        "Enterprise cost management": 26213,
        "Total Operating Expenses": 36305,
        "Total revenue financing activities": 107,
        "Net profit from business activities": 5296,
        "Profit": 108,
        "Profit before tax": 5404,
        "Present corporate income tax expenses": 1738,
        "Deferred income taxes expenses": "N/A",
        "The interests of minority shareholders": "N/A",
        "Total Cost of profits": 1738,
        "Profit after tax corporate income": 3666,
        "Volume": 9000000,
        "Close of Quarter": 10.7,
        "EPS": 2651.6,
        "Non-adjusted EPS": 7660,
        "PE": 1.4,
        "Book Price": 14.0
      }
    },
    {
      "quarter": "Q3 2010",
      "income status": {
        "Net sales": 292060,
        "Cost of goods sold": 249078,
        "Gross Profit": 42982,
        "Financial expenses": 13336,
        "Of which: Interest expense": 11064,
        "Cost of sales": "N/A",
        "Enterprise cost management": 15935,
        "Total Operating Expenses": 29271,
        "Total revenue financing activities": 144,
        "Net profit from business activities": 13855,
        "Profit": 464,
        "Profit before tax": 14319,
        "Present corporate income tax expenses": "N/A",
        "Deferred income taxes expenses": "N/A",
        "The interests of minority shareholders": "N/A",
        "Total Cost of profits": 0,
        "Profit after tax corporate income": 14319,
        "Volume": 9000000,
        "Close of Quarter": 13.5,
        "EPS": 3413.1,
        "Non-adjusted EPS": 9860,
        "PE": 1.4,
        "Book Price": 13.8
      }
    },
    {
      "quarter": "Q2 2010",
      "income status": {
        "Net sales": 422540,
        "Cost of goods sold": 372042,
        "Gross Profit": 50498,
        "Financial expenses": 13584,
        "Of which: Interest expense": 17712,
        "Cost of sales": "N/A",
        "Enterprise cost management": 18572,
        "Total Operating Expenses": 32156,
        "Total revenue financing activities": 1898,
        "Net profit from business activities": 20240,
        "Profit": "N/A",
        "Profit before tax": 20240,
        "Present corporate income tax expenses": 1012,
        "Deferred income taxes expenses": "N/A",
        "The interests of minority shareholders": "N/A",
        "Total Cost of profits": 1012,
        "Profit after tax corporate income": 19228,
        "Volume": 9000000,
        "Close of Quarter": 17.5,
        "EPS": 3306.8,
        "Non-adjusted EPS": 9553,
        "PE": 1.8,
        "Book Price": 13.3
      }
    },
    {
      "quarter": "Q1 2010",
      "income status": {
        "Net sales": 285518,
        "Cost of goods sold": 231216,
        "Gross Profit": 54302,
        "Financial expenses": 8699,
        "Of which: Interest expense": 6706,
        "Cost of sales": 3,
        "Enterprise cost management": 14228,
        "Total Operating Expenses": 22930,
        "Total revenue financing activities": 881,
        "Net profit from business activities": 32253,
        "Profit": 513,
        "Profit before tax": 34021,
        "Present corporate income tax expenses": 2295,
        "Deferred income taxes expenses": "N/A",
        "The interests of minority shareholders": "N/A",
        "Total Cost of profits": 2295,
        "Profit after tax corporate income": 31726,
        "Volume": 9000000,
        "Close of Quarter": 14.8,
        "EPS": 3290.9,
        "Non-adjusted EPS": 9507,
        "PE": 1.6,
        "Book Price": 13.7
      }
    },
    {
      "quarter": "Q4 2009",
      "income status": {
        "Net sales": 245115,
        "Cost of goods sold": 188380,
        "Gross Profit": 56735,
        "Financial expenses": 19645,
        "Of which: Interest expense": "N/A",
        "Cost of sales": "N/A",
        "Enterprise cost management": 15688,
        "Total Operating Expenses": 35333,
        "Total revenue financing activities": 1625,
        "Net profit from business activities": 23027,
        "Profit": 451,
        "Profit before tax": 23478,
        "Present corporate income tax expenses": "N/A",
        "Deferred income taxes expenses": "N/A",
        "The interests of minority shareholders": "N/A",
        "Total Cost of profits": 0,
        "Profit after tax corporate income": 23463,
        "Volume": 6094000,
        "Close of Quarter": 16.4,
        "EPS": 2628.6,
        "Non-adjusted EPS": 11215,
        "PE": 1.5,
        "Book Price": 6.8
      }
    },
    {
      "quarter": "Q3 2009",
      "income status": {
        "Net sales": 326094,
        "Cost of goods sold": 293353,
        "Gross Profit": 32741,
        "Financial expenses": 6937,
        "Of which: Interest expense": "N/A",
        "Cost of sales": "N/A",
        "Enterprise cost management": 14568,
        "Total Operating Expenses": 21505,
        "Total revenue financing activities": 255,
        "Net profit from business activities": 11491,
        "Profit": 65,
        "Profit before tax": 11556,
        "Present corporate income tax expenses": "N/A",
        "Deferred income taxes expenses": "N/A",
        "The interests of minority shareholders": "N/A",
        "Total Cost of profits": 0,
        "Profit after tax corporate income": 11556,
        "Volume": 6094000,
        "Close of Quarter": 16.3,
        "EPS": 2179.3,
        "Non-adjusted EPS": 9298,
        "PE": 1.8,
        "Book Price": 6.0
      }
    },
    {
      "quarter": "Q2 2009",
      "income status": {
        "Net sales": 340659,
        "Cost of goods sold": 299274,
        "Gross Profit": 41385,
        "Financial expenses": 8847,
        "Of which: Interest expense": "N/A",
        "Cost of sales": "N/A",
        "Enterprise cost management": 15529,
        "Total Operating Expenses": 24376,
        "Total revenue financing activities": 1840,
        "Net profit from business activities": 18849,
        "Profit": -35,
        "Profit before tax": 18814,
        "Present corporate income tax expenses": "N/A",
        "Deferred income taxes expenses": "N/A",
        "The interests of minority shareholders": "N/A",
        "Total Cost of profits": 0,
        "Profit after tax corporate income": 18814,
        "Volume": 6094000,
        "Close of Quarter": 10.4,
        "EPS": 2447.5,
        "Non-adjusted EPS": 10442,
        "PE": 1.0,
        "Book Price": 5.6
      }
    },
    {
      "quarter": "Q1 2009",
      "income status": {
        "Net sales": 262712,
        "Cost of goods sold": 231094,
        "Gross Profit": 31618,
        "Financial expenses": 5542,
        "Of which: Interest expense": "N/A",
        "Cost of sales": "N/A",
        "Enterprise cost management": 11624,
        "Total Operating Expenses": 17166,
        "Total revenue financing activities": 61,
        "Net profit from business activities": 14512,
        "Profit": "N/A",
        "Profit before tax": 14512,
        "Present corporate income tax expenses": "N/A",
        "Deferred income taxes expenses": "N/A",
        "The interests of minority shareholders": "N/A",
        "Total Cost of profits": 0,
        "Profit after tax corporate income": 14512,
        "Volume": 6094000,
        "Close of Quarter": 5.9,
        "EPS": 2175.1,
        "Non-adjusted EPS": 9280,
        "PE": 0.6,
        "Book Price": 5.4
      }
    },
    {
      "quarter": "Q4 2008",
      "income status": {
        "Net sales": 309931,
        "Cost of goods sold": 261859,
        "Gross Profit": 48072,
        "Financial expenses": 24570,
        "Of which: Interest expense": "N/A",
        "Cost of sales": "N/A",
        "Enterprise cost management": 12234,
        "Total Operating Expenses": 36804,
        "Total revenue financing activities": 505,
        "Net profit from business activities": 11772,
        "Profit": 9,
        "Profit before tax": 11781,
        "Present corporate income tax expenses": "N/A",
        "Deferred income taxes expenses": "N/A",
        "The interests of minority shareholders": "N/A",
        "Total Cost of profits": 0,
        "Profit after tax corporate income": 11781,
        "Volume": 6094000,
        "Close of Quarter": 6.4,
        "EPS": 1939.8,
        "Non-adjusted EPS": 8276,
        "PE": 0.8,
        "Book Price": 4.8
      }
    },
    {
      "quarter": "Q3 2008",
      "income status": {
        "Net sales": 314125,
        "Cost of goods sold": 275673,
        "Gross Profit": 38452,
        "Financial expenses": 12583,
        "Of which: Interest expense": "N/A",
        "Cost of sales": "N/A",
        "Enterprise cost management": 9505,
        "Total Operating Expenses": 22088,
        "Total revenue financing activities": 1185,
        "Net profit from business activities": 17549,
        "Profit": 979,
        "Profit before tax": 18527,
        "Present corporate income tax expenses": "N/A",
        "Deferred income taxes expenses": "N/A",
        "The interests of minority shareholders": "N/A",
        "Total Cost of profits": 0,
        "Profit after tax corporate income": 18527,
        "Volume": 6094000,
        "Close of Quarter": 9.7,
        "EPS": 1873.0,
        "Non-adjusted EPS": 7991,
        "PE": 1.2,
        "Book Price": 4.4
      }
    },
    {
      "quarter": "Q2 2008",
      "income status": {
        "Net sales": 176348,
        "Cost of goods sold": 138366,
        "Gross Profit": 37982,
        "Financial expenses": 15696,
        "Of which: Interest expense": "N/A",
        "Cost of sales": "N/A",
        "Enterprise cost management": 10737,
        "Total Operating Expenses": 26433,
        "Total revenue financing activities": 184,
        "Net profit from business activities": 11732,
        "Profit": "N/A",
        "Profit before tax": 11732,
        "Present corporate income tax expenses": "N/A",
        "Deferred income taxes expenses": "N/A",
        "The interests of minority shareholders": "N/A",
        "Total Cost of profits": 0,
        "Profit after tax corporate income": 11732,
        "Volume": 6094000,
        "Close of Quarter": 4.5,
        "EPS": 1289.6,
        "Non-adjusted EPS": 5502,
        "PE": 0.8,
        "Book Price": 3.7
      }
    },
    {
      "quarter": "Q1 2008",
      "income status": {
        "Net sales": 153108,
        "Cost of goods sold": 132272,
        "Gross Profit": 20835,
        "Financial expenses": 3657,
        "Of which: Interest expense": "N/A",
        "Cost of sales": "N/A",
        "Enterprise cost management": 8871,
        "Total Operating Expenses": 12528,
        "Total revenue financing activities": 84,
        "Net profit from business activities": 8392,
        "Profit": "N/A",
        "Profit before tax": 8392,
        "Present corporate income tax expenses": "N/A",
        "Deferred income taxes expenses": "N/A",
        "The interests of minority shareholders": "N/A",
        "Total Cost of profits": 0,
        "Profit after tax corporate income": 8392,
        "Volume": 6094000,
        "Close of Quarter": 6.4,
        "EPS": 940.8,
        "Non-adjusted EPS": 4014,
        "PE": 1.6,
        "Book Price": 3.6
      }
    },
    {
      "quarter": "Q4 2007",
      "income status": {
        "Net sales": 153436,
        "Cost of goods sold": 125727,
        "Gross Profit": 27709,
        "Financial expenses": 6400,
        "Of which: Interest expense": "N/A",
        "Cost of sales": "N/A",
        "Enterprise cost management": 10893,
        "Total Operating Expenses": 17293,
        "Total revenue financing activities": 470,
        "Net profit from business activities": 10886,
        "Profit": 76,
        "Profit before tax": 10962,
        "Present corporate income tax expenses": 130,
        "Deferred income taxes expenses": "N/A",
        "The interests of minority shareholders": 786,
        "Total Cost of profits": 916,
        "Profit after tax corporate income": 10046,
        "Volume": 6094000,
        "Close of Quarter": 19.9,
        "EPS": 695.7,
        "Non-adjusted EPS": 2968,
        "PE": 6.7,
        "Book Price": 3.5
      }
    },
    {
      "quarter": "Q3 2007",
      "income status": {
        "Net sales": 78160,
        "Cost of goods sold": 65026,
        "Gross Profit": 13134,
        "Financial expenses": 3126,
        "Of which: Interest expense": "N/A",
        "Cost of sales": "N/A",
        "Enterprise cost management": 6486,
        "Total Operating Expenses": 9612,
        "Total revenue financing activities": 16,
        "Net profit from business activities": 3536,
        "Profit": "N/A",
        "Profit before tax": 3536,
        "Present corporate income tax expenses": 177,
        "Deferred income taxes expenses": "N/A",
        "The interests of minority shareholders": "N/A",
        "Total Cost of profits": 177,
        "Profit after tax corporate income": 3359,
        "Volume": 2200000,
        "Close of Quarter": 10.8,
        "EPS": 508.7,
        "Non-adjusted EPS": 6012,
        "PE": 1.8,
        "Book Price": 1.4
      }
    },
    {
      "quarter": "Q2 2007",
      "income status": {
        "Net sales": 66803,
        "Cost of goods sold": 50610,
        "Gross Profit": 16192,
        "Financial expenses": 4673,
        "Of which: Interest expense": 4673,
        "Cost of sales": "N/A",
        "Enterprise cost management": 8832,
        "Total Operating Expenses": 13505,
        "Total revenue financing activities": 926,
        "Net profit from business activities": 3614,
        "Profit": 69,
        "Profit before tax": 3683,
        "Present corporate income tax expenses": 626,
        "Deferred income taxes expenses": "N/A",
        "The interests of minority shareholders": 395,
        "Total Cost of profits": 1021,
        "Profit after tax corporate income": 2662,
        "Volume": 2200000,
        "Close of Quarter": 8.0,
        "EPS": 379.5,
        "Non-adjusted EPS": 4485,
        "PE": 1.8,
        "Book Price": 1.4
      }
    },
    {
      "quarter": "Q1 2007",
      "income status": {
        "Net sales": 51850,
        "Cost of goods sold": 42219,
        "Gross Profit": 9631,
        "Financial expenses": 2080,
        "Of which: Interest expense": "N/A",
        "Cost of sales": "N/A",
        "Enterprise cost management": 5572,
        "Total Operating Expenses": 7652,
        "Total revenue financing activities": 308,
        "Net profit from business activities": 2287,
        "Profit": 66,
        "Profit before tax": 2353,
        "Present corporate income tax expenses": 329,
        "Deferred income taxes expenses": "N/A",
        "The interests of minority shareholders": "N/A",
        "Total Cost of profits": 329,
        "Profit after tax corporate income": 2023,
        "Volume": 2200000,
        "Close of Quarter": 8.7,
        "EPS": 277.1,
        "Non-adjusted EPS": 3275,
        "PE": 2.7,
        "Book Price": 1.4
      }
    },
    {
      "quarter": "Q4 2006",
      "income status": {
        "Net sales": 46765,
        "Cost of goods sold": 31878,
        "Gross Profit": 14888,
        "Financial expenses": 4026,
        "Of which: Interest expense": 4026,
        "Cost of sales": "N/A",
        "Enterprise cost management": 5827,
        "Total Operating Expenses": 9853,
        "Total revenue financing activities": 99,
        "Net profit from business activities": 5134,
        "Profit": 47,
        "Profit before tax": 5182,
        "Present corporate income tax expenses": "N/A",
        "Deferred income taxes expenses": "N/A",
        "The interests of minority shareholders": "N/A",
        "Total Cost of profits": 0,
        "Profit after tax corporate income": 5182,
        "Volume": 2200000,
        "Close of Quarter": 2.9,
        "EPS": 199.3,
        "Non-adjusted EPS": 2355,
        "PE": 1.2,
        "Book Price": 1.4
      }
    }
  ]
}