{
  "ticker": "EBS",
  "data": [
    {
      "quarter": "Q1 2017",
      "income status": {
        "Net sales": 10181,
        "Cost of goods sold": 9124,
        "Gross Profit": 1057,
        "Financial expenses": "N/A",
        "Of which: Interest expense": "N/A",
        "Cost of sales": 2549,
        "Enterprise cost management": 1326,
        "Total Operating Expenses": 3875,
        "Total revenue financing activities": 408,
        "Net profit from business activities": -2410,
        "Profit": -3,
        "Profit before tax": -2412,
        "Present corporate income tax expenses": "N/A",
        "Deferred income taxes expenses": "N/A",
        "The interests of minority shareholders": "N/A",
        "Total Cost of profits": 0,
        "Profit after tax corporate income": -2412,
        "Volume": 9938784,
        "Close of Quarter": 8.5,
        "EPS": 1020,
        "Non-adjusted EPS": 1020,
        "PE": 8.3,
        "Book Price": 12.3
      }
    },
    {
      "quarter": "Q4 2016",
      "income status": {
        "Net sales": 37639,
        "Cost of goods sold": 25515,
        "Gross Profit": 12124,
        "Financial expenses": "N/A",
        "Of which: Interest expense": "N/A",
        "Cost of sales": 4523,
        "Enterprise cost management": 2406,
        "Total Operating Expenses": 6929,
        "Total revenue financing activities": 700,
        "Net profit from business activities": 5896,
        "Profit": 4,
        "Profit before tax": 5900,
        "Present corporate income tax expenses": 1187,
        "Deferred income taxes expenses": "N/A",
        "The interests of minority shareholders": "N/A",
        "Total Cost of profits": 1187,
        "Profit after tax corporate income": 4713,
        "Volume": 9938784,
        "Close of Quarter": 7.8,
        "EPS": 1174,
        "Non-adjusted EPS": 1174,
        "PE": 6.7,
        "Book Price": 12.6
      }
    },
    {
      "quarter": "Q3 2016",
      "income status": {
        "Net sales": 71772,
        "Cost of goods sold": 49945,
        "Gross Profit": 21827,
        "Financial expenses": 3,
        "Of which: Interest expense": "N/A",
        "Cost of sales": 13048,
        "Enterprise cost management": 4352,
        "Total Operating Expenses": 17403,
        "Total revenue financing activities": 403,
        "Net profit from business activities": 4826,
        "Profit": "N/A",
        "Profit before tax": 4826,
        "Present corporate income tax expenses": 973,
        "Deferred income taxes expenses": "N/A",
        "The interests of minority shareholders": "N/A",
        "Total Cost of profits": 973,
        "Profit after tax corporate income": 3853,
        "Volume": 9938784,
        "Close of Quarter": 7.5,
        "EPS": 901,
        "Non-adjusted EPS": 901,
        "PE": 8.4,
        "Book Price": 12.3
      }
    },
    {
      "quarter": "Q2 2016",
      "income status": {
        "Net sales": 48139,
        "Cost of goods sold": 36038,
        "Gross Profit": 12101,
        "Financial expenses": "N/A",
        "Of which: Interest expense": "N/A",
        "Cost of sales": 5439,
        "Enterprise cost management": 3067,
        "Total Operating Expenses": 8506,
        "Total revenue financing activities": 1045,
        "Net profit from business activities": 4640,
        "Profit": 95,
        "Profit before tax": 4735,
        "Present corporate income tax expenses": 750,
        "Deferred income taxes expenses": "N/A",
        "The interests of minority shareholders": "N/A",
        "Total Cost of profits": 750,
        "Profit after tax corporate income": 3986,
        "Volume": 9938784,
        "Close of Quarter": 8.0,
        "EPS": 756,
        "Non-adjusted EPS": 756,
        "PE": 10.6,
        "Book Price": 11.9
      }
    },
    {
      "quarter": "Q1 2016",
      "income status": {
        "Net sales": 17390,
        "Cost of goods sold": 16194,
        "Gross Profit": 1196,
        "Financial expenses": 5,
        "Of which: Interest expense": "N/A",
        "Cost of sales": 1528,
        "Enterprise cost management": 1139,
        "Total Operating Expenses": 2672,
        "Total revenue financing activities": 566,
        "Net profit from business activities": -910,
        "Profit": 26,
        "Profit before tax": -884,
        "Present corporate income tax expenses": "N/A",
        "Deferred income taxes expenses": "N/A",
        "The interests of minority shareholders": "N/A",
        "Total Cost of profits": 0,
        "Profit after tax corporate income": -884,
        "Volume": 9938784,
        "Close of Quarter": 8.8,
        "EPS": 788,
        "Non-adjusted EPS": 788,
        "PE": 11.2,
        "Book Price": 11.5
      }
    },
    {
      "quarter": "Q4 2015",
      "income status": {
        "Net sales": 20835,
        "Cost of goods sold": 12146,
        "Gross Profit": 8689,
        "Financial expenses": "N/A",
        "Of which: Interest expense": "N/A",
        "Cost of sales": 5138,
        "Enterprise cost management": 1599,
        "Total Operating Expenses": 6737,
        "Total revenue financing activities": 661,
        "Net profit from business activities": 2613,
        "Profit": 5,
        "Profit before tax": 2618,
        "Present corporate income tax expenses": 624,
        "Deferred income taxes expenses": "N/A",
        "The interests of minority shareholders": "N/A",
        "Total Cost of profits": 624,
        "Profit after tax corporate income": 1995,
        "Volume": 9938784,
        "Close of Quarter": 6.8,
        "EPS": 823,
        "Non-adjusted EPS": 823,
        "PE": 8.3,
        "Book Price": 12.3
      }
    },
    {
      "quarter": "Q3 2015",
      "income status": {
        "Net sales": 57379,
        "Cost of goods sold": 40391,
        "Gross Profit": 16989,
        "Financial expenses": "N/A",
        "Of which: Interest expense": "N/A",
        "Cost of sales": 11534,
        "Enterprise cost management": 2854,
        "Total Operating Expenses": 14388,
        "Total revenue financing activities": 467,
        "Net profit from business activities": 3068,
        "Profit": 35,
        "Profit before tax": 3103,
        "Present corporate income tax expenses": 684,
        "Deferred income taxes expenses": "N/A",
        "The interests of minority shareholders": "N/A",
        "Total Cost of profits": 684,
        "Profit after tax corporate income": 2420,
        "Volume": 9938784,
        "Close of Quarter": 7.5,
        "EPS": 452,
        "Non-adjusted EPS": 452,
        "PE": 16.6,
        "Book Price": 10.5
      }
    },
    {
      "quarter": "Q2 2015",
      "income status": {
        "Net sales": 54172,
        "Cost of goods sold": 39577,
        "Gross Profit": 14595,
        "Financial expenses": "N/A",
        "Of which: Interest expense": "N/A",
        "Cost of sales": 6839,
        "Enterprise cost management": 2981,
        "Total Operating Expenses": 9820,
        "Total revenue financing activities": 578,
        "Net profit from business activities": 5352,
        "Profit": 11,
        "Profit before tax": 5363,
        "Present corporate income tax expenses": 1059,
        "Deferred income taxes expenses": "N/A",
        "The interests of minority shareholders": "N/A",
        "Total Cost of profits": 1059,
        "Profit after tax corporate income": 4304,
        "Volume": 9938784,
        "Close of Quarter": 6.4,
        "EPS": 597,
        "Non-adjusted EPS": 597,
        "PE": 10.7,
        "Book Price": 10.3
      }
    },
    {
      "quarter": "Q1 2015",
      "income status": {
        "Net sales": 13295,
        "Cost of goods sold": 9925,
        "Gross Profit": 3369,
        "Financial expenses": "N/A",
        "Of which: Interest expense": "N/A",
        "Cost of sales": 2606,
        "Enterprise cost management": 1829,
        "Total Operating Expenses": 4435,
        "Total revenue financing activities": 541,
        "Net profit from business activities": -526,
        "Profit": 2,
        "Profit before tax": -523,
        "Present corporate income tax expenses": 14,
        "Deferred income taxes expenses": "N/A",
        "The interests of minority shareholders": "N/A",
        "Total Cost of profits": 14,
        "Profit after tax corporate income": -537,
        "Volume": 9938784,
        "Close of Quarter": 6.9,
        "EPS": 514,
        "Non-adjusted EPS": 514,
        "PE": 13.5,
        "Book Price": 10.4
      }
    },
    {
      "quarter": "Q4 2014",
      "income status": {
        "Net sales": 22651,
        "Cost of goods sold": 19214,
        "Gross Profit": 3437,
        "Financial expenses": "N/A",
        "Of which: Interest expense": "N/A",
        "Cost of sales": 5175,
        "Enterprise cost management": 2204,
        "Total Operating Expenses": 7379,
        "Total revenue financing activities": 807,
        "Net profit from business activities": -3134,
        "Profit": 989,
        "Profit before tax": -2145,
        "Present corporate income tax expenses": -451,
        "Deferred income taxes expenses": "N/A",
        "The interests of minority shareholders": "N/A",
        "Total Cost of profits": -451,
        "Profit after tax corporate income": -1694,
        "Volume": 9938784,
        "Close of Quarter": 6.9,
        "EPS": 576,
        "Non-adjusted EPS": 576,
        "PE": 12.1,
        "Book Price": 10.4
      }
    },
    {
      "quarter": "Q3 2014",
      "income status": {
        "Net sales": 48801,
        "Cost of goods sold": 35622,
        "Gross Profit": 13178,
        "Financial expenses": "N/A",
        "Of which: Interest expense": "N/A",
        "Cost of sales": 7089,
        "Enterprise cost management": 1744,
        "Total Operating Expenses": 8833,
        "Total revenue financing activities": 610,
        "Net profit from business activities": 4956,
        "Profit": 6,
        "Profit before tax": 4962,
        "Present corporate income tax expenses": 1097,
        "Deferred income taxes expenses": "N/A",
        "The interests of minority shareholders": "N/A",
        "Total Cost of profits": 1097,
        "Profit after tax corporate income": 3865,
        "Volume": 9938784,
        "Close of Quarter": 6.2,
        "EPS": 780,
        "Non-adjusted EPS": 780,
        "PE": 8.0,
        "Book Price": 11.3
      }
    },
    {
      "quarter": "Q2 2014",
      "income status": {
        "Net sales": 45059,
        "Cost of goods sold": 34846,
        "Gross Profit": 10213,
        "Financial expenses": 59,
        "Of which: Interest expense": "N/A",
        "Cost of sales": 4431,
        "Enterprise cost management": 2335,
        "Total Operating Expenses": 6825,
        "Total revenue financing activities": 1046,
        "Net profit from business activities": 4434,
        "Profit": "N/A",
        "Profit before tax": 4434,
        "Present corporate income tax expenses": 958,
        "Deferred income taxes expenses": "N/A",
        "The interests of minority shareholders": "N/A",
        "Total Cost of profits": 958,
        "Profit after tax corporate income": 3476,
        "Volume": 9938784,
        "Close of Quarter": 5.8,
        "EPS": 832,
        "Non-adjusted EPS": 832,
        "PE": 7.0,
        "Book Price": 11
      }
    },
    {
      "quarter": "Q1 2014",
      "income status": {
        "Net sales": 13206,
        "Cost of goods sold": 11430,
        "Gross Profit": 1776,
        "Financial expenses": "N/A",
        "Of which: Interest expense": "N/A",
        "Cost of sales": 1976,
        "Enterprise cost management": 992,
        "Total Operating Expenses": 2968,
        "Total revenue financing activities": 1090,
        "Net profit from business activities": -102,
        "Profit": 201,
        "Profit before tax": 98,
        "Present corporate income tax expenses": 22,
        "Deferred income taxes expenses": "N/A",
        "The interests of minority shareholders": "N/A",
        "Total Cost of profits": 22,
        "Profit after tax corporate income": 77,
        "Volume": 9938784,
        "Close of Quarter": 6.8,
        "EPS": 888,
        "Non-adjusted EPS": 888,
        "PE": 7.7,
        "Book Price": 11.5
      }
    },
    {
      "quarter": "Q4 2013",
      "income status": {
        "Net sales": 28975,
        "Cost of goods sold": 23644,
        "Gross Profit": 5331,
        "Financial expenses": 28,
        "Of which: Interest expense": "N/A",
        "Cost of sales": 3754,
        "Enterprise cost management": 2688,
        "Total Operating Expenses": 6470,
        "Total revenue financing activities": 1792,
        "Net profit from business activities": 653,
        "Profit": 13,
        "Profit before tax": 666,
        "Present corporate income tax expenses": 329,
        "Deferred income taxes expenses": "N/A",
        "The interests of minority shareholders": "N/A",
        "Total Cost of profits": 329,
        "Profit after tax corporate income": 337,
        "Volume": 9938784,
        "Close of Quarter": 6.0,
        "EPS": 903,
        "Non-adjusted EPS": 903,
        "PE": 6.6,
        "Book Price": 12.2
      }
    },
    {
      "quarter": "Q3 2013",
      "income status": {
        "Net sales": 48001,
        "Cost of goods sold": 35041,
        "Gross Profit": 12960,
        "Financial expenses": 14,
        "Of which: Interest expense": "N/A",
        "Cost of sales": 6602,
        "Enterprise cost management": 1966,
        "Total Operating Expenses": 8582,
        "Total revenue financing activities": 604,
        "Net profit from business activities": 4983,
        "Profit": "N/A",
        "Profit before tax": 4983,
        "Present corporate income tax expenses": 601,
        "Deferred income taxes expenses": "N/A",
        "The interests of minority shareholders": "N/A",
        "Total Cost of profits": 601,
        "Profit after tax corporate income": 4382,
        "Volume": 9938784,
        "Close of Quarter": 5.5,
        "EPS": 839,
        "Non-adjusted EPS": 839,
        "PE": 6.5,
        "Book Price": 12.3
      }
    },
    {
      "quarter": "Q2 2013",
      "income status": {
        "Net sales": 35619,
        "Cost of goods sold": 27376,
        "Gross Profit": 8243,
        "Financial expenses": -9,
        "Of which: Interest expense": "N/A",
        "Cost of sales": 3388,
        "Enterprise cost management": 1481,
        "Total Operating Expenses": 4860,
        "Total revenue financing activities": 1542,
        "Net profit from business activities": 4924,
        "Profit": 28,
        "Profit before tax": 4953,
        "Present corporate income tax expenses": 829,
        "Deferred income taxes expenses": "N/A",
        "The interests of minority shareholders": 97,
        "Total Cost of profits": 926,
        "Profit after tax corporate income": 4026,
        "Volume": 9938784,
        "Close of Quarter": 5.6,
        "EPS": 1078,
        "Non-adjusted EPS": 1078,
        "PE": 5.2,
        "Book Price": 11.9
      }
    },
    {
      "quarter": "Q1 2013",
      "income status": {
        "Net sales": 8930,
        "Cost of goods sold": 6937,
        "Gross Profit": 1993,
        "Financial expenses": 9,
        "Of which: Interest expense": "N/A",
        "Cost of sales": 1647,
        "Enterprise cost management": 1241,
        "Total Operating Expenses": 2897,
        "Total revenue financing activities": 1130,
        "Net profit from business activities": 226,
        "Profit": "N/A",
        "Profit before tax": 227,
        "Present corporate income tax expenses": 93,
        "Deferred income taxes expenses": "N/A",
        "The interests of minority shareholders": -97,
        "Total Cost of profits": -4,
        "Profit after tax corporate income": 231,
        "Volume": 9938784,
        "Close of Quarter": 5.6,
        "EPS": 1177,
        "Non-adjusted EPS": 1177,
        "PE": 4.7,
        "Book Price": 12.6
      }
    },
    {
      "quarter": "Q4 2012",
      "income status": {
        "Net sales": 39009,
        "Cost of goods sold": 34757,
        "Gross Profit": 4252,
        "Financial expenses": 1085,
        "Of which: Interest expense": "N/A",
        "Cost of sales": 4182,
        "Enterprise cost management": 2207,
        "Total Operating Expenses": 7474,
        "Total revenue financing activities": 2594,
        "Net profit from business activities": -628,
        "Profit": 501,
        "Profit before tax": -128,
        "Present corporate income tax expenses": 154,
        "Deferred income taxes expenses": "N/A",
        "The interests of minority shareholders": 18,
        "Total Cost of profits": 172,
        "Profit after tax corporate income": -300,
        "Volume": 9938784,
        "Close of Quarter": 5.1,
        "EPS": 2386,
        "Non-adjusted EPS": 2386,
        "PE": 2.1,
        "Book Price": 12.6
      }
    },
    {
      "quarter": "Q3 2012",
      "income status": {
        "Net sales": 52079,
        "Cost of goods sold": 39439,
        "Gross Profit": 12640,
        "Financial expenses": 23,
        "Of which: Interest expense": "N/A",
        "Cost of sales": 3427,
        "Enterprise cost management": 1876,
        "Total Operating Expenses": 5326,
        "Total revenue financing activities": 1087,
        "Net profit from business activities": 8401,
        "Profit": 22,
        "Profit before tax": 8424,
        "Present corporate income tax expenses": 1381,
        "Deferred income taxes expenses": "N/A",
        "The interests of minority shareholders": 288,
        "Total Cost of profits": 1669,
        "Profit after tax corporate income": 6755,
        "Volume": 9938784,
        "Close of Quarter": 4.5,
        "EPS": 2502,
        "Non-adjusted EPS": 2502,
        "PE": 1.8,
        "Book Price": 12.5
      }
    },
    {
      "quarter": "Q2 2012",
      "income status": {
        "Net sales": 45691,
        "Cost of goods sold": 35015,
        "Gross Profit": 10676,
        "Financial expenses": 26,
        "Of which: Interest expense": "N/A",
        "Cost of sales": 5079,
        "Enterprise cost management": 2815,
        "Total Operating Expenses": 7920,
        "Total revenue financing activities": 3779,
        "Net profit from business activities": 6535,
        "Profit": 18,
        "Profit before tax": 6553,
        "Present corporate income tax expenses": 1653,
        "Deferred income taxes expenses": "N/A",
        "The interests of minority shareholders": -111,
        "Total Cost of profits": 1542,
        "Profit after tax corporate income": 5011,
        "Volume": 9938784,
        "Close of Quarter": 4.4,
        "EPS": 2427,
        "Non-adjusted EPS": 2427,
        "PE": 1.8,
        "Book Price": 11.7
      }
    },
    {
      "quarter": "Q1 2012",
      "income status": {
        "Net sales": 10783,
        "Cost of goods sold": 9249,
        "Gross Profit": 1534,
        "Financial expenses": "N/A",
        "Of which: Interest expense": "N/A",
        "Cost of sales": 1704,
        "Enterprise cost management": 1404,
        "Total Operating Expenses": 3108,
        "Total revenue financing activities": 1722,
        "Net profit from business activities": 147,
        "Profit": 16173,
        "Profit before tax": 16321,
        "Present corporate income tax expenses": 4165,
        "Deferred income taxes expenses": "N/A",
        "The interests of minority shareholders": -91,
        "Total Cost of profits": 4074,
        "Profit after tax corporate income": 12247,
        "Volume": 9938784,
        "Close of Quarter": 3.5,
        "EPS": 2328,
        "Non-adjusted EPS": 2328,
        "PE": 1.5,
        "Book Price": 12.3
      }
    },
    {
      "quarter": "Q4 2011",
      "income status": {
        "Net sales": 26030,
        "Cost of goods sold": 22175,
        "Gross Profit": 3856,
        "Financial expenses": "N/A",
        "Of which: Interest expense": "N/A",
        "Cost of sales": 3095,
        "Enterprise cost management": 1647,
        "Total Operating Expenses": 4742,
        "Total revenue financing activities": 1719,
        "Net profit from business activities": 833,
        "Profit": 169,
        "Profit before tax": 1002,
        "Present corporate income tax expenses": 112,
        "Deferred income taxes expenses": "N/A",
        "The interests of minority shareholders": 33,
        "Total Cost of profits": 145,
        "Profit after tax corporate income": 857,
        "Volume": 9938784,
        "Close of Quarter": 3.2,
        "EPS": 1166,
        "Non-adjusted EPS": 1166,
        "PE": 2.7,
        "Book Price": 11
      }
    },
    {
      "quarter": "Q3 2011",
      "income status": {
        "Net sales": 45448,
        "Cost of goods sold": 33163,
        "Gross Profit": 12285,
        "Financial expenses": 19,
        "Of which: Interest expense": "N/A",
        "Cost of sales": 5497,
        "Enterprise cost management": 2166,
        "Total Operating Expenses": 7682,
        "Total revenue financing activities": 3477,
        "Net profit from business activities": 8080,
        "Profit": 71,
        "Profit before tax": 8151,
        "Present corporate income tax expenses": 1876,
        "Deferred income taxes expenses": "N/A",
        "The interests of minority shareholders": 269,
        "Total Cost of profits": 2145,
        "Profit after tax corporate income": 6006,
        "Volume": 9938784,
        "Close of Quarter": 3.6,
        "EPS": 1405,
        "Non-adjusted EPS": 1405,
        "PE": 2.6,
        "Book Price": 11.5
      }
    },
    {
      "quarter": "Q2 2011",
      "income status": {
        "Net sales": 27288,
        "Cost of goods sold": 21476,
        "Gross Profit": 5811,
        "Financial expenses": 309,
        "Of which: Interest expense": 277,
        "Cost of sales": 3721,
        "Enterprise cost management": 1848,
        "Total Operating Expenses": 5878,
        "Total revenue financing activities": 5427,
        "Net profit from business activities": 5360,
        "Profit": 6,
        "Profit before tax": 5366,
        "Present corporate income tax expenses": 1429,
        "Deferred income taxes expenses": "N/A",
        "The interests of minority shareholders": -93,
        "Total Cost of profits": 1336,
        "Profit after tax corporate income": 4031,
        "Volume": 9938784,
        "Close of Quarter": 3.6,
        "EPS": 1350,
        "Non-adjusted EPS": 1350,
        "PE": 2.7,
        "Book Price": 10.9
      }
    },
    {
      "quarter": "Q1 2011",
      "income status": {
        "Net sales": 9392,
        "Cost of goods sold": 8629,
        "Gross Profit": 762,
        "Financial expenses": 1093,
        "Of which: Interest expense": 1075,
        "Cost of sales": 1358,
        "Enterprise cost management": 1064,
        "Total Operating Expenses": 3515,
        "Total revenue financing activities": 3623,
        "Net profit from business activities": 870,
        "Profit": 3,
        "Profit before tax": 873,
        "Present corporate income tax expenses": 293,
        "Deferred income taxes expenses": "N/A",
        "The interests of minority shareholders": -110,
        "Total Cost of profits": 183,
        "Profit after tax corporate income": 690,
        "Volume": 9938784,
        "Close of Quarter": 4.3,
        "EPS": 1120,
        "Non-adjusted EPS": 1120,
        "PE": 3.8,
        "Book Price": 10.5
      }
    },
    {
      "quarter": "Q4 2010",
      "income status": {
        "Net sales": 14767,
        "Cost of goods sold": 10844,
        "Gross Profit": 3923,
        "Financial expenses": 793,
        "Of which: Interest expense": "N/A",
        "Cost of sales": 2267,
        "Enterprise cost management": 1825,
        "Total Operating Expenses": 4885,
        "Total revenue financing activities": 5148,
        "Net profit from business activities": 4186,
        "Profit": 170,
        "Profit before tax": 4356,
        "Present corporate income tax expenses": 1110,
        "Deferred income taxes expenses": "N/A",
        "The interests of minority shareholders": 12,
        "Total Cost of profits": 1122,
        "Profit after tax corporate income": 3233,
        "Volume": 10219484,
        "Close of Quarter": 4.8,
        "EPS": 1081.7,
        "Non-adjusted EPS": 1052,
        "PE": 4.6,
        "Book Price": 11.6
      }
    },
    {
      "quarter": "Q3 2010",
      "income status": {
        "Net sales": 53228,
        "Cost of goods sold": 40768,
        "Gross Profit": 12460,
        "Financial expenses": 88,
        "Of which: Interest expense": 49,
        "Cost of sales": 5620,
        "Enterprise cost management": 1846,
        "Total Operating Expenses": 7554,
        "Total revenue financing activities": 2426,
        "Net profit from business activities": 7333,
        "Profit": 6,
        "Profit before tax": 7338,
        "Present corporate income tax expenses": 1814,
        "Deferred income taxes expenses": "N/A",
        "The interests of minority shareholders": 56,
        "Total Cost of profits": 1870,
        "Profit after tax corporate income": 5468,
        "Volume": 10219484,
        "Close of Quarter": 6.4,
        "EPS": 615.9,
        "Non-adjusted EPS": 599,
        "PE": 10.7,
        "Book Price": 11.4
      }
    },
    {
      "quarter": "Q2 2010",
      "income status": {
        "Net sales": 26440,
        "Cost of goods sold": 22708,
        "Gross Profit": 3732,
        "Financial expenses": 28,
        "Of which: Interest expense": 28,
        "Cost of sales": 1357,
        "Enterprise cost management": 1322,
        "Total Operating Expenses": 2707,
        "Total revenue financing activities": 1093,
        "Net profit from business activities": 2118,
        "Profit": 230,
        "Profit before tax": 2348,
        "Present corporate income tax expenses": 603,
        "Deferred income taxes expenses": "N/A",
        "The interests of minority shareholders": "N/A",
        "Total Cost of profits": 603,
        "Profit after tax corporate income": 1745,
        "Volume": 8584323,
        "Close of Quarter": 8.7,
        "EPS": 491.5,
        "Non-adjusted EPS": 569,
        "PE": 15.3,
        "Book Price": 10.8
      }
    },
    {
      "quarter": "Q1 2010",
      "income status": {
        "Net sales": 9388,
        "Cost of goods sold": 7520,
        "Gross Profit": 1868,
        "Financial expenses": 78,
        "Of which: Interest expense": 78,
        "Cost of sales": 942,
        "Enterprise cost management": 829,
        "Total Operating Expenses": 1849,
        "Total revenue financing activities": 340,
        "Net profit from business activities": 359,
        "Profit": 7,
        "Profit before tax": 366,
        "Present corporate income tax expenses": 59,
        "Deferred income taxes expenses": "N/A",
        "The interests of minority shareholders": "N/A",
        "Total Cost of profits": 59,
        "Profit after tax corporate income": 306,
        "Volume": 5109742,
        "Close of Quarter": 6.2,
        "EPS": 593.8,
        "Non-adjusted EPS": 1155,
        "PE": 5.4,
        "Book Price": 10.9
      }
    },
    {
      "quarter": "Q4 2009",
      "income status": {
        "Net sales": 11142,
        "Cost of goods sold": 11081,
        "Gross Profit": 61,
        "Financial expenses": 21,
        "Of which: Interest expense": "N/A",
        "Cost of sales": 987,
        "Enterprise cost management": 945,
        "Total Operating Expenses": 1953,
        "Total revenue financing activities": 40,
        "Net profit from business activities": -1853,
        "Profit": 157,
        "Profit before tax": -1696,
        "Present corporate income tax expenses": -297,
        "Deferred income taxes expenses": "N/A",
        "The interests of minority shareholders": "N/A",
        "Total Cost of profits": -297,
        "Profit after tax corporate income": -1399,
        "Volume": 5109742,
        "Close of Quarter": 7.0,
        "EPS": 779.9,
        "Non-adjusted EPS": 1517,
        "PE": 4.6,
        "Book Price": 6.1
      }
    },
    {
      "quarter": "Q3 2009",
      "income status": {
        "Net sales": 46626,
        "Cost of goods sold": 36493,
        "Gross Profit": 10133,
        "Financial expenses": 23,
        "Of which: Interest expense": "N/A",
        "Cost of sales": 3470,
        "Enterprise cost management": 1797,
        "Total Operating Expenses": 5290,
        "Total revenue financing activities": 242,
        "Net profit from business activities": 5085,
        "Profit": 29,
        "Profit before tax": 5113,
        "Present corporate income tax expenses": 879,
        "Deferred income taxes expenses": "N/A",
        "The interests of minority shareholders": "N/A",
        "Total Cost of profits": 879,
        "Profit after tax corporate income": 4235,
        "Volume": 5109742,
        "Close of Quarter": 10.7,
        "EPS": 986.6,
        "Non-adjusted EPS": 1919,
        "PE": 5.6,
        "Book Price": 6.3
      }
    },
    {
      "quarter": "Q2 2009",
      "income status": {
        "Net sales": 29199,
        "Cost of goods sold": 22127,
        "Gross Profit": 7072,
        "Financial expenses": 69,
        "Of which: Interest expense": 44,
        "Cost of sales": 2657,
        "Enterprise cost management": 1343,
        "Total Operating Expenses": 4069,
        "Total revenue financing activities": 337,
        "Net profit from business activities": 3340,
        "Profit": -1,
        "Profit before tax": 3339,
        "Present corporate income tax expenses": 577,
        "Deferred income taxes expenses": "N/A",
        "The interests of minority shareholders": "N/A",
        "Total Cost of profits": 577,
        "Profit after tax corporate income": 2762,
        "Volume": 5109742,
        "Close of Quarter": 5.8,
        "EPS": 1166.5,
        "Non-adjusted EPS": 2269,
        "PE": 2.6,
        "Book Price": 5.9
      }
    },
    {
      "quarter": "Q1 2009",
      "income status": {
        "Net sales": 17226,
        "Cost of goods sold": 12026,
        "Gross Profit": 5200,
        "Financial expenses": "N/A",
        "Of which: Interest expense": "N/A",
        "Cost of sales": 1559,
        "Enterprise cost management": 1115,
        "Total Operating Expenses": 2674,
        "Total revenue financing activities": 83,
        "Net profit from business activities": 2609,
        "Profit": 1,
        "Profit before tax": 2611,
        "Present corporate income tax expenses": 457,
        "Deferred income taxes expenses": "N/A",
        "The interests of minority shareholders": "N/A",
        "Total Cost of profits": 457,
        "Profit after tax corporate income": 2154,
        "Volume": 5109742,
        "Close of Quarter": 4.1,
        "EPS": 970.7,
        "Non-adjusted EPS": 1888,
        "PE": 2.2,
        "Book Price": 5.7
      }
    },
    {
      "quarter": "Q4 2008",
      "income status": {
        "Net sales": 13299,
        "Cost of goods sold": 11250,
        "Gross Profit": 2049,
        "Financial expenses": "N/A",
        "Of which: Interest expense": "N/A",
        "Cost of sales": 792,
        "Enterprise cost management": 568,
        "Total Operating Expenses": 1360,
        "Total revenue financing activities": 56,
        "Net profit from business activities": 745,
        "Profit": 19,
        "Profit before tax": 764,
        "Present corporate income tax expenses": 107,
        "Deferred income taxes expenses": "N/A",
        "The interests of minority shareholders": "N/A",
        "Total Cost of profits": 107,
        "Profit after tax corporate income": 657,
        "Volume": 5109742,
        "Close of Quarter": 3.8,
        "EPS": 788.2,
        "Non-adjusted EPS": 1533,
        "PE": 2.5,
        "Book Price": 6.2
      }
    },
    {
      "quarter": "Q3 2008",
      "income status": {
        "Net sales": 51190,
        "Cost of goods sold": 38653,
        "Gross Profit": 12538,
        "Financial expenses": 6,
        "Of which: Interest expense": "N/A",
        "Cost of sales": 3967,
        "Enterprise cost management": 1614,
        "Total Operating Expenses": 5587,
        "Total revenue financing activities": 47,
        "Net profit from business activities": 6997,
        "Profit": 3,
        "Profit before tax": 7000,
        "Present corporate income tax expenses": 980,
        "Deferred income taxes expenses": "N/A",
        "The interests of minority shareholders": "N/A",
        "Total Cost of profits": 980,
        "Profit after tax corporate income": 6020,
        "Volume": 5109742,
        "Close of Quarter": 6.9,
        "EPS": 825.2,
        "Non-adjusted EPS": 1605,
        "PE": 4.3,
        "Book Price": 6.2
      }
    },
    {
      "quarter": "Q2 2008",
      "income status": {
        "Net sales": 20410,
        "Cost of goods sold": 15800,
        "Gross Profit": 4611,
        "Financial expenses": 363,
        "Of which: Interest expense": "N/A",
        "Cost of sales": 2175,
        "Enterprise cost management": 1192,
        "Total Operating Expenses": 3730,
        "Total revenue financing activities": 56,
        "Net profit from business activities": 938,
        "Profit": 10,
        "Profit before tax": 947,
        "Present corporate income tax expenses": 133,
        "Deferred income taxes expenses": "N/A",
        "The interests of minority shareholders": "N/A",
        "Total Cost of profits": 133,
        "Profit after tax corporate income": 815,
        "Volume": 5109742,
        "Close of Quarter": 5.5,
        "EPS": 617.0,
        "Non-adjusted EPS": 1200,
        "PE": 4.6,
        "Book Price": 5.6
      }
    },
    {
      "quarter": "Q1 2008",
      "income status": {
        "Net sales": 8884,
        "Cost of goods sold": 7036,
        "Gross Profit": 1848,
        "Financial expenses": 281,
        "Of which: Interest expense": "N/A",
        "Cost of sales": 585,
        "Enterprise cost management": 608,
        "Total Operating Expenses": 1474,
        "Total revenue financing activities": 21,
        "Net profit from business activities": 395,
        "Profit": 1,
        "Profit before tax": 396,
        "Present corporate income tax expenses": 56,
        "Deferred income taxes expenses": "N/A",
        "The interests of minority shareholders": "N/A",
        "Total Cost of profits": 56,
        "Profit after tax corporate income": 341,
        "Volume": 5109742,
        "Close of Quarter": 8.9,
        "EPS": 821.6,
        "Non-adjusted EPS": 1598,
        "PE": 5.6,
        "Book Price": 2.9
      }
    },
    {
      "quarter": "Q4 2007",
      "income status": {
        "Net sales": 18275,
        "Cost of goods sold": 14977,
        "Gross Profit": 3298,
        "Financial expenses": 297,
        "Of which: Interest expense": "N/A",
        "Cost of sales": 1080,
        "Enterprise cost management": 795,
        "Total Operating Expenses": 2172,
        "Total revenue financing activities": 27,
        "Net profit from business activities": 1153,
        "Profit": 41,
        "Profit before tax": 1194,
        "Present corporate income tax expenses": 167,
        "Deferred income taxes expenses": "N/A",
        "The interests of minority shareholders": "N/A",
        "Total Cost of profits": 167,
        "Profit after tax corporate income": 1027,
        "Volume": 2554871,
        "Close of Quarter": 17.0,
        "EPS": 929.0,
        "Non-adjusted EPS": 3614,
        "PE": 4.7,
        "Book Price": 3.0
      }
    },
    {
      "quarter": "Q3 2007",
      "income status": {
        "Net sales": 35836,
        "Cost of goods sold": 27361,
        "Gross Profit": 8475,
        "Financial expenses": 146,
        "Of which: Interest expense": "N/A",
        "Cost of sales": 3025,
        "Enterprise cost management": 726,
        "Total Operating Expenses": 3897,
        "Total revenue financing activities": 15,
        "Net profit from business activities": 4593,
        "Profit": 1,
        "Profit before tax": 4594,
        "Present corporate income tax expenses": 643,
        "Deferred income taxes expenses": "N/A",
        "The interests of minority shareholders": "N/A",
        "Total Cost of profits": 643,
        "Profit after tax corporate income": 3951,
        "Volume": 2554871,
        "Close of Quarter": 11.6,
        "EPS": 741.1,
        "Non-adjusted EPS": 2883,
        "PE": 4.0,
        "Book Price": 3.5
      }
    },
    {
      "quarter": "Q2 2007",
      "income status": {
        "Net sales": 26611,
        "Cost of goods sold": 19947,
        "Gross Profit": 6664,
        "Financial expenses": 55,
        "Of which: Interest expense": "N/A",
        "Cost of sales": 2678,
        "Enterprise cost management": 625,
        "Total Operating Expenses": 3358,
        "Total revenue financing activities": 5,
        "Net profit from business activities": 3310,
        "Profit": 1,
        "Profit before tax": 3311,
        "Present corporate income tax expenses": 464,
        "Deferred income taxes expenses": "N/A",
        "The interests of minority shareholders": "N/A",
        "Total Cost of profits": 464,
        "Profit after tax corporate income": 2847,
        "Volume": 2554871,
        "Close of Quarter": 8.8,
        "EPS": 343.4,
        "Non-adjusted EPS": 1336,
        "PE": 6.6,
        "Book Price": 3.0
      }
    },
    {
      "quarter": "Q1 2007",
      "income status": {
        "Net sales": 9671,
        "Cost of goods sold": 6772,
        "Gross Profit": 2899,
        "Financial expenses": "N/A",
        "Of which: Interest expense": "N/A",
        "Cost of sales": 920,
        "Enterprise cost management": 356,
        "Total Operating Expenses": 1276,
        "Total revenue financing activities": 11,
        "Net profit from business activities": 1635,
        "Profit": 4,
        "Profit before tax": 1639,
        "Present corporate income tax expenses": 229,
        "Deferred income taxes expenses": "N/A",
        "The interests of minority shareholders": "N/A",
        "Total Cost of profits": 229,
        "Profit after tax corporate income": 1409,
        "Volume": 2554871,
        "Close of Quarter": 24.3,
        "EPS": 57.1,
        "Non-adjusted EPS": 222,
        "PE": 109.4,
        "Book Price": 2.8
      }
    },
    {
      "quarter": "Q4 2006",
      "income status": {
        "Net sales": 14771,
        "Cost of goods sold": 13557,
        "Gross Profit": 1214,
        "Financial expenses": 25,
        "Of which: Interest expense": "N/A",
        "Cost of sales": 1661,
        "Enterprise cost management": 838,
        "Total Operating Expenses": 2524,
        "Total revenue financing activities": 31,
        "Net profit from business activities": -1280,
        "Profit": 110,
        "Profit before tax": -1169,
        "Present corporate income tax expenses": -327,
        "Deferred income taxes expenses": "N/A",
        "The interests of minority shareholders": "N/A",
        "Total Cost of profits": -327,
        "Profit after tax corporate income": -842,
        "Volume": 2554871,
        "Close of Quarter": 12.5,
        "EPS": -84.8,
        "Non-adjusted EPS": -330,
        "PE": -37.9,
        "Book Price": 2.7
      }
    }
  ]
}