{
  "ticker": "VCM",
  "data": [
    {
      "quarter": "Q1 2017",
      "income status": {
        "Net sales": 26256,
        "Cost of goods sold": 21276,
        "Gross Profit": 4980,
        "Financial expenses": 27,
        "Of which: Interest expense": 27,
        "Cost of sales": 298,
        "Enterprise cost management": 3388,
        "Total Operating Expenses": 3713,
        "Total revenue financing activities": 506,
        "Net profit from business activities": 1773,
        "Profit": 27,
        "Profit before tax": 1801,
        "Present corporate income tax expenses": 436,
        "Deferred income taxes expenses": "N/A",
        "The interests of minority shareholders": "N/A",
        "Total Cost of profits": 436,
        "Profit after tax corporate income": 1364,
        "Volume": 3000000,
        "Close of Quarter": 23.7,
        "EPS": 3741,
        "Non-adjusted EPS": 3741,
        "PE": 6.3,
        "Book Price": 20
      }
    },
    {
      "quarter": "Q4 2016",
      "income status": {
        "Net sales": 49904,
        "Cost of goods sold": 44603,
        "Gross Profit": 5301,
        "Financial expenses": 56,
        "Of which: Interest expense": 56,
        "Cost of sales": 745,
        "Enterprise cost management": 4141,
        "Total Operating Expenses": 4942,
        "Total revenue financing activities": 1763,
        "Net profit from business activities": 2120,
        "Profit": 1359,
        "Profit before tax": 3479,
        "Present corporate income tax expenses": 1040,
        "Deferred income taxes expenses": "N/A",
        "The interests of minority shareholders": "N/A",
        "Total Cost of profits": 1040,
        "Profit after tax corporate income": 2440,
        "Volume": 3000000,
        "Close of Quarter": 16.8,
        "EPS": 3717,
        "Non-adjusted EPS": 3717,
        "PE": 4.5,
        "Book Price": 23.1
      }
    },
    {
      "quarter": "Q3 2016",
      "income status": {
        "Net sales": 51888,
        "Cost of goods sold": 45665,
        "Gross Profit": 6224,
        "Financial expenses": "N/A",
        "Of which: Interest expense": "N/A",
        "Cost of sales": 165,
        "Enterprise cost management": 4261,
        "Total Operating Expenses": 4426,
        "Total revenue financing activities": 347,
        "Net profit from business activities": 2145,
        "Profit": 3598,
        "Profit before tax": 5743,
        "Present corporate income tax expenses": 1178,
        "Deferred income taxes expenses": "N/A",
        "The interests of minority shareholders": "N/A",
        "Total Cost of profits": 1178,
        "Profit after tax corporate income": 4565,
        "Volume": 3000000,
        "Close of Quarter": 18.8,
        "EPS": 3703,
        "Non-adjusted EPS": 3703,
        "PE": 5.1,
        "Book Price": 18.3
      }
    },
    {
      "quarter": "Q2 2016",
      "income status": {
        "Net sales": 12758,
        "Cost of goods sold": 7811,
        "Gross Profit": 4947,
        "Financial expenses": -18,
        "Of which: Interest expense": "N/A",
        "Cost of sales": 154,
        "Enterprise cost management": 3992,
        "Total Operating Expenses": 4128,
        "Total revenue financing activities": 1574,
        "Net profit from business activities": 2394,
        "Profit": 1255,
        "Profit before tax": 3649,
        "Present corporate income tax expenses": 796,
        "Deferred income taxes expenses": "N/A",
        "The interests of minority shareholders": "N/A",
        "Total Cost of profits": 796,
        "Profit after tax corporate income": 2853,
        "Volume": 3000000,
        "Close of Quarter": 17.8,
        "EPS": 3092,
        "Non-adjusted EPS": 3092,
        "PE": 5.8,
        "Book Price": 16.8
      }
    },
    {
      "quarter": "Q1 2016",
      "income status": {
        "Net sales": 17889,
        "Cost of goods sold": 11825,
        "Gross Profit": 6064,
        "Financial expenses": 55,
        "Of which: Interest expense": "N/A",
        "Cost of sales": 151,
        "Enterprise cost management": 4288,
        "Total Operating Expenses": 4494,
        "Total revenue financing activities": 153,
        "Net profit from business activities": 1722,
        "Profit": "N/A",
        "Profit before tax": 1722,
        "Present corporate income tax expenses": 429,
        "Deferred income taxes expenses": "N/A",
        "The interests of minority shareholders": "N/A",
        "Total Cost of profits": 429,
        "Profit after tax corporate income": 1294,
        "Volume": 3000000,
        "Close of Quarter": 18.2,
        "EPS": 2597,
        "Non-adjusted EPS": 2597,
        "PE": 7.0,
        "Book Price": 15.9
      }
    },
    {
      "quarter": "Q4 2015",
      "income status": {
        "Net sales": 19524,
        "Cost of goods sold": 14877,
        "Gross Profit": 4647,
        "Financial expenses": "N/A",
        "Of which: Interest expense": "N/A",
        "Cost of sales": 214,
        "Enterprise cost management": 4505,
        "Total Operating Expenses": 4719,
        "Total revenue financing activities": 2688,
        "Net profit from business activities": 2616,
        "Profit": 564,
        "Profit before tax": 3180,
        "Present corporate income tax expenses": 783,
        "Deferred income taxes expenses": "N/A",
        "The interests of minority shareholders": "N/A",
        "Total Cost of profits": 783,
        "Profit after tax corporate income": 2396,
        "Volume": 3000000,
        "Close of Quarter": 8.1,
        "EPS": 2493,
        "Non-adjusted EPS": 2493,
        "PE": 3.2,
        "Book Price": 18.4
      }
    },
    {
      "quarter": "Q3 2015",
      "income status": {
        "Net sales": 19056,
        "Cost of goods sold": 12885,
        "Gross Profit": 6171,
        "Financial expenses": "N/A",
        "Of which: Interest expense": "N/A",
        "Cost of sales": 135,
        "Enterprise cost management": 3231,
        "Total Operating Expenses": 3366,
        "Total revenue financing activities": 574,
        "Net profit from business activities": 3379,
        "Profit": 139,
        "Profit before tax": 3518,
        "Present corporate income tax expenses": 785,
        "Deferred income taxes expenses": "N/A",
        "The interests of minority shareholders": "N/A",
        "Total Cost of profits": 785,
        "Profit after tax corporate income": 2734,
        "Volume": 3000000,
        "Close of Quarter": 8.3,
        "EPS": 2235,
        "Non-adjusted EPS": 2235,
        "PE": 3.7,
        "Book Price": 17.6
      }
    },
    {
      "quarter": "Q2 2015",
      "income status": {
        "Net sales": 9836,
        "Cost of goods sold": 5733,
        "Gross Profit": 4103,
        "Financial expenses": -127,
        "Of which: Interest expense": "N/A",
        "Cost of sales": 115,
        "Enterprise cost management": 3773,
        "Total Operating Expenses": 3761,
        "Total revenue financing activities": 1480,
        "Net profit from business activities": 1823,
        "Profit": 6,
        "Profit before tax": 1828,
        "Present corporate income tax expenses": 460,
        "Deferred income taxes expenses": "N/A",
        "The interests of minority shareholders": "N/A",
        "Total Cost of profits": 460,
        "Profit after tax corporate income": 1368,
        "Volume": 3000000,
        "Close of Quarter": 10.0,
        "EPS": 1466,
        "Non-adjusted EPS": 1466,
        "PE": 6.8,
        "Book Price": 16.7
      }
    },
    {
      "quarter": "Q1 2015",
      "income status": {
        "Net sales": 19732,
        "Cost of goods sold": 15167,
        "Gross Profit": 4565,
        "Financial expenses": 12,
        "Of which: Interest expense": "N/A",
        "Cost of sales": 132,
        "Enterprise cost management": 3335,
        "Total Operating Expenses": 3479,
        "Total revenue financing activities": 174,
        "Net profit from business activities": 1259,
        "Profit": 64,
        "Profit before tax": 1323,
        "Present corporate income tax expenses": 343,
        "Deferred income taxes expenses": "N/A",
        "The interests of minority shareholders": "N/A",
        "Total Cost of profits": 343,
        "Profit after tax corporate income": 980,
        "Volume": 3000000,
        "Close of Quarter": 11.3,
        "EPS": 1276,
        "Non-adjusted EPS": 1276,
        "PE": 8.9,
        "Book Price": 18.2
      }
    },
    {
      "quarter": "Q4 2014",
      "income status": {
        "Net sales": 13603,
        "Cost of goods sold": 10037,
        "Gross Profit": 3567,
        "Financial expenses": "N/A",
        "Of which: Interest expense": "N/A",
        "Cost of sales": 100,
        "Enterprise cost management": 3263,
        "Total Operating Expenses": 3363,
        "Total revenue financing activities": 1157,
        "Net profit from business activities": 1361,
        "Profit": 730,
        "Profit before tax": 2092,
        "Present corporate income tax expenses": 468,
        "Deferred income taxes expenses": "N/A",
        "The interests of minority shareholders": "N/A",
        "Total Cost of profits": 468,
        "Profit after tax corporate income": 1624,
        "Volume": 3000000,
        "Close of Quarter": 10.3,
        "EPS": 1193,
        "Non-adjusted EPS": 1193,
        "PE": 8.7,
        "Book Price": 18.3
      }
    },
    {
      "quarter": "Q3 2014",
      "income status": {
        "Net sales": 5832,
        "Cost of goods sold": 2910,
        "Gross Profit": 2921,
        "Financial expenses": 14,
        "Of which: Interest expense": "N/A",
        "Cost of sales": "N/A",
        "Enterprise cost management": 2537,
        "Total Operating Expenses": 2551,
        "Total revenue financing activities": 213,
        "Net profit from business activities": 583,
        "Profit": -22,
        "Profit before tax": 561,
        "Present corporate income tax expenses": 134,
        "Deferred income taxes expenses": "N/A",
        "The interests of minority shareholders": "N/A",
        "Total Cost of profits": 134,
        "Profit after tax corporate income": 427,
        "Volume": 3000000,
        "Close of Quarter": 8.7,
        "EPS": 773,
        "Non-adjusted EPS": 773,
        "PE": 11.3,
        "Book Price": 17.8
      }
    },
    {
      "quarter": "Q2 2014",
      "income status": {
        "Net sales": 13952,
        "Cost of goods sold": 11917,
        "Gross Profit": 2035,
        "Financial expenses": 1,
        "Of which: Interest expense": "N/A",
        "Cost of sales": 258,
        "Enterprise cost management": 3077,
        "Total Operating Expenses": 3336,
        "Total revenue financing activities": 1025,
        "Net profit from business activities": -275,
        "Profit": 1318,
        "Profit before tax": 1042,
        "Present corporate income tax expenses": 244,
        "Deferred income taxes expenses": "N/A",
        "The interests of minority shareholders": "N/A",
        "Total Cost of profits": 244,
        "Profit after tax corporate income": 798,
        "Volume": 3000000,
        "Close of Quarter": 9.4,
        "EPS": 723,
        "Non-adjusted EPS": 723,
        "PE": 13.0,
        "Book Price": 17.6
      }
    },
    {
      "quarter": "Q1 2014",
      "income status": {
        "Net sales": 4136,
        "Cost of goods sold": 1556,
        "Gross Profit": 2579,
        "Financial expenses": "N/A",
        "Of which: Interest expense": "N/A",
        "Cost of sales": "N/A",
        "Enterprise cost management": 2514,
        "Total Operating Expenses": 2514,
        "Total revenue financing activities": 162,
        "Net profit from business activities": 228,
        "Profit": 738,
        "Profit before tax": 966,
        "Present corporate income tax expenses": 235,
        "Deferred income taxes expenses": "N/A",
        "The interests of minority shareholders": "N/A",
        "Total Cost of profits": 235,
        "Profit after tax corporate income": 731,
        "Volume": 3000000,
        "Close of Quarter": 7.9,
        "EPS": 575,
        "Non-adjusted EPS": 575,
        "PE": 13.8,
        "Book Price": 20.4
      }
    },
    {
      "quarter": "Q4 2013",
      "income status": {
        "Net sales": 6304,
        "Cost of goods sold": 3868,
        "Gross Profit": 2436,
        "Financial expenses": 135,
        "Of which: Interest expense": 98,
        "Cost of sales": 144,
        "Enterprise cost management": 2642,
        "Total Operating Expenses": 2921,
        "Total revenue financing activities": 961,
        "Net profit from business activities": 475,
        "Profit": 8,
        "Profit before tax": 484,
        "Present corporate income tax expenses": 121,
        "Deferred income taxes expenses": "N/A",
        "The interests of minority shareholders": "N/A",
        "Total Cost of profits": 121,
        "Profit after tax corporate income": 363,
        "Volume": 3000000,
        "Close of Quarter": 6.0,
        "EPS": 340,
        "Non-adjusted EPS": 340,
        "PE": 17.6,
        "Book Price": 20.3
      }
    },
    {
      "quarter": "Q3 2013",
      "income status": {
        "Net sales": 9672,
        "Cost of goods sold": 9744,
        "Gross Profit": -72,
        "Financial expenses": 101,
        "Of which: Interest expense": 214,
        "Cost of sales": 128,
        "Enterprise cost management": 2343,
        "Total Operating Expenses": 2572,
        "Total revenue financing activities": 939,
        "Net profit from business activities": -1705,
        "Profit": 2075,
        "Profit before tax": 371,
        "Present corporate income tax expenses": 93,
        "Deferred income taxes expenses": "N/A",
        "The interests of minority shareholders": "N/A",
        "Total Cost of profits": 93,
        "Profit after tax corporate income": 278,
        "Volume": 3000000,
        "Close of Quarter": 5.3,
        "EPS": 1364,
        "Non-adjusted EPS": 1364,
        "PE": 3.9,
        "Book Price": 20.2
      }
    },
    {
      "quarter": "Q2 2013",
      "income status": {
        "Net sales": 20824,
        "Cost of goods sold": 18301,
        "Gross Profit": 2523,
        "Financial expenses": 422,
        "Of which: Interest expense": 368,
        "Cost of sales": 93,
        "Enterprise cost management": 3747,
        "Total Operating Expenses": 4262,
        "Total revenue financing activities": 1689,
        "Net profit from business activities": -52,
        "Profit": 239,
        "Profit before tax": 187,
        "Present corporate income tax expenses": 124,
        "Deferred income taxes expenses": "N/A",
        "The interests of minority shareholders": -291,
        "Total Cost of profits": -167,
        "Profit after tax corporate income": 354,
        "Volume": 3000000,
        "Close of Quarter": 5.4,
        "EPS": 1505,
        "Non-adjusted EPS": 1505,
        "PE": 3.6,
        "Book Price": 19.9
      }
    },
    {
      "quarter": "Q1 2013",
      "income status": {
        "Net sales": 45386,
        "Cost of goods sold": 41114,
        "Gross Profit": 4271,
        "Financial expenses": 77,
        "Of which: Interest expense": 36,
        "Cost of sales": 208,
        "Enterprise cost management": 5106,
        "Total Operating Expenses": 5391,
        "Total revenue financing activities": 618,
        "Net profit from business activities": -501,
        "Profit": 542,
        "Profit before tax": 41,
        "Present corporate income tax expenses": 15,
        "Deferred income taxes expenses": "N/A",
        "The interests of minority shareholders": 1,
        "Total Cost of profits": 16,
        "Profit after tax corporate income": 25,
        "Volume": 3000000,
        "Close of Quarter": 6.9,
        "EPS": 1757,
        "Non-adjusted EPS": 1757,
        "PE": 3.9,
        "Book Price": 20.9
      }
    },
    {
      "quarter": "Q4 2012",
      "income status": {
        "Net sales": 35936,
        "Cost of goods sold": 30820,
        "Gross Profit": 5116,
        "Financial expenses": 12,
        "Of which: Interest expense": "N/A",
        "Cost of sales": 189,
        "Enterprise cost management": 4867,
        "Total Operating Expenses": 5068,
        "Total revenue financing activities": 1863,
        "Net profit from business activities": 1911,
        "Profit": 2731,
        "Profit before tax": 4642,
        "Present corporate income tax expenses": 1166,
        "Deferred income taxes expenses": "N/A",
        "The interests of minority shareholders": 42,
        "Total Cost of profits": 1208,
        "Profit after tax corporate income": 3435,
        "Volume": 3000000,
        "Close of Quarter": 5.2,
        "EPS": 2864,
        "Non-adjusted EPS": 2864,
        "PE": 1.8,
        "Book Price": 21.3
      }
    },
    {
      "quarter": "Q3 2012",
      "income status": {
        "Net sales": 4719,
        "Cost of goods sold": 1715,
        "Gross Profit": 3004,
        "Financial expenses": 773,
        "Of which: Interest expense": 3,
        "Cost of sales": "N/A",
        "Enterprise cost management": 3837,
        "Total Operating Expenses": 4610,
        "Total revenue financing activities": 1280,
        "Net profit from business activities": -326,
        "Profit": 981,
        "Profit before tax": 655,
        "Present corporate income tax expenses": 124,
        "Deferred income taxes expenses": "N/A",
        "The interests of minority shareholders": -169,
        "Total Cost of profits": -45,
        "Profit after tax corporate income": 700,
        "Volume": 3000000,
        "Close of Quarter": 4.2,
        "EPS": 2656,
        "Non-adjusted EPS": 2656,
        "PE": 1.6,
        "Book Price": 21.1
      }
    },
    {
      "quarter": "Q2 2012",
      "income status": {
        "Net sales": 18024,
        "Cost of goods sold": 16188,
        "Gross Profit": 1836,
        "Financial expenses": 890,
        "Of which: Interest expense": -3,
        "Cost of sales": 461,
        "Enterprise cost management": 3757,
        "Total Operating Expenses": 5108,
        "Total revenue financing activities": 3263,
        "Net profit from business activities": -9,
        "Profit": 813,
        "Profit before tax": 804,
        "Present corporate income tax expenses": 227,
        "Deferred income taxes expenses": -194,
        "The interests of minority shareholders": -339,
        "Total Cost of profits": -306,
        "Profit after tax corporate income": 1111,
        "Volume": 3000000,
        "Close of Quarter": 6.4,
        "EPS": 2798,
        "Non-adjusted EPS": 2798,
        "PE": 2.3,
        "Book Price": 21.3
      }
    },
    {
      "quarter": "Q1 2012",
      "income status": {
        "Net sales": 7684,
        "Cost of goods sold": 2694,
        "Gross Profit": 4989,
        "Financial expenses": 120,
        "Of which: Interest expense": 3,
        "Cost of sales": 96,
        "Enterprise cost management": 3310,
        "Total Operating Expenses": 3526,
        "Total revenue financing activities": 1651,
        "Net profit from business activities": 3115,
        "Profit": 1231,
        "Profit before tax": 4346,
        "Present corporate income tax expenses": 842,
        "Deferred income taxes expenses": "N/A",
        "The interests of minority shareholders": 157,
        "Total Cost of profits": 999,
        "Profit after tax corporate income": 3347,
        "Volume": 3000000,
        "Close of Quarter": 4.9,
        "EPS": 3931,
        "Non-adjusted EPS": 3931,
        "PE": 1.3,
        "Book Price": 20.7
      }
    },
    {
      "quarter": "Q4 2011",
      "income status": {
        "Net sales": 60121,
        "Cost of goods sold": 53328,
        "Gross Profit": 6794,
        "Financial expenses": 1505,
        "Of which: Interest expense": 9,
        "Cost of sales": 750,
        "Enterprise cost management": 5727,
        "Total Operating Expenses": 7982,
        "Total revenue financing activities": 3820,
        "Net profit from business activities": 2631,
        "Profit": 681,
        "Profit before tax": 11976,
        "Present corporate income tax expenses": 438,
        "Deferred income taxes expenses": "N/A",
        "The interests of minority shareholders": 62,
        "Total Cost of profits": 500,
        "Profit after tax corporate income": 2811,
        "Volume": 3000000,
        "Close of Quarter": 5.7,
        "EPS": 2938,
        "Non-adjusted EPS": 2938,
        "PE": 1.9,
        "Book Price": 21.8
      }
    },
    {
      "quarter": "Q3 2011",
      "income status": {
        "Net sales": 41140,
        "Cost of goods sold": 37212,
        "Gross Profit": 3929,
        "Financial expenses": 101,
        "Of which: Interest expense": 345,
        "Cost of sales": 598,
        "Enterprise cost management": 3592,
        "Total Operating Expenses": 4291,
        "Total revenue financing activities": 2429,
        "Net profit from business activities": 2066,
        "Profit": "N/A",
        "Profit before tax": 2066,
        "Present corporate income tax expenses": 403,
        "Deferred income taxes expenses": "N/A",
        "The interests of minority shareholders": 537,
        "Total Cost of profits": 940,
        "Profit after tax corporate income": 1126,
        "Volume": 3000000,
        "Close of Quarter": 4.1,
        "EPS": 4480,
        "Non-adjusted EPS": 4480,
        "PE": 0.9,
        "Book Price": 21.4
      }
    },
    {
      "quarter": "Q2 2011",
      "income status": {
        "Net sales": 65543,
        "Cost of goods sold": 60581,
        "Gross Profit": 4962,
        "Financial expenses": 733,
        "Of which: Interest expense": "N/A",
        "Cost of sales": 1743,
        "Enterprise cost management": 3708,
        "Total Operating Expenses": 6184,
        "Total revenue financing activities": 6869,
        "Net profit from business activities": 5647,
        "Profit": 403,
        "Profit before tax": 6050,
        "Present corporate income tax expenses": 1582,
        "Deferred income taxes expenses": "N/A",
        "The interests of minority shareholders": -43,
        "Total Cost of profits": 1539,
        "Profit after tax corporate income": 4510,
        "Volume": 3000000,
        "Close of Quarter": 3.5,
        "EPS": 5593,
        "Non-adjusted EPS": 5593,
        "PE": 0.6,
        "Book Price": 21.3
      }
    },
    {
      "quarter": "Q1 2011",
      "income status": {
        "Net sales": 50526,
        "Cost of goods sold": 44896,
        "Gross Profit": 5631,
        "Financial expenses": 324,
        "Of which: Interest expense": 162,
        "Cost of sales": 2301,
        "Enterprise cost management": 4604,
        "Total Operating Expenses": 7229,
        "Total revenue financing activities": 2138,
        "Net profit from business activities": 539,
        "Profit": 9,
        "Profit before tax": 548,
        "Present corporate income tax expenses": 228,
        "Deferred income taxes expenses": "N/A",
        "The interests of minority shareholders": -46,
        "Total Cost of profits": 182,
        "Profit after tax corporate income": 366,
        "Volume": 3000000,
        "Close of Quarter": 5.9,
        "EPS": 5094,
        "Non-adjusted EPS": 5094,
        "PE": 1.2,
        "Book Price": 23.2
      }
    },
    {
      "quarter": "Q4 2010",
      "income status": {
        "Net sales": 90876,
        "Cost of goods sold": 79902,
        "Gross Profit": 10974,
        "Financial expenses": 614,
        "Of which: Interest expense": 171,
        "Cost of sales": 2178,
        "Enterprise cost management": 4425,
        "Total Operating Expenses": 7217,
        "Total revenue financing activities": 7483,
        "Net profit from business activities": 11240,
        "Profit": -3,
        "Profit before tax": 11237,
        "Present corporate income tax expenses": 3455,
        "Deferred income taxes expenses": "N/A",
        "The interests of minority shareholders": 343,
        "Total Cost of profits": 3798,
        "Profit after tax corporate income": 7439,
        "Volume": 3000000,
        "Close of Quarter": 9.4,
        "EPS": 6900,
        "Non-adjusted EPS": 6900,
        "PE": 1.4,
        "Book Price": 22.4
      }
    },
    {
      "quarter": "Q3 2010",
      "income status": {
        "Net sales": 78934,
        "Cost of goods sold": 68983,
        "Gross Profit": 9950,
        "Financial expenses": 127,
        "Of which: Interest expense": -12,
        "Cost of sales": 689,
        "Enterprise cost management": 5193,
        "Total Operating Expenses": 6009,
        "Total revenue financing activities": 2070,
        "Net profit from business activities": 6011,
        "Profit": 354,
        "Profit before tax": 6364,
        "Present corporate income tax expenses": 1602,
        "Deferred income taxes expenses": "N/A",
        "The interests of minority shareholders": 298,
        "Total Cost of profits": 1900,
        "Profit after tax corporate income": 4464,
        "Volume": 3000000,
        "Close of Quarter": 12.4,
        "EPS": 4442,
        "Non-adjusted EPS": 4442,
        "PE": 2.8,
        "Book Price": 21.3
      }
    },
    {
      "quarter": "Q2 2010",
      "income status": {
        "Net sales": 45225,
        "Cost of goods sold": "N/A",
        "Gross Profit": 11494,
        "Financial expenses": "N/A",
        "Of which: Interest expense": "N/A",
        "Cost of sales": "N/A",
        "Enterprise cost management": "N/A",
        "Total Operating Expenses": 0,
        "Total revenue financing activities": "N/A",
        "Net profit from business activities": "N/A",
        "Profit": "N/A",
        "Profit before tax": 7048,
        "Present corporate income tax expenses": "N/A",
        "Deferred income taxes expenses": "N/A",
        "The interests of minority shareholders": 2017,
        "Total Cost of profits": 2017,
        "Profit after tax corporate income": 3014,
        "Volume": 3000000,
        "Close of Quarter": 17.5,
        "EPS": 2954,
        "Non-adjusted EPS": 2954,
        "PE": 5.9,
        "Book Price": 19.1
      }
    },
    {
      "quarter": "Q1 2010",
      "income status": {
        "Net sales": 10513,
        "Cost of goods sold": 3284,
        "Gross Profit": 7229,
        "Financial expenses": "N/A",
        "Of which: Interest expense": "N/A",
        "Cost of sales": "N/A",
        "Enterprise cost management": 2404,
        "Total Operating Expenses": 2404,
        "Total revenue financing activities": 935,
        "Net profit from business activities": 5760,
        "Profit": 23,
        "Profit before tax": 5783,
        "Present corporate income tax expenses": "N/A",
        "Deferred income taxes expenses": "N/A",
        "The interests of minority shareholders": "N/A",
        "Total Cost of profits": 0,
        "Profit after tax corporate income": 5783,
        "Volume": 3000000,
        "Close of Quarter": "N/A",
        "EPS": 1949,
        "Non-adjusted EPS": 1949,
        "PE": "N/A",
        "Book Price": 18.1
      }
    },
    {
      "quarter": "Q4 2009",
      "income status": {
        "Net sales": 5592,
        "Cost of goods sold": 2591,
        "Gross Profit": 3001,
        "Financial expenses": "N/A",
        "Of which: Interest expense": "N/A",
        "Cost of sales": "N/A",
        "Enterprise cost management": 2494,
        "Total Operating Expenses": 2494,
        "Total revenue financing activities": 3438,
        "Net profit from business activities": 3946,
        "Profit": "N/A",
        "Profit before tax": 3946,
        "Present corporate income tax expenses": 3881,
        "Deferred income taxes expenses": "N/A",
        "The interests of minority shareholders": "N/A",
        "Total Cost of profits": 3881,
        "Profit after tax corporate income": 65,
        "Volume": 3000000,
        "Close of Quarter": "N/A",
        "EPS": 22,
        "Non-adjusted EPS": 22,
        "PE": "N/A",
        "Book Price": 17.1
      }
    }
  ]
}