{
  "ticker": "VFR",
  "data": [
    {
      "quarter": "Q1 2017",
      "income status": {
        "Net sales": 58718,
        "Cost of goods sold": 61320,
        "Gross Profit": -2602,
        "Financial expenses": 1992,
        "Of which: Interest expense": 1927,
        "Cost of sales": "N/A",
        "Enterprise cost management": 15385,
        "Total Operating Expenses": 17377,
        "Total revenue financing activities": 45950,
        "Net profit from business activities": 25874,
        "Profit": -51,
        "Profit before tax": 25823,
        "Present corporate income tax expenses": 176,
        "Deferred income taxes expenses": "N/A",
        "The interests of minority shareholders": "N/A",
        "Total Cost of profits": 176,
        "Profit after tax corporate income": 25647,
        "Volume": 15000000,
        "Close of Quarter": 10.6,
        "EPS": 640,
        "Non-adjusted EPS": 640,
        "PE": 16.6,
        "Book Price": 17.6
      }
    },
    {
      "quarter": "Q4 2016",
      "income status": {
        "Net sales": 59467,
        "Cost of goods sold": 66699,
        "Gross Profit": -7232,
        "Financial expenses": 5997,
        "Of which: Interest expense": 2091,
        "Cost of sales": "N/A",
        "Enterprise cost management": 4582,
        "Total Operating Expenses": 10579,
        "Total revenue financing activities": 11254,
        "Net profit from business activities": -4897,
        "Profit": 1764,
        "Profit before tax": -3133,
        "Present corporate income tax expenses": 198,
        "Deferred income taxes expenses": "N/A",
        "The interests of minority shareholders": 44,
        "Total Cost of profits": 242,
        "Profit after tax corporate income": -3374,
        "Volume": 15000000,
        "Close of Quarter": 18.6,
        "EPS": -1008,
        "Non-adjusted EPS": -1008,
        "PE": -18.5,
        "Book Price": 15.8
      }
    },
    {
      "quarter": "Q3 2016",
      "income status": {
        "Net sales": 73065,
        "Cost of goods sold": 78052,
        "Gross Profit": -4987,
        "Financial expenses": 2251,
        "Of which: Interest expense": 2283,
        "Cost of sales": "N/A",
        "Enterprise cost management": 4474,
        "Total Operating Expenses": 6725,
        "Total revenue financing activities": 3377,
        "Net profit from business activities": -9250,
        "Profit": 1104,
        "Profit before tax": -8146,
        "Present corporate income tax expenses": 399,
        "Deferred income taxes expenses": "N/A",
        "The interests of minority shareholders": 523,
        "Total Cost of profits": 922,
        "Profit after tax corporate income": -9068,
        "Volume": 15000000,
        "Close of Quarter": 16.5,
        "EPS": -1680,
        "Non-adjusted EPS": -1680,
        "PE": -9.8,
        "Book Price": 17
      }
    },
    {
      "quarter": "Q2 2016",
      "income status": {
        "Net sales": 69370,
        "Cost of goods sold": 66784,
        "Gross Profit": 2586,
        "Financial expenses": 2463,
        "Of which: Interest expense": 2343,
        "Cost of sales": "N/A",
        "Enterprise cost management": 6710,
        "Total Operating Expenses": 9173,
        "Total revenue financing activities": 5778,
        "Net profit from business activities": -4278,
        "Profit": 1443,
        "Profit before tax": -2835,
        "Present corporate income tax expenses": 321,
        "Deferred income taxes expenses": "N/A",
        "The interests of minority shareholders": 456,
        "Total Cost of profits": 777,
        "Profit after tax corporate income": -3612,
        "Volume": 15000000,
        "Close of Quarter": 14.9,
        "EPS": -665,
        "Non-adjusted EPS": -665,
        "PE": -22.4,
        "Book Price": 17.9
      }
    },
    {
      "quarter": "Q1 2016",
      "income status": {
        "Net sales": 62081,
        "Cost of goods sold": 62681,
        "Gross Profit": -600,
        "Financial expenses": 2943,
        "Of which: Interest expense": 2519,
        "Cost of sales": "N/A",
        "Enterprise cost management": 4313,
        "Total Operating Expenses": 7256,
        "Total revenue financing activities": 8823,
        "Net profit from business activities": 1501,
        "Profit": -4,
        "Profit before tax": 1497,
        "Present corporate income tax expenses": 255,
        "Deferred income taxes expenses": "N/A",
        "The interests of minority shareholders": 310,
        "Total Cost of profits": 565,
        "Profit after tax corporate income": 932,
        "Volume": 15000000,
        "Close of Quarter": 14.8,
        "EPS": -893,
        "Non-adjusted EPS": -893,
        "PE": -16.6,
        "Book Price": 18.8
      }
    },
    {
      "quarter": "Q4 2015",
      "income status": {
        "Net sales": 82502,
        "Cost of goods sold": 83172,
        "Gross Profit": -670,
        "Financial expenses": 11800,
        "Of which: Interest expense": 2668,
        "Cost of sales": "N/A",
        "Enterprise cost management": 2361,
        "Total Operating Expenses": 14161,
        "Total revenue financing activities": 394,
        "Net profit from business activities": -13556,
        "Profit": 795,
        "Profit before tax": -12760,
        "Present corporate income tax expenses": 238,
        "Deferred income taxes expenses": "N/A",
        "The interests of minority shareholders": 446,
        "Total Cost of profits": 684,
        "Profit after tax corporate income": -13445,
        "Volume": 15000000,
        "Close of Quarter": 16.7,
        "EPS": -1040,
        "Non-adjusted EPS": -1040,
        "PE": -16.1,
        "Book Price": 18.7
      }
    },
    {
      "quarter": "Q3 2015",
      "income status": {
        "Net sales": 89464,
        "Cost of goods sold": 87003,
        "Gross Profit": 2461,
        "Financial expenses": 2997,
        "Of which: Interest expense": 2959,
        "Cost of sales": "N/A",
        "Enterprise cost management": 2792,
        "Total Operating Expenses": 5789,
        "Total revenue financing activities": 6961,
        "Net profit from business activities": 6048,
        "Profit": 610,
        "Profit before tax": 6659,
        "Present corporate income tax expenses": 232,
        "Deferred income taxes expenses": "N/A",
        "The interests of minority shareholders": 282,
        "Total Cost of profits": 514,
        "Profit after tax corporate income": 6145,
        "Volume": 15000000,
        "Close of Quarter": 12.6,
        "EPS": -49,
        "Non-adjusted EPS": -49,
        "PE": -257.1,
        "Book Price": 19.6
      }
    },
    {
      "quarter": "Q2 2015",
      "income status": {
        "Net sales": 95406,
        "Cost of goods sold": 98326,
        "Gross Profit": -2920,
        "Financial expenses": 10240,
        "Of which: Interest expense": 2899,
        "Cost of sales": "N/A",
        "Enterprise cost management": 3271,
        "Total Operating Expenses": 13511,
        "Total revenue financing activities": 10252,
        "Net profit from business activities": -7538,
        "Profit": 1222,
        "Profit before tax": -6316,
        "Present corporate income tax expenses": 307,
        "Deferred income taxes expenses": "N/A",
        "The interests of minority shareholders": 396,
        "Total Cost of profits": 703,
        "Profit after tax corporate income": -7020,
        "Volume": 15000000,
        "Close of Quarter": 16.1,
        "EPS": -634,
        "Non-adjusted EPS": -634,
        "PE": -25.4,
        "Book Price": 19
      }
    },
    {
      "quarter": "Q1 2015",
      "income status": {
        "Net sales": 96037,
        "Cost of goods sold": 96319,
        "Gross Profit": -282,
        "Financial expenses": 2904,
        "Of which: Interest expense": 2866,
        "Cost of sales": "N/A",
        "Enterprise cost management": 2413,
        "Total Operating Expenses": 5317,
        "Total revenue financing activities": 4370,
        "Net profit from business activities": -1229,
        "Profit": 574,
        "Profit before tax": -654,
        "Present corporate income tax expenses": 284,
        "Deferred income taxes expenses": "N/A",
        "The interests of minority shareholders": 342,
        "Total Cost of profits": 626,
        "Profit after tax corporate income": -1280,
        "Volume": 15000000,
        "Close of Quarter": 14.5,
        "EPS": -612,
        "Non-adjusted EPS": -612,
        "PE": -23.7,
        "Book Price": 19.7
      }
    },
    {
      "quarter": "Q4 2014",
      "income status": {
        "Net sales": 104035,
        "Cost of goods sold": 104615,
        "Gross Profit": -581,
        "Financial expenses": 4430,
        "Of which: Interest expense": 3900,
        "Cost of sales": "N/A",
        "Enterprise cost management": 2711,
        "Total Operating Expenses": 7141,
        "Total revenue financing activities": 9540,
        "Net profit from business activities": 1819,
        "Profit": 34,
        "Profit before tax": 1852,
        "Present corporate income tax expenses": 165,
        "Deferred income taxes expenses": "N/A",
        "The interests of minority shareholders": 261,
        "Total Cost of profits": 426,
        "Profit after tax corporate income": 1427,
        "Volume": 15000000,
        "Close of Quarter": 17.9,
        "EPS": -487,
        "Non-adjusted EPS": -487,
        "PE": -36.8,
        "Book Price": 19.1
      }
    },
    {
      "quarter": "Q3 2014",
      "income status": {
        "Net sales": 102115,
        "Cost of goods sold": 103784,
        "Gross Profit": -1669,
        "Financial expenses": 3956,
        "Of which: Interest expense": 3900,
        "Cost of sales": "N/A",
        "Enterprise cost management": 2889,
        "Total Operating Expenses": 6845,
        "Total revenue financing activities": 7064,
        "Net profit from business activities": -1450,
        "Profit": -433,
        "Profit before tax": -1883,
        "Present corporate income tax expenses": 363,
        "Deferred income taxes expenses": "N/A",
        "The interests of minority shareholders": 387,
        "Total Cost of profits": 750,
        "Profit after tax corporate income": -2634,
        "Volume": 15000000,
        "Close of Quarter": 10.3,
        "EPS": -457,
        "Non-adjusted EPS": -457,
        "PE": -22.5,
        "Book Price": 19
      }
    },
    {
      "quarter": "Q2 2014",
      "income status": {
        "Net sales": 111112,
        "Cost of goods sold": 114768,
        "Gross Profit": -3656,
        "Financial expenses": 6125,
        "Of which: Interest expense": 3173,
        "Cost of sales": "N/A",
        "Enterprise cost management": 2768,
        "Total Operating Expenses": 8893,
        "Total revenue financing activities": 4084,
        "Net profit from business activities": -6381,
        "Profit": 406,
        "Profit before tax": -5975,
        "Present corporate income tax expenses": 360,
        "Deferred income taxes expenses": "N/A",
        "The interests of minority shareholders": 360,
        "Total Cost of profits": 720,
        "Profit after tax corporate income": -6695,
        "Volume": 15000000,
        "Close of Quarter": 10.4,
        "EPS": -550,
        "Non-adjusted EPS": -550,
        "PE": -19.0,
        "Book Price": 19.9
      }
    },
    {
      "quarter": "Q1 2014",
      "income status": {
        "Net sales": 90713,
        "Cost of goods sold": 87020,
        "Gross Profit": 3694,
        "Financial expenses": 2101,
        "Of which: Interest expense": 2100,
        "Cost of sales": "N/A",
        "Enterprise cost management": 2090,
        "Total Operating Expenses": 4191,
        "Total revenue financing activities": 1844,
        "Net profit from business activities": 1346,
        "Profit": -39,
        "Profit before tax": 1307,
        "Present corporate income tax expenses": 347,
        "Deferred income taxes expenses": "N/A",
        "The interests of minority shareholders": 366,
        "Total Cost of profits": 713,
        "Profit after tax corporate income": 593,
        "Volume": 15000000,
        "Close of Quarter": 8.8,
        "EPS": 228,
        "Non-adjusted EPS": 228,
        "PE": 38.7,
        "Book Price": 20.2
      }
    },
    {
      "quarter": "Q4 2013",
      "income status": {
        "Net sales": 88319,
        "Cost of goods sold": 85353,
        "Gross Profit": 2966,
        "Financial expenses": 4529,
        "Of which: Interest expense": 4032,
        "Cost of sales": "N/A",
        "Enterprise cost management": 3380,
        "Total Operating Expenses": 7909,
        "Total revenue financing activities": 7132,
        "Net profit from business activities": 2188,
        "Profit": 316,
        "Profit before tax": 2505,
        "Present corporate income tax expenses": 308,
        "Deferred income taxes expenses": "N/A",
        "The interests of minority shareholders": 315,
        "Total Cost of profits": 623,
        "Profit after tax corporate income": 1881,
        "Volume": 15000000,
        "Close of Quarter": 5.7,
        "EPS": 228,
        "Non-adjusted EPS": 228,
        "PE": 25,
        "Book Price": 19
      }
    },
    {
      "quarter": "Q3 2013",
      "income status": {
        "Net sales": 97588,
        "Cost of goods sold": 104556,
        "Gross Profit": -6968,
        "Financial expenses": 4154,
        "Of which: Interest expense": 4135,
        "Cost of sales": "N/A",
        "Enterprise cost management": 3668,
        "Total Operating Expenses": 7822,
        "Total revenue financing activities": 4254,
        "Net profit from business activities": -10535,
        "Profit": 7117,
        "Profit before tax": -3418,
        "Present corporate income tax expenses": 321,
        "Deferred income taxes expenses": "N/A",
        "The interests of minority shareholders": 291,
        "Total Cost of profits": 612,
        "Profit after tax corporate income": -4030,
        "Volume": 15000000,
        "Close of Quarter": 5.2,
        "EPS": 183,
        "Non-adjusted EPS": 183,
        "PE": 28.5,
        "Book Price": 19
      }
    },
    {
      "quarter": "Q2 2013",
      "income status": {
        "Net sales": 105235,
        "Cost of goods sold": 107717,
        "Gross Profit": -2482,
        "Financial expenses": 8875,
        "Of which: Interest expense": 4113,
        "Cost of sales": "N/A",
        "Enterprise cost management": 3588,
        "Total Operating Expenses": 12463,
        "Total revenue financing activities": 2528,
        "Net profit from business activities": -12418,
        "Profit": 18079,
        "Profit before tax": 5661,
        "Present corporate income tax expenses": 346,
        "Deferred income taxes expenses": "N/A",
        "The interests of minority shareholders": 335,
        "Total Cost of profits": 681,
        "Profit after tax corporate income": 4981,
        "Volume": 15000000,
        "Close of Quarter": 4.1,
        "EPS": 630,
        "Non-adjusted EPS": 630,
        "PE": 6.5,
        "Book Price": 19.2
      }
    },
    {
      "quarter": "Q1 2013",
      "income status": {
        "Net sales": 100067,
        "Cost of goods sold": 98837,
        "Gross Profit": 1230,
        "Financial expenses": 4326,
        "Of which: Interest expense": 4233,
        "Cost of sales": "N/A",
        "Enterprise cost management": 2766,
        "Total Operating Expenses": 7092,
        "Total revenue financing activities": 3427,
        "Net profit from business activities": -2435,
        "Profit": 3702,
        "Profit before tax": 1267,
        "Present corporate income tax expenses": 303,
        "Deferred income taxes expenses": "N/A",
        "The interests of minority shareholders": 375,
        "Total Cost of profits": 678,
        "Profit after tax corporate income": 589,
        "Volume": 15000000,
        "Close of Quarter": 5.7,
        "EPS": 336,
        "Non-adjusted EPS": 336,
        "PE": 17.0,
        "Book Price": 19
      }
    },
    {
      "quarter": "Q4 2012",
      "income status": {
        "Net sales": 98261,
        "Cost of goods sold": 122552,
        "Gross Profit": -24290,
        "Financial expenses": 5273,
        "Of which: Interest expense": 5132,
        "Cost of sales": "N/A",
        "Enterprise cost management": 4088,
        "Total Operating Expenses": 9361,
        "Total revenue financing activities": 3552,
        "Net profit from business activities": -30100,
        "Profit": 32538,
        "Profit before tax": 2438,
        "Present corporate income tax expenses": 367,
        "Deferred income taxes expenses": 46,
        "The interests of minority shareholders": 825,
        "Total Cost of profits": 1238,
        "Profit after tax corporate income": 1200,
        "Volume": 15000000,
        "Close of Quarter": 5.8,
        "EPS": 359,
        "Non-adjusted EPS": 359,
        "PE": 16.1,
        "Book Price": 18.7
      }
    },
    {
      "quarter": "Q3 2012",
      "income status": {
        "Net sales": 124838,
        "Cost of goods sold": 121972,
        "Gross Profit": 2865,
        "Financial expenses": 5078,
        "Of which: Interest expense": 5053,
        "Cost of sales": "N/A",
        "Enterprise cost management": 4376,
        "Total Operating Expenses": 9454,
        "Total revenue financing activities": 6048,
        "Net profit from business activities": -540,
        "Profit": 3663,
        "Profit before tax": 3123,
        "Present corporate income tax expenses": 82,
        "Deferred income taxes expenses": 46,
        "The interests of minority shareholders": 311,
        "Total Cost of profits": 439,
        "Profit after tax corporate income": 2683,
        "Volume": 15000000,
        "Close of Quarter": 6.0,
        "EPS": 728,
        "Non-adjusted EPS": 728,
        "PE": 8.2,
        "Book Price": 18.6
      }
    },
    {
      "quarter": "Q2 2012",
      "income status": {
        "Net sales": 148754,
        "Cost of goods sold": 142964,
        "Gross Profit": 5790,
        "Financial expenses": 5623,
        "Of which: Interest expense": 5838,
        "Cost of sales": "N/A",
        "Enterprise cost management": 3084,
        "Total Operating Expenses": 8707,
        "Total revenue financing activities": 3563,
        "Net profit from business activities": 646,
        "Profit": 394,
        "Profit before tax": 1040,
        "Present corporate income tax expenses": 122,
        "Deferred income taxes expenses": 46,
        "The interests of minority shareholders": 301,
        "Total Cost of profits": 469,
        "Profit after tax corporate income": 571,
        "Volume": 15000000,
        "Close of Quarter": 7.6,
        "EPS": -404,
        "Non-adjusted EPS": -404,
        "PE": -18.8,
        "Book Price": 18.4
      }
    },
    {
      "quarter": "Q1 2012",
      "income status": {
        "Net sales": 131103,
        "Cost of goods sold": 124481,
        "Gross Profit": 6623,
        "Financial expenses": 6143,
        "Of which: Interest expense": 5627,
        "Cost of sales": "N/A",
        "Enterprise cost management": 2294,
        "Total Operating Expenses": 8437,
        "Total revenue financing activities": 1941,
        "Net profit from business activities": 126,
        "Profit": 1123,
        "Profit before tax": 1250,
        "Present corporate income tax expenses": 119,
        "Deferred income taxes expenses": "N/A",
        "The interests of minority shareholders": 207,
        "Total Cost of profits": 326,
        "Profit after tax corporate income": 924,
        "Volume": 15000000,
        "Close of Quarter": 9.7,
        "EPS": 4871,
        "Non-adjusted EPS": 4871,
        "PE": 2.0,
        "Book Price": 18.5
      }
    },
    {
      "quarter": "Q4 2011",
      "income status": {
        "Net sales": 124320,
        "Cost of goods sold": 108002,
        "Gross Profit": 16319,
        "Financial expenses": 11999,
        "Of which: Interest expense": 5600,
        "Cost of sales": "N/A",
        "Enterprise cost management": 2900,
        "Total Operating Expenses": 14899,
        "Total revenue financing activities": 5972,
        "Net profit from business activities": 7392,
        "Profit": -352,
        "Profit before tax": 7041,
        "Present corporate income tax expenses": 218,
        "Deferred income taxes expenses": "N/A",
        "The interests of minority shareholders": 78,
        "Total Cost of profits": 296,
        "Profit after tax corporate income": 6744,
        "Volume": 15000000,
        "Close of Quarter": 5.8,
        "EPS": 5019,
        "Non-adjusted EPS": 5019,
        "PE": 1.2,
        "Book Price": 17.9
      }
    },
    {
      "quarter": "Q3 2011",
      "income status": {
        "Net sales": 115624,
        "Cost of goods sold": 114486,
        "Gross Profit": 1138,
        "Financial expenses": 16632,
        "Of which: Interest expense": 5927,
        "Cost of sales": "N/A",
        "Enterprise cost management": 2125,
        "Total Operating Expenses": 18757,
        "Total revenue financing activities": 3402,
        "Net profit from business activities": -14217,
        "Profit": 295,
        "Profit before tax": -13922,
        "Present corporate income tax expenses": 161,
        "Deferred income taxes expenses": "N/A",
        "The interests of minority shareholders": 216,
        "Total Cost of profits": 377,
        "Profit after tax corporate income": -14299,
        "Volume": 15000000,
        "Close of Quarter": 10.8,
        "EPS": 5491,
        "Non-adjusted EPS": 5491,
        "PE": 2.0,
        "Book Price": 17.8
      }
    },
    {
      "quarter": "Q2 2011",
      "income status": {
        "Net sales": 120434,
        "Cost of goods sold": 147136,
        "Gross Profit": -26702,
        "Financial expenses": 14705,
        "Of which: Interest expense": 3320,
        "Cost of sales": "N/A",
        "Enterprise cost management": 4592,
        "Total Operating Expenses": 19297,
        "Total revenue financing activities": 5533,
        "Net profit from business activities": -40465,
        "Profit": 160556,
        "Profit before tax": 120091,
        "Present corporate income tax expenses": 40162,
        "Deferred income taxes expenses": "N/A",
        "The interests of minority shareholders": 238,
        "Total Cost of profits": 40400,
        "Profit after tax corporate income": 79691,
        "Volume": 15000000,
        "Close of Quarter": 10.2,
        "EPS": 6510,
        "Non-adjusted EPS": 6510,
        "PE": 1.6,
        "Book Price": 18.7
      }
    },
    {
      "quarter": "Q1 2011",
      "income status": {
        "Net sales": 104590,
        "Cost of goods sold": 94119,
        "Gross Profit": 10471,
        "Financial expenses": 4497,
        "Of which: Interest expense": 3624,
        "Cost of sales": "N/A",
        "Enterprise cost management": 3397,
        "Total Operating Expenses": 7894,
        "Total revenue financing activities": 1195,
        "Net profit from business activities": 3771,
        "Profit": 340,
        "Profit before tax": 4112,
        "Present corporate income tax expenses": 682,
        "Deferred income taxes expenses": "N/A",
        "The interests of minority shareholders": 282,
        "Total Cost of profits": 964,
        "Profit after tax corporate income": 3148,
        "Volume": 15000000,
        "Close of Quarter": 14.6,
        "EPS": 1646,
        "Non-adjusted EPS": 1646,
        "PE": 8.9,
        "Book Price": 14.6
      }
    },
    {
      "quarter": "Q4 2010",
      "income status": {
        "Net sales": 80539,
        "Cost of goods sold": 75219,
        "Gross Profit": 5320,
        "Financial expenses": 4938,
        "Of which: Interest expense": 2814,
        "Cost of sales": "N/A",
        "Enterprise cost management": 2609,
        "Total Operating Expenses": 7547,
        "Total revenue financing activities": 2803,
        "Net profit from business activities": 577,
        "Profit": 18018,
        "Profit before tax": 18595,
        "Present corporate income tax expenses": 4772,
        "Deferred income taxes expenses": "N/A",
        "The interests of minority shareholders": "N/A",
        "Total Cost of profits": 4772,
        "Profit after tax corporate income": 13824,
        "Volume": 15000000,
        "Close of Quarter": 20.7,
        "EPS": 1641,
        "Non-adjusted EPS": 1641,
        "PE": 12.6,
        "Book Price": 14
      }
    },
    {
      "quarter": "Q3 2010",
      "income status": {
        "Net sales": 103260,
        "Cost of goods sold": 94295,
        "Gross Profit": 8964,
        "Financial expenses": 6660,
        "Of which: Interest expense": 980,
        "Cost of sales": "N/A",
        "Enterprise cost management": 4743,
        "Total Operating Expenses": 11403,
        "Total revenue financing activities": 3322,
        "Net profit from business activities": 884,
        "Profit": 855,
        "Profit before tax": 1739,
        "Present corporate income tax expenses": 366,
        "Deferred income taxes expenses": "N/A",
        "The interests of minority shareholders": 379,
        "Total Cost of profits": 745,
        "Profit after tax corporate income": 994,
        "Volume": 15000000,
        "Close of Quarter": 25.2,
        "EPS": 1045,
        "Non-adjusted EPS": 1045,
        "PE": 24.1,
        "Book Price": 13.1
      }
    },
    {
      "quarter": "Q2 2010",
      "income status": {
        "Net sales": 68168,
        "Cost of goods sold": 64036,
        "Gross Profit": 4132,
        "Financial expenses": 987,
        "Of which: Interest expense": 967,
        "Cost of sales": "N/A",
        "Enterprise cost management": 1702,
        "Total Operating Expenses": 2689,
        "Total revenue financing activities": 6611,
        "Net profit from business activities": 8054,
        "Profit": "N/A",
        "Profit before tax": 8054,
        "Present corporate income tax expenses": 1324,
        "Deferred income taxes expenses": "N/A",
        "The interests of minority shareholders": "N/A",
        "Total Cost of profits": 1324,
        "Profit after tax corporate income": 6730,
        "Volume": 15000000,
        "Close of Quarter": 13.4,
        "EPS": 1155,
        "Non-adjusted EPS": 1155,
        "PE": 11.6,
        "Book Price": 13
      }
    },
    {
      "quarter": "Q1 2010",
      "income status": {
        "Net sales": 61660,
        "Cost of goods sold": 56733,
        "Gross Profit": 4927,
        "Financial expenses": 1033,
        "Of which: Interest expense": 958,
        "Cost of sales": "N/A",
        "Enterprise cost management": 1812,
        "Total Operating Expenses": 2845,
        "Total revenue financing activities": 1123,
        "Net profit from business activities": 3205,
        "Profit": 237,
        "Profit before tax": 3442,
        "Present corporate income tax expenses": 379,
        "Deferred income taxes expenses": "N/A",
        "The interests of minority shareholders": "N/A",
        "Total Cost of profits": 379,
        "Profit after tax corporate income": 3063,
        "Volume": 15000000,
        "Close of Quarter": 10.4,
        "EPS": 1100,
        "Non-adjusted EPS": 1100,
        "PE": 9.4,
        "Book Price": 13.3
      }
    },
    {
      "quarter": "Q4 2009",
      "income status": {
        "Net sales": 67212,
        "Cost of goods sold": 68676,
        "Gross Profit": -1463,
        "Financial expenses": 10356,
        "Of which: Interest expense": "N/A",
        "Cost of sales": "N/A",
        "Enterprise cost management": 3071,
        "Total Operating Expenses": 13427,
        "Total revenue financing activities": 20720,
        "Net profit from business activities": 5829,
        "Profit": 806,
        "Profit before tax": 6636,
        "Present corporate income tax expenses": 1745,
        "Deferred income taxes expenses": "N/A",
        "The interests of minority shareholders": "N/A",
        "Total Cost of profits": 1745,
        "Profit after tax corporate income": 4891,
        "Volume": 15000000,
        "Close of Quarter": 11.7,
        "EPS": 952,
        "Non-adjusted EPS": 952,
        "PE": 12.3,
        "Book Price": 13.1
      }
    },
    {
      "quarter": "Q3 2009",
      "income status": {
        "Net sales": 61068,
        "Cost of goods sold": 57313,
        "Gross Profit": 3755,
        "Financial expenses": 1423,
        "Of which: Interest expense": "N/A",
        "Cost of sales": "N/A",
        "Enterprise cost management": 1019,
        "Total Operating Expenses": 2442,
        "Total revenue financing activities": 923,
        "Net profit from business activities": 2235,
        "Profit": 701,
        "Profit before tax": 2937,
        "Present corporate income tax expenses": 293,
        "Deferred income taxes expenses": "N/A",
        "The interests of minority shareholders": "N/A",
        "Total Cost of profits": 293,
        "Profit after tax corporate income": 2644,
        "Volume": 15000000,
        "Close of Quarter": 16.8,
        "EPS": 681,
        "Non-adjusted EPS": 681,
        "PE": 24.7,
        "Book Price": 12.8
      }
    },
    {
      "quarter": "Q2 2009",
      "income status": {
        "Net sales": 51929,
        "Cost of goods sold": 47424,
        "Gross Profit": 4505,
        "Financial expenses": 1176,
        "Of which: Interest expense": "N/A",
        "Cost of sales": "N/A",
        "Enterprise cost management": 1027,
        "Total Operating Expenses": 2203,
        "Total revenue financing activities": 4040,
        "Net profit from business activities": 6342,
        "Profit": -48,
        "Profit before tax": 6293,
        "Present corporate income tax expenses": 393,
        "Deferred income taxes expenses": "N/A",
        "The interests of minority shareholders": "N/A",
        "Total Cost of profits": 393,
        "Profit after tax corporate income": 5901,
        "Volume": 15000000,
        "Close of Quarter": 9.8,
        "EPS": 1165,
        "Non-adjusted EPS": 1165,
        "PE": 8.4,
        "Book Price": 13.2
      }
    },
    {
      "quarter": "Q1 2009",
      "income status": {
        "Net sales": 45770,
        "Cost of goods sold": 46168,
        "Gross Profit": -397,
        "Financial expenses": 1910,
        "Of which: Interest expense": "N/A",
        "Cost of sales": "N/A",
        "Enterprise cost management": 2320,
        "Total Operating Expenses": 4230,
        "Total revenue financing activities": 5055,
        "Net profit from business activities": 428,
        "Profit": 419,
        "Profit before tax": 847,
        "Present corporate income tax expenses": "N/A",
        "Deferred income taxes expenses": "N/A",
        "The interests of minority shareholders": "N/A",
        "Total Cost of profits": 0,
        "Profit after tax corporate income": 847,
        "Volume": 15000000,
        "Close of Quarter": 7.4,
        "EPS": 1501,
        "Non-adjusted EPS": 1501,
        "PE": 4.9,
        "Book Price": 13.7
      }
    },
    {
      "quarter": "Q4 2008",
      "income status": {
        "Net sales": 52545,
        "Cost of goods sold": 42406,
        "Gross Profit": 10139,
        "Financial expenses": 14925,
        "Of which: Interest expense": "N/A",
        "Cost of sales": "N/A",
        "Enterprise cost management": 4172,
        "Total Operating Expenses": 19097,
        "Total revenue financing activities": 9774,
        "Net profit from business activities": 816,
        "Profit": 3,
        "Profit before tax": 818,
        "Present corporate income tax expenses": "N/A",
        "Deferred income taxes expenses": "N/A",
        "The interests of minority shareholders": "N/A",
        "Total Cost of profits": 0,
        "Profit after tax corporate income": 818,
        "Volume": 15000000,
        "Close of Quarter": 8,
        "EPS": 2180,
        "Non-adjusted EPS": 2180,
        "PE": 3.7,
        "Book Price": 13.8
      }
    },
    {
      "quarter": "Q3 2008",
      "income status": {
        "Net sales": 64534,
        "Cost of goods sold": 50970,
        "Gross Profit": 13564,
        "Financial expenses": 2578,
        "Of which: Interest expense": "N/A",
        "Cost of sales": "N/A",
        "Enterprise cost management": 2645,
        "Total Operating Expenses": 5223,
        "Total revenue financing activities": 1255,
        "Net profit from business activities": 9596,
        "Profit": 313,
        "Profit before tax": 9909,
        "Present corporate income tax expenses": "N/A",
        "Deferred income taxes expenses": "N/A",
        "The interests of minority shareholders": "N/A",
        "Total Cost of profits": 0,
        "Profit after tax corporate income": 9909,
        "Volume": 15000000,
        "Close of Quarter": 11.8,
        "EPS": 2551,
        "Non-adjusted EPS": 2551,
        "PE": 4.6,
        "Book Price": 13.7
      }
    },
    {
      "quarter": "Q2 2008",
      "income status": {
        "Net sales": 48381,
        "Cost of goods sold": 38802,
        "Gross Profit": 9580,
        "Financial expenses": 2287,
        "Of which: Interest expense": "N/A",
        "Cost of sales": "N/A",
        "Enterprise cost management": 2335,
        "Total Operating Expenses": 4622,
        "Total revenue financing activities": 6875,
        "Net profit from business activities": 11833,
        "Profit": "N/A",
        "Profit before tax": 11833,
        "Present corporate income tax expenses": 895,
        "Deferred income taxes expenses": "N/A",
        "The interests of minority shareholders": "N/A",
        "Total Cost of profits": 895,
        "Profit after tax corporate income": 10938,
        "Volume": 15000000,
        "Close of Quarter": 10.3,
        "EPS": 2406,
        "Non-adjusted EPS": 2406,
        "PE": 4.3,
        "Book Price": 13.1
      }
    },
    {
      "quarter": "Q1 2008",
      "income status": {
        "Net sales": 48434,
        "Cost of goods sold": 43344,
        "Gross Profit": 5090,
        "Financial expenses": 35,
        "Of which: Interest expense": "N/A",
        "Cost of sales": "N/A",
        "Enterprise cost management": "N/A",
        "Total Operating Expenses": 35,
        "Total revenue financing activities": 6874,
        "Net profit from business activities": 11929,
        "Profit": "N/A",
        "Profit before tax": 11930,
        "Present corporate income tax expenses": 895,
        "Deferred income taxes expenses": "N/A",
        "The interests of minority shareholders": "N/A",
        "Total Cost of profits": 895,
        "Profit after tax corporate income": 11035,
        "Volume": 15000000,
        "Close of Quarter": 13.7,
        "EPS": 2743,
        "Non-adjusted EPS": 2743,
        "PE": 5.0,
        "Book Price": 13.8
      }
    },
    {
      "quarter": "Q4 2007",
      "income status": {
        "Net sales": 40038,
        "Cost of goods sold": 34136,
        "Gross Profit": 5902,
        "Financial expenses": 38,
        "Of which: Interest expense": "N/A",
        "Cost of sales": "N/A",
        "Enterprise cost management": 2155,
        "Total Operating Expenses": 2193,
        "Total revenue financing activities": 5162,
        "Net profit from business activities": 8871,
        "Profit": 2,
        "Profit before tax": 8873,
        "Present corporate income tax expenses": 2485,
        "Deferred income taxes expenses": "N/A",
        "The interests of minority shareholders": "N/A",
        "Total Cost of profits": 2485,
        "Profit after tax corporate income": 6389,
        "Volume": 15000000,
        "Close of Quarter": 27.1,
        "EPS": 2396,
        "Non-adjusted EPS": 2396,
        "PE": 11.3,
        "Book Price": 13.3
      }
    },
    {
      "quarter": "Q3 2007",
      "income status": {
        "Net sales": 40209,
        "Cost of goods sold": 32067,
        "Gross Profit": 8142,
        "Financial expenses": 16,
        "Of which: Interest expense": "N/A",
        "Cost of sales": "N/A",
        "Enterprise cost management": 2542,
        "Total Operating Expenses": 2558,
        "Total revenue financing activities": 5140,
        "Net profit from business activities": 10723,
        "Profit": 5,
        "Profit before tax": 10727,
        "Present corporate income tax expenses": "N/A",
        "Deferred income taxes expenses": 3004,
        "The interests of minority shareholders": "N/A",
        "Total Cost of profits": 3004,
        "Profit after tax corporate income": 7724,
        "Volume": 15000000,
        "Close of Quarter": 25.3,
        "EPS": 2428,
        "Non-adjusted EPS": 2428,
        "PE": 10.4,
        "Book Price": 12.7
      }
    },
    {
      "quarter": "Q2 2007",
      "income status": {
        "Net sales": 66812,
        "Cost of goods sold": 46826,
        "Gross Profit": 19986,
        "Financial expenses": 19,
        "Of which: Interest expense": "N/A",
        "Cost of sales": "N/A",
        "Enterprise cost management": 11383,
        "Total Operating Expenses": 11402,
        "Total revenue financing activities": 7347,
        "Net profit from business activities": 15931,
        "Profit": 70,
        "Profit before tax": 16001,
        "Present corporate income tax expenses": "N/A",
        "Deferred income taxes expenses": "N/A",
        "The interests of minority shareholders": "N/A",
        "Total Cost of profits": 0,
        "Profit after tax corporate income": 16001,
        "Volume": 15000000,
        "Close of Quarter": 21.5,
        "EPS": 1913,
        "Non-adjusted EPS": 1913,
        "PE": 11.2,
        "Book Price": 12
      }
    },
    {
      "quarter": "Q1 2007",
      "income status": {
        "Net sales": 32205,
        "Cost of goods sold": 25583,
        "Gross Profit": 6622,
        "Financial expenses": 9,
        "Of which: Interest expense": "N/A",
        "Cost of sales": "N/A",
        "Enterprise cost management": 3672,
        "Total Operating Expenses": 3681,
        "Total revenue financing activities": 5146,
        "Net profit from business activities": 8087,
        "Profit": "N/A",
        "Profit before tax": 8087,
        "Present corporate income tax expenses": 2264,
        "Deferred income taxes expenses": "N/A",
        "The interests of minority shareholders": "N/A",
        "Total Cost of profits": 2264,
        "Profit after tax corporate income": 5823,
        "Volume": 15000000,
        "Close of Quarter": 40.7,
        "EPS": 846,
        "Non-adjusted EPS": 846,
        "PE": 48.1,
        "Book Price": 10.9
      }
    },
    {
      "quarter": "Q4 2006",
      "income status": {
        "Net sales": 31780,
        "Cost of goods sold": 21278,
        "Gross Profit": 10502,
        "Financial expenses": 450,
        "Of which: Interest expense": "N/A",
        "Cost of sales": "N/A",
        "Enterprise cost management": 3944,
        "Total Operating Expenses": 4394,
        "Total revenue financing activities": 3431,
        "Net profit from business activities": 9539,
        "Profit": "N/A",
        "Profit before tax": 9538,
        "Present corporate income tax expenses": 2671,
        "Deferred income taxes expenses": "N/A",
        "The interests of minority shareholders": "N/A",
        "Total Cost of profits": 2671,
        "Profit after tax corporate income": 6868,
        "Volume": 15000000,
        "Close of Quarter": 28.2,
        "EPS": 458,
        "Non-adjusted EPS": 458,
        "PE": 61.6,
        "Book Price": 11
      }
    }
  ]
}