{
  "ticker": "THV",
  "data": [
    {
      "quarter": "Q1 2013",
      "income status": {
        "Net sales": 30668,
        "Cost of goods sold": 28078,
        "Gross Profit": 2590,
        "Financial expenses": 36853,
        "Of which: Interest expense": 36838,
        "Cost of sales": 266,
        "Enterprise cost management": 3967,
        "Total Operating Expenses": 41086,
        "Total revenue financing activities": 437,
        "Net profit from business activities": -38058,
        "Profit": 230,
        "Profit before tax": -37829,
        "Present corporate income tax expenses": "N/A",
        "Deferred income taxes expenses": 94,
        "The interests of minority shareholders": -1,
        "Total Cost of profits": 93,
        "Profit after tax corporate income": -37922,
        "Volume": 85250000,
        "Close of Quarter": 0.9,
        "EPS": -3433,
        "Non-adjusted EPS": -3433,
        "PE": -0.3,
        "Book Price": -0.6
      }
    },
    {
      "quarter": "Q4 2012",
      "income status": {
        "Net sales": 39673,
        "Cost of goods sold": 60738,
        "Gross Profit": -21065,
        "Financial expenses": 50271,
        "Of which: Interest expense": 49301,
        "Cost of sales": 410,
        "Enterprise cost management": 15008,
        "Total Operating Expenses": 65689,
        "Total revenue financing activities": 78,
        "Net profit from business activities": -86676,
        "Profit": -602,
        "Profit before tax": -87279,
        "Present corporate income tax expenses": "N/A",
        "Deferred income taxes expenses": "N/A",
        "The interests of minority shareholders": -18993,
        "Total Cost of profits": -18993,
        "Profit after tax corporate income": -68286,
        "Volume": 85250000,
        "Close of Quarter": 0.9,
        "EPS": -4028,
        "Non-adjusted EPS": -4028,
        "PE": -0.2,
        "Book Price": 0.1
      }
    },
    {
      "quarter": "Q3 2012",
      "income status": {
        "Net sales": 61798,
        "Cost of goods sold": 72463,
        "Gross Profit": -10665,
        "Financial expenses": 56977,
        "Of which: Interest expense": 56955,
        "Cost of sales": 683,
        "Enterprise cost management": 13899,
        "Total Operating Expenses": 71559,
        "Total revenue financing activities": 10,
        "Net profit from business activities": -82214,
        "Profit": -143,
        "Profit before tax": -82357,
        "Present corporate income tax expenses": "N/A",
        "Deferred income taxes expenses": 392,
        "The interests of minority shareholders": -5781,
        "Total Cost of profits": -5389,
        "Profit after tax corporate income": -76968,
        "Volume": 55000000,
        "Close of Quarter": 1.3,
        "EPS": -5036.1,
        "Non-adjusted EPS": -7806,
        "PE": -0.2,
        "Book Price": 0.8
      }
    },
    {
      "quarter": "Q2 2012",
      "income status": {
        "Net sales": 104554,
        "Cost of goods sold": 130574,
        "Gross Profit": -26020,
        "Financial expenses": 66213,
        "Of which: Interest expense": 66329,
        "Cost of sales": 2801,
        "Enterprise cost management": 37223,
        "Total Operating Expenses": 106237,
        "Total revenue financing activities": 326,
        "Net profit from business activities": -131931,
        "Profit": 11863,
        "Profit before tax": -120068,
        "Present corporate income tax expenses": "N/A",
        "Deferred income taxes expenses": -1465,
        "The interests of minority shareholders": -9119,
        "Total Cost of profits": -10584,
        "Profit after tax corporate income": -109484,
        "Volume": 55000000,
        "Close of Quarter": 1.8,
        "EPS": -4440.7,
        "Non-adjusted EPS": -6883,
        "PE": -0.3,
        "Book Price": 1.9
      }
    },
    {
      "quarter": "Q1 2012",
      "income status": {
        "Net sales": 50459,
        "Cost of goods sold": 62734,
        "Gross Profit": -12274,
        "Financial expenses": 42906,
        "Of which: Interest expense": 42790,
        "Cost of sales": 345,
        "Enterprise cost management": 38564,
        "Total Operating Expenses": 81815,
        "Total revenue financing activities": 64,
        "Net profit from business activities": -94025,
        "Profit": 246,
        "Profit before tax": -93779,
        "Present corporate income tax expenses": "N/A",
        "Deferred income taxes expenses": -128,
        "The interests of minority shareholders": -4986,
        "Total Cost of profits": -5114,
        "Profit after tax corporate income": -88665,
        "Volume": 55000000,
        "Close of Quarter": 3.5,
        "EPS": -3005.2,
        "Non-adjusted EPS": -4658,
        "PE": -0.8,
        "Book Price": 3.2
      }
    },
    {
      "quarter": "Q4 2011",
      "income status": {
        "Net sales": 218317,
        "Cost of goods sold": 324610,
        "Gross Profit": -106293,
        "Financial expenses": 82797,
        "Of which: Interest expense": 79943,
        "Cost of sales": 3639,
        "Enterprise cost management": 42287,
        "Total Operating Expenses": 128723,
        "Total revenue financing activities": 34853,
        "Net profit from business activities": -200162,
        "Profit": 891,
        "Profit before tax": -265435,
        "Present corporate income tax expenses": "N/A",
        "Deferred income taxes expenses": 128,
        "The interests of minority shareholders": -45207,
        "Total Cost of profits": -45079,
        "Profit after tax corporate income": -154192,
        "Volume": 55000000,
        "Close of Quarter": 2.5,
        "EPS": -1703.9,
        "Non-adjusted EPS": -2641,
        "PE": -1.0,
        "Book Price": 4.5
      }
    },
    {
      "quarter": "Q3 2011",
      "income status": {
        "Net sales": 184424,
        "Cost of goods sold": 169479,
        "Gross Profit": 14945,
        "Financial expenses": 47219,
        "Of which: Interest expense": 43197,
        "Cost of sales": 4858,
        "Enterprise cost management": 5427,
        "Total Operating Expenses": 57504,
        "Total revenue financing activities": 1426,
        "Net profit from business activities": -41132,
        "Profit": 1923,
        "Profit before tax": -29865,
        "Present corporate income tax expenses": 133,
        "Deferred income taxes expenses": -84,
        "The interests of minority shareholders": -13044,
        "Total Cost of profits": -12995,
        "Profit after tax corporate income": -26214,
        "Volume": 55000000,
        "Close of Quarter": 5.7,
        "EPS": 158.7,
        "Non-adjusted EPS": 246,
        "PE": 23.2,
        "Book Price": 6.7
      }
    },
    {
      "quarter": "Q2 2011",
      "income status": {
        "Net sales": 301536,
        "Cost of goods sold": 250757,
        "Gross Profit": 50779,
        "Financial expenses": 42903,
        "Of which: Interest expense": 41256,
        "Cost of sales": 3710,
        "Enterprise cost management": 8155,
        "Total Operating Expenses": 54768,
        "Total revenue financing activities": 3026,
        "Net profit from business activities": -963,
        "Profit": 1321,
        "Profit before tax": 358,
        "Present corporate income tax expenses": 3547,
        "Deferred income taxes expenses": 84,
        "The interests of minority shareholders": -16159,
        "Total Cost of profits": -12528,
        "Profit after tax corporate income": 12886,
        "Volume": 55000000,
        "Close of Quarter": 6.9,
        "EPS": 465.8,
        "Non-adjusted EPS": 722,
        "PE": 9.5,
        "Book Price": 6.8
      }
    },
    {
      "quarter": "Q1 2011",
      "income status": {
        "Net sales": 706298,
        "Cost of goods sold": 610565,
        "Gross Profit": 95733,
        "Financial expenses": 56480,
        "Of which: Interest expense": 45406,
        "Cost of sales": 9508,
        "Enterprise cost management": 14139,
        "Total Operating Expenses": 80127,
        "Total revenue financing activities": 8835,
        "Net profit from business activities": 24440,
        "Profit": 997,
        "Profit before tax": 25438,
        "Present corporate income tax expenses": 2179,
        "Deferred income taxes expenses": 84,
        "The interests of minority shareholders": 905,
        "Total Cost of profits": 3168,
        "Profit after tax corporate income": 22269,
        "Volume": 55000000,
        "Close of Quarter": 9.6,
        "EPS": 314.8,
        "Non-adjusted EPS": 488,
        "PE": 19.7,
        "Book Price": 7.3
      }
    },
    {
      "quarter": "Q4 2010",
      "income status": {
        "Net sales": 340109,
        "Cost of goods sold": 297954,
        "Gross Profit": 42155,
        "Financial expenses": 35196,
        "Of which: Interest expense": 32663,
        "Cost of sales": 913,
        "Enterprise cost management": 2167,
        "Total Operating Expenses": 38276,
        "Total revenue financing activities": 1501,
        "Net profit from business activities": 5380,
        "Profit": 493,
        "Profit before tax": 5872,
        "Present corporate income tax expenses": 1305,
        "Deferred income taxes expenses": "N/A",
        "The interests of minority shareholders": "N/A",
        "Total Cost of profits": 1305,
        "Profit after tax corporate income": 4567,
        "Volume": 55000000,
        "Close of Quarter": 11.4,
        "EPS": 53.6,
        "Non-adjusted EPS": 83,
        "PE": 137.7,
        "Book Price": 7.0
      }
    }
  ]
}