{
  "ticker": "DIC",
  "data": [
    {
      "quarter": "Q1 2017",
      "income status": {
        "Net sales": 331346,
        "Cost of goods sold": 302559,
        "Gross Profit": 28787,
        "Financial expenses": 14733,
        "Of which: Interest expense": 14162,
        "Cost of sales": 5332,
        "Enterprise cost management": 7463,
        "Total Operating Expenses": 27528,
        "Total revenue financing activities": 231,
        "Net profit from business activities": 1490,
        "Profit": -394,
        "Profit before tax": 1096,
        "Present corporate income tax expenses": 186,
        "Deferred income taxes expenses": 219,
        "The interests of minority shareholders": 168,
        "Total Cost of profits": 573,
        "Profit after tax corporate income": 522,
        "Volume": 26585840,
        "Close of Quarter": 7.3,
        "EPS": 570,
        "Non-adjusted EPS": 570,
        "PE": 12.7,
        "Book Price": 11
      }
    },
    {
      "quarter": "Q4 2016",
      "income status": {
        "Net sales": 429297,
        "Cost of goods sold": 391141,
        "Gross Profit": 38156,
        "Financial expenses": 18775,
        "Of which: Interest expense": 13602,
        "Cost of sales": 5564,
        "Enterprise cost management": 6744,
        "Total Operating Expenses": 31083,
        "Total revenue financing activities": 3690,
        "Net profit from business activities": 10764,
        "Profit": 1539,
        "Profit before tax": 12302,
        "Present corporate income tax expenses": 184,
        "Deferred income taxes expenses": 2038,
        "The interests of minority shareholders": 985,
        "Total Cost of profits": 3207,
        "Profit after tax corporate income": 9095,
        "Volume": 26585840,
        "Close of Quarter": 5.2,
        "EPS": 599,
        "Non-adjusted EPS": 599,
        "PE": 8.8,
        "Book Price": 11.4
      }
    },
    {
      "quarter": "Q3 2016",
      "income status": {
        "Net sales": 380725,
        "Cost of goods sold": 350890,
        "Gross Profit": 29835,
        "Financial expenses": 16094,
        "Of which: Interest expense": 15993,
        "Cost of sales": 5386,
        "Enterprise cost management": 6680,
        "Total Operating Expenses": 28160,
        "Total revenue financing activities": 2854,
        "Net profit from business activities": 4529,
        "Profit": 205,
        "Profit before tax": 4735,
        "Present corporate income tax expenses": 1464,
        "Deferred income taxes expenses": -43,
        "The interests of minority shareholders": 506,
        "Total Cost of profits": 1927,
        "Profit after tax corporate income": 2808,
        "Volume": 26585840,
        "Close of Quarter": 6.4,
        "EPS": 252,
        "Non-adjusted EPS": 252,
        "PE": 25.5,
        "Book Price": 10.9
      }
    },
    {
      "quarter": "Q2 2016",
      "income status": {
        "Net sales": 559525,
        "Cost of goods sold": 531906,
        "Gross Profit": 27619,
        "Financial expenses": 19943,
        "Of which: Interest expense": 20966,
        "Cost of sales": 5819,
        "Enterprise cost management": 8275,
        "Total Operating Expenses": 34037,
        "Total revenue financing activities": 6848,
        "Net profit from business activities": 431,
        "Profit": 2285,
        "Profit before tax": 2716,
        "Present corporate income tax expenses": 782,
        "Deferred income taxes expenses": -97,
        "The interests of minority shareholders": -703,
        "Total Cost of profits": -18,
        "Profit after tax corporate income": 2734,
        "Volume": 26585840,
        "Close of Quarter": 6.8,
        "EPS": 314,
        "Non-adjusted EPS": 314,
        "PE": 21.8,
        "Book Price": 10.7
      }
    },
    {
      "quarter": "Q1 2016",
      "income status": {
        "Net sales": 506525,
        "Cost of goods sold": 476537,
        "Gross Profit": 29988,
        "Financial expenses": 15724,
        "Of which: Interest expense": 13263,
        "Cost of sales": 4262,
        "Enterprise cost management": 6233,
        "Total Operating Expenses": 26219,
        "Total revenue financing activities": 733,
        "Net profit from business activities": 4503,
        "Profit": -572,
        "Profit before tax": 3931,
        "Present corporate income tax expenses": 1228,
        "Deferred income taxes expenses": 157,
        "The interests of minority shareholders": 1263,
        "Total Cost of profits": 2648,
        "Profit after tax corporate income": 1282,
        "Volume": 26585840,
        "Close of Quarter": 6.1,
        "EPS": 411,
        "Non-adjusted EPS": 411,
        "PE": 14.8,
        "Book Price": 11.4
      }
    },
    {
      "quarter": "Q4 2015",
      "income status": {
        "Net sales": 578157,
        "Cost of goods sold": 553296,
        "Gross Profit": 24861,
        "Financial expenses": 16634,
        "Of which: Interest expense": 14747,
        "Cost of sales": 4709,
        "Enterprise cost management": 10612,
        "Total Operating Expenses": 31955,
        "Total revenue financing activities": 6889,
        "Net profit from business activities": -206,
        "Profit": 789,
        "Profit before tax": 583,
        "Present corporate income tax expenses": 738,
        "Deferred income taxes expenses": -556,
        "The interests of minority shareholders": 535,
        "Total Cost of profits": 717,
        "Profit after tax corporate income": -133,
        "Volume": 26585840,
        "Close of Quarter": 6.4,
        "EPS": 504,
        "Non-adjusted EPS": 504,
        "PE": 12.6,
        "Book Price": 11.7
      }
    },
    {
      "quarter": "Q3 2015",
      "income status": {
        "Net sales": 694918,
        "Cost of goods sold": 648311,
        "Gross Profit": 46608,
        "Financial expenses": 19502,
        "Of which: Interest expense": 15242,
        "Cost of sales": 9465,
        "Enterprise cost management": 8501,
        "Total Operating Expenses": 37468,
        "Total revenue financing activities": 1028,
        "Net profit from business activities": 10167,
        "Profit": 131,
        "Profit before tax": 10298,
        "Present corporate income tax expenses": 2230,
        "Deferred income taxes expenses": 199,
        "The interests of minority shareholders": 3416,
        "Total Cost of profits": 5845,
        "Profit after tax corporate income": 4454,
        "Volume": 25081805,
        "Close of Quarter": 6.8,
        "EPS": 556.6,
        "Non-adjusted EPS": 590,
        "PE": 11.5,
        "Book Price": 12.2
      }
    },
    {
      "quarter": "Q2 2015",
      "income status": {
        "Net sales": 1038969,
        "Cost of goods sold": 1000311,
        "Gross Profit": 38658,
        "Financial expenses": 19268,
        "Of which: Interest expense": 13237,
        "Cost of sales": 8729,
        "Enterprise cost management": 7446,
        "Total Operating Expenses": 35443,
        "Total revenue financing activities": 6327,
        "Net profit from business activities": 9543,
        "Profit": -288,
        "Profit before tax": 9255,
        "Present corporate income tax expenses": 2035,
        "Deferred income taxes expenses": 6,
        "The interests of minority shareholders": 1887,
        "Total Cost of profits": 3928,
        "Profit after tax corporate income": 5326,
        "Volume": 25081805,
        "Close of Quarter": 7.5,
        "EPS": 403.8,
        "Non-adjusted EPS": 428,
        "PE": 17.6,
        "Book Price": 11.7
      }
    },
    {
      "quarter": "Q1 2015",
      "income status": {
        "Net sales": 769122,
        "Cost of goods sold": 733176,
        "Gross Profit": 35946,
        "Financial expenses": 16693,
        "Of which: Interest expense": 14830,
        "Cost of sales": 6124,
        "Enterprise cost management": 6712,
        "Total Operating Expenses": 29529,
        "Total revenue financing activities": 860,
        "Net profit from business activities": 7278,
        "Profit": -432,
        "Profit before tax": 6846,
        "Present corporate income tax expenses": 1452,
        "Deferred income taxes expenses": 299,
        "The interests of minority shareholders": 1352,
        "Total Cost of profits": 3103,
        "Profit after tax corporate income": 3742,
        "Volume": 17081805,
        "Close of Quarter": 7.4,
        "EPS": 284.0,
        "Non-adjusted EPS": 442,
        "PE": 16.8,
        "Book Price": 11.5
      }
    },
    {
      "quarter": "Q4 2014",
      "income status": {
        "Net sales": 780292,
        "Cost of goods sold": 748701,
        "Gross Profit": 31591,
        "Financial expenses": 14193,
        "Of which: Interest expense": 12085,
        "Cost of sales": 7730,
        "Enterprise cost management": 9349,
        "Total Operating Expenses": 31272,
        "Total revenue financing activities": 1460,
        "Net profit from business activities": 1780,
        "Profit": 669,
        "Profit before tax": 2448,
        "Present corporate income tax expenses": 598,
        "Deferred income taxes expenses": 332,
        "The interests of minority shareholders": 233,
        "Total Cost of profits": 1163,
        "Profit after tax corporate income": 1286,
        "Volume": 17081805,
        "Close of Quarter": 7.9,
        "EPS": 188.9,
        "Non-adjusted EPS": 294,
        "PE": 26.8,
        "Book Price": 8.8
      }
    },
    {
      "quarter": "Q3 2014",
      "income status": {
        "Net sales": 735083,
        "Cost of goods sold": 703623,
        "Gross Profit": 31461,
        "Financial expenses": 14596,
        "Of which: Interest expense": 14220,
        "Cost of sales": 7219,
        "Enterprise cost management": 9183,
        "Total Operating Expenses": 30998,
        "Total revenue financing activities": 2749,
        "Net profit from business activities": 3211,
        "Profit": 2722,
        "Profit before tax": 5933,
        "Present corporate income tax expenses": 3098,
        "Deferred income taxes expenses": -126,
        "The interests of minority shareholders": 2573,
        "Total Cost of profits": 5545,
        "Profit after tax corporate income": 388,
        "Volume": 16516865,
        "Close of Quarter": 8.3,
        "EPS": 211.9,
        "Non-adjusted EPS": 341,
        "PE": 24.2,
        "Book Price": 8.5
      }
    },
    {
      "quarter": "Q2 2014",
      "income status": {
        "Net sales": 783024,
        "Cost of goods sold": 754141,
        "Gross Profit": 28883,
        "Financial expenses": 15196,
        "Of which: Interest expense": 12327,
        "Cost of sales": 5004,
        "Enterprise cost management": 6756,
        "Total Operating Expenses": 26956,
        "Total revenue financing activities": 3258,
        "Net profit from business activities": 5186,
        "Profit": -23,
        "Profit before tax": 5163,
        "Present corporate income tax expenses": 1928,
        "Deferred income taxes expenses": -208,
        "The interests of minority shareholders": 1310,
        "Total Cost of profits": 3030,
        "Profit after tax corporate income": 2133,
        "Volume": 16516865,
        "Close of Quarter": 6.8,
        "EPS": 451.0,
        "Non-adjusted EPS": 726,
        "PE": 9.4,
        "Book Price": 8.0
      }
    },
    {
      "quarter": "Q1 2014",
      "income status": {
        "Net sales": 610528,
        "Cost of goods sold": 584882,
        "Gross Profit": 25646,
        "Financial expenses": 9110,
        "Of which: Interest expense": 8764,
        "Cost of sales": 5151,
        "Enterprise cost management": 7578,
        "Total Operating Expenses": 21839,
        "Total revenue financing activities": 802,
        "Net profit from business activities": 4610,
        "Profit": 644,
        "Profit before tax": 5254,
        "Present corporate income tax expenses": 1928,
        "Deferred income taxes expenses": 207,
        "The interests of minority shareholders": 1897,
        "Total Cost of profits": 4032,
        "Profit after tax corporate income": 1222,
        "Volume": 16516865,
        "Close of Quarter": 8.8,
        "EPS": 435.5,
        "Non-adjusted EPS": 701,
        "PE": 12.5,
        "Book Price": 8.6
      }
    },
    {
      "quarter": "Q4 2013",
      "income status": {
        "Net sales": 582618,
        "Cost of goods sold": 562736,
        "Gross Profit": 19882,
        "Financial expenses": 12511,
        "Of which: Interest expense": 10649,
        "Cost of sales": 5948,
        "Enterprise cost management": 5601,
        "Total Operating Expenses": 24060,
        "Total revenue financing activities": 3222,
        "Net profit from business activities": -954,
        "Profit": 2878,
        "Profit before tax": 1924,
        "Present corporate income tax expenses": 376,
        "Deferred income taxes expenses": -348,
        "The interests of minority shareholders": "N/A",
        "Total Cost of profits": 28,
        "Profit after tax corporate income": 1896,
        "Volume": 16516865,
        "Close of Quarter": 5.9,
        "EPS": 395.8,
        "Non-adjusted EPS": 637,
        "PE": 9.3,
        "Book Price": 7.8
      }
    },
    {
      "quarter": "Q3 2013",
      "income status": {
        "Net sales": 765487,
        "Cost of goods sold": 732789,
        "Gross Profit": 32698,
        "Financial expenses": 11802,
        "Of which: Interest expense": 10099,
        "Cost of sales": 5041,
        "Enterprise cost management": 5524,
        "Total Operating Expenses": 22367,
        "Total revenue financing activities": 2506,
        "Net profit from business activities": 12837,
        "Profit": 1658,
        "Profit before tax": 14495,
        "Present corporate income tax expenses": 3568,
        "Deferred income taxes expenses": -111,
        "The interests of minority shareholders": 4294,
        "Total Cost of profits": 7751,
        "Profit after tax corporate income": 6744,
        "Volume": 15881129,
        "Close of Quarter": 4.7,
        "EPS": 444.4,
        "Non-adjusted EPS": 744,
        "PE": 6.3,
        "Book Price": 7.7
      }
    },
    {
      "quarter": "Q2 2013",
      "income status": {
        "Net sales": 865803,
        "Cost of goods sold": 837901,
        "Gross Profit": 27902,
        "Financial expenses": 15056,
        "Of which: Interest expense": 11238,
        "Cost of sales": 5977,
        "Enterprise cost management": 6651,
        "Total Operating Expenses": 27684,
        "Total revenue financing activities": 6252,
        "Net profit from business activities": 6470,
        "Profit": 313,
        "Profit before tax": 5803,
        "Present corporate income tax expenses": 1860,
        "Deferred income taxes expenses": 197,
        "The interests of minority shareholders": 2036,
        "Total Cost of profits": 4093,
        "Profit after tax corporate income": 1710,
        "Volume": 15881129,
        "Close of Quarter": 4.8,
        "EPS": 283.2,
        "Non-adjusted EPS": 474,
        "PE": 10.2,
        "Book Price": 7.5
      }
    },
    {
      "quarter": "Q1 2013",
      "income status": {
        "Net sales": 397227,
        "Cost of goods sold": 383119,
        "Gross Profit": 14108,
        "Financial expenses": 8728,
        "Of which: Interest expense": 8209,
        "Cost of sales": 3621,
        "Enterprise cost management": 3717,
        "Total Operating Expenses": 16066,
        "Total revenue financing activities": 900,
        "Net profit from business activities": -1058,
        "Profit": 181,
        "Profit before tax": 104,
        "Present corporate income tax expenses": 237,
        "Deferred income taxes expenses": -224,
        "The interests of minority shareholders": -83,
        "Total Cost of profits": -70,
        "Profit after tax corporate income": 174,
        "Volume": 15881129,
        "Close of Quarter": 5.1,
        "EPS": 216.2,
        "Non-adjusted EPS": 362,
        "PE": 14.1,
        "Book Price": 7.5
      }
    },
    {
      "quarter": "Q4 2012",
      "income status": {
        "Net sales": 393549,
        "Cost of goods sold": 373230,
        "Gross Profit": 20319,
        "Financial expenses": 8716,
        "Of which: Interest expense": 8632,
        "Cost of sales": 3874,
        "Enterprise cost management": 5175,
        "Total Operating Expenses": 17765,
        "Total revenue financing activities": 119,
        "Net profit from business activities": 2674,
        "Profit": 2710,
        "Profit before tax": 6699,
        "Present corporate income tax expenses": 3628,
        "Deferred income taxes expenses": "N/A",
        "The interests of minority shareholders": -110,
        "Total Cost of profits": 3518,
        "Profit after tax corporate income": 3180,
        "Volume": 15881129,
        "Close of Quarter": 5.1,
        "EPS": 221.6,
        "Non-adjusted EPS": 371,
        "PE": 13.8,
        "Book Price": 7.5
      }
    },
    {
      "quarter": "Q3 2012",
      "income status": {
        "Net sales": 164712,
        "Cost of goods sold": 145863,
        "Gross Profit": 18849,
        "Financial expenses": 8701,
        "Of which: Interest expense": 8603,
        "Cost of sales": 3357,
        "Enterprise cost management": 4118,
        "Total Operating Expenses": 16176,
        "Total revenue financing activities": 286,
        "Net profit from business activities": 2959,
        "Profit": -681,
        "Profit before tax": 3645,
        "Present corporate income tax expenses": 1285,
        "Deferred income taxes expenses": "N/A",
        "The interests of minority shareholders": -108,
        "Total Cost of profits": 1177,
        "Profit after tax corporate income": 2468,
        "Volume": 15911129,
        "Close of Quarter": 4.5,
        "EPS": 146.0,
        "Non-adjusted EPS": 244,
        "PE": 18.5,
        "Book Price": 7.3
      }
    },
    {
      "quarter": "Q2 2012",
      "income status": {
        "Net sales": 268881,
        "Cost of goods sold": 248145,
        "Gross Profit": 20736,
        "Financial expenses": 12773,
        "Of which: Interest expense": 12533,
        "Cost of sales": 3024,
        "Enterprise cost management": 5191,
        "Total Operating Expenses": 20988,
        "Total revenue financing activities": 676,
        "Net profit from business activities": 425,
        "Profit": 1283,
        "Profit before tax": 367,
        "Present corporate income tax expenses": -594,
        "Deferred income taxes expenses": 1011,
        "The interests of minority shareholders": 22,
        "Total Cost of profits": 439,
        "Profit after tax corporate income": -72,
        "Volume": 14465060,
        "Close of Quarter": 6.6,
        "EPS": 240.5,
        "Non-adjusted EPS": 442,
        "PE": 15,
        "Book Price": 7.9
      }
    },
    {
      "quarter": "Q1 2012",
      "income status": {
        "Net sales": 367796,
        "Cost of goods sold": 346056,
        "Gross Profit": 21740,
        "Financial expenses": 12755,
        "Of which: Interest expense": 11898,
        "Cost of sales": 2872,
        "Enterprise cost management": 4179,
        "Total Operating Expenses": 19806,
        "Total revenue financing activities": 1574,
        "Net profit from business activities": 3507,
        "Profit": -2030,
        "Profit before tax": 1027,
        "Present corporate income tax expenses": 819,
        "Deferred income taxes expenses": "N/A",
        "The interests of minority shareholders": -105,
        "Total Cost of profits": 714,
        "Profit after tax corporate income": 313,
        "Volume": 14465060,
        "Close of Quarter": 6.4,
        "EPS": 383.0,
        "Non-adjusted EPS": 704,
        "PE": 9.1,
        "Book Price": 7.8
      }
    },
    {
      "quarter": "Q4 2011",
      "income status": {
        "Net sales": 283312,
        "Cost of goods sold": 267224,
        "Gross Profit": 16088,
        "Financial expenses": 11904,
        "Of which: Interest expense": 8276,
        "Cost of sales": 3558,
        "Enterprise cost management": 4417,
        "Total Operating Expenses": 19879,
        "Total revenue financing activities": 3991,
        "Net profit from business activities": 199,
        "Profit": 89,
        "Profit before tax": 1353,
        "Present corporate income tax expenses": 212,
        "Deferred income taxes expenses": -15,
        "The interests of minority shareholders": -11,
        "Total Cost of profits": 186,
        "Profit after tax corporate income": 1167,
        "Volume": 15000000,
        "Close of Quarter": 4.1,
        "EPS": 655.1,
        "Non-adjusted EPS": 1161,
        "PE": 3.6,
        "Book Price": 7.9
      }
    },
    {
      "quarter": "Q3 2011",
      "income status": {
        "Net sales": 261255,
        "Cost of goods sold": 241355,
        "Gross Profit": 19901,
        "Financial expenses": 10395,
        "Of which: Interest expense": 9697,
        "Cost of sales": 3061,
        "Enterprise cost management": 3789,
        "Total Operating Expenses": 17245,
        "Total revenue financing activities": 1840,
        "Net profit from business activities": 4495,
        "Profit": -114,
        "Profit before tax": 5605,
        "Present corporate income tax expenses": 530,
        "Deferred income taxes expenses": "N/A",
        "The interests of minority shareholders": 89,
        "Total Cost of profits": 619,
        "Profit after tax corporate income": 4987,
        "Volume": 15000000,
        "Close of Quarter": 6.3,
        "EPS": 1142.5,
        "Non-adjusted EPS": 2025,
        "PE": 3.1,
        "Book Price": 8.0
      }
    },
    {
      "quarter": "Q2 2011",
      "income status": {
        "Net sales": 264807,
        "Cost of goods sold": 242205,
        "Gross Profit": 22602,
        "Financial expenses": 22866,
        "Of which: Interest expense": 10541,
        "Cost of sales": 2218,
        "Enterprise cost management": 4616,
        "Total Operating Expenses": 29700,
        "Total revenue financing activities": 12309,
        "Net profit from business activities": 5212,
        "Profit": -201,
        "Profit before tax": 4367,
        "Present corporate income tax expenses": 481,
        "Deferred income taxes expenses": 91,
        "The interests of minority shareholders": 79,
        "Total Cost of profits": 651,
        "Profit after tax corporate income": 3716,
        "Volume": 15000000,
        "Close of Quarter": 6.0,
        "EPS": 1075.4,
        "Non-adjusted EPS": 1906,
        "PE": 3.1,
        "Book Price": 7.9
      }
    },
    {
      "quarter": "Q1 2011",
      "income status": {
        "Net sales": 209944,
        "Cost of goods sold": 190229,
        "Gross Profit": 19715,
        "Financial expenses": 12021,
        "Of which: Interest expense": 9856,
        "Cost of sales": 2984,
        "Enterprise cost management": 1686,
        "Total Operating Expenses": 16691,
        "Total revenue financing activities": 3484,
        "Net profit from business activities": 6508,
        "Profit": 270,
        "Profit before tax": 8434,
        "Present corporate income tax expenses": 1013,
        "Deferred income taxes expenses": "N/A",
        "The interests of minority shareholders": -126,
        "Total Cost of profits": 887,
        "Profit after tax corporate income": 7547,
        "Volume": 12500000,
        "Close of Quarter": 8.5,
        "EPS": 1147.7,
        "Non-adjusted EPS": 2441,
        "PE": 3.5,
        "Book Price": 7.2
      }
    },
    {
      "quarter": "Q4 2010",
      "income status": {
        "Net sales": 453762,
        "Cost of goods sold": 435170,
        "Gross Profit": 18592,
        "Financial expenses": 14259,
        "Of which: Interest expense": 2629,
        "Cost of sales": 3072,
        "Enterprise cost management": 4491,
        "Total Operating Expenses": 21822,
        "Total revenue financing activities": 20246,
        "Net profit from business activities": 17016,
        "Profit": -1035,
        "Profit before tax": 16118,
        "Present corporate income tax expenses": 2029,
        "Deferred income taxes expenses": "N/A",
        "The interests of minority shareholders": -36,
        "Total Cost of profits": 1993,
        "Profit after tax corporate income": 14125,
        "Volume": 12500000,
        "Close of Quarter": 11.5,
        "EPS": 1033.0,
        "Non-adjusted EPS": 2197,
        "PE": 5.2,
        "Book Price": 8.0
      }
    },
    {
      "quarter": "Q3 2010",
      "income status": {
        "Net sales": 193257,
        "Cost of goods sold": 173554,
        "Gross Profit": 19703,
        "Financial expenses": 19243,
        "Of which: Interest expense": 8880,
        "Cost of sales": 2491,
        "Enterprise cost management": 4066,
        "Total Operating Expenses": 25800,
        "Total revenue financing activities": 12003,
        "Net profit from business activities": 5905,
        "Profit": -904,
        "Profit before tax": 4021,
        "Present corporate income tax expenses": 762,
        "Deferred income taxes expenses": "N/A",
        "The interests of minority shareholders": 61,
        "Total Cost of profits": 823,
        "Profit after tax corporate income": 3197,
        "Volume": 12500000,
        "Close of Quarter": 14.0,
        "EPS": 807.8,
        "Non-adjusted EPS": 1718,
        "PE": 8.1,
        "Book Price": 7.3
      }
    },
    {
      "quarter": "Q2 2010",
      "income status": {
        "Net sales": 235821,
        "Cost of goods sold": 215044,
        "Gross Profit": 20777,
        "Financial expenses": 6128,
        "Of which: Interest expense": 7045,
        "Cost of sales": 2273,
        "Enterprise cost management": 5691,
        "Total Operating Expenses": 14092,
        "Total revenue financing activities": -2546,
        "Net profit from business activities": 4139,
        "Profit": 546,
        "Profit before tax": 5730,
        "Present corporate income tax expenses": 24,
        "Deferred income taxes expenses": "N/A",
        "The interests of minority shareholders": 66,
        "Total Cost of profits": 90,
        "Profit after tax corporate income": 5640,
        "Volume": 12500000,
        "Close of Quarter": 20.5,
        "EPS": 970.9,
        "Non-adjusted EPS": 2065,
        "PE": 9.9,
        "Book Price": 6.5
      }
    },
    {
      "quarter": "Q1 2010",
      "income status": {
        "Net sales": 233426,
        "Cost of goods sold": 216113,
        "Gross Profit": 17314,
        "Financial expenses": 7780,
        "Of which: Interest expense": 6155,
        "Cost of sales": 1882,
        "Enterprise cost management": 5350,
        "Total Operating Expenses": 15012,
        "Total revenue financing activities": 2649,
        "Net profit from business activities": 4951,
        "Profit": -6,
        "Profit before tax": 5782,
        "Present corporate income tax expenses": 1284,
        "Deferred income taxes expenses": "N/A",
        "The interests of minority shareholders": 3,
        "Total Cost of profits": 1287,
        "Profit after tax corporate income": 4495,
        "Volume": 8200000,
        "Close of Quarter": 10.3,
        "EPS": 872.9,
        "Non-adjusted EPS": 2830,
        "PE": 3.7,
        "Book Price": 4.9
      }
    },
    {
      "quarter": "Q4 2009",
      "income status": {
        "Net sales": 238982,
        "Cost of goods sold": 221145,
        "Gross Profit": 17837,
        "Financial expenses": 3536,
        "Of which: Interest expense": 3681,
        "Cost of sales": 1447,
        "Enterprise cost management": 6083,
        "Total Operating Expenses": 11066,
        "Total revenue financing activities": 2158,
        "Net profit from business activities": 8930,
        "Profit": 104,
        "Profit before tax": 8970,
        "Present corporate income tax expenses": 776,
        "Deferred income taxes expenses": "N/A",
        "The interests of minority shareholders": 51,
        "Total Cost of profits": 827,
        "Profit after tax corporate income": 8142,
        "Volume": 8200000,
        "Close of Quarter": 9.7,
        "EPS": 718.3,
        "Non-adjusted EPS": 2329,
        "PE": 4.1,
        "Book Price": 4.8
      }
    },
    {
      "quarter": "Q3 2009",
      "income status": {
        "Net sales": 214700,
        "Cost of goods sold": 197895,
        "Gross Profit": 16805,
        "Financial expenses": 2665,
        "Of which: Interest expense": 1159,
        "Cost of sales": 1117,
        "Enterprise cost management": 5445,
        "Total Operating Expenses": 9227,
        "Total revenue financing activities": 888,
        "Net profit from business activities": 8466,
        "Profit": -127,
        "Profit before tax": 8339,
        "Present corporate income tax expenses": 725,
        "Deferred income taxes expenses": "N/A",
        "The interests of minority shareholders": 78,
        "Total Cost of profits": 803,
        "Profit after tax corporate income": 7535,
        "Volume": 8200000,
        "Close of Quarter": 9.7,
        "EPS": 269.3,
        "Non-adjusted EPS": 873,
        "PE": 11.1,
        "Book Price": 4.5
      }
    },
    {
      "quarter": "Q2 2009",
      "income status": {
        "Net sales": 185465,
        "Cost of goods sold": 174027,
        "Gross Profit": 11438,
        "Financial expenses": 4115,
        "Of which: Interest expense": 902,
        "Cost of sales": 1008,
        "Enterprise cost management": 4289,
        "Total Operating Expenses": 9412,
        "Total revenue financing activities": 2027,
        "Net profit from business activities": 4054,
        "Profit": -9,
        "Profit before tax": 3403,
        "Present corporate income tax expenses": 369,
        "Deferred income taxes expenses": "N/A",
        "The interests of minority shareholders": "N/A",
        "Total Cost of profits": 369,
        "Profit after tax corporate income": 3034,
        "Volume": 6769955,
        "Close of Quarter": 6.0,
        "EPS": 369.2,
        "Non-adjusted EPS": 1450,
        "PE": 4.2,
        "Book Price": 4.2
      }
    },
    {
      "quarter": "Q1 2009",
      "income status": {
        "Net sales": 82064,
        "Cost of goods sold": 75191,
        "Gross Profit": 6872,
        "Financial expenses": 2756,
        "Of which: Interest expense": 1187,
        "Cost of sales": 564,
        "Enterprise cost management": 3274,
        "Total Operating Expenses": 6594,
        "Total revenue financing activities": 158,
        "Net profit from business activities": 436,
        "Profit": -4,
        "Profit before tax": 432,
        "Present corporate income tax expenses": 57,
        "Deferred income taxes expenses": "N/A",
        "The interests of minority shareholders": -9,
        "Total Cost of profits": 48,
        "Profit after tax corporate income": 384,
        "Volume": 6769955,
        "Close of Quarter": 4.7,
        "EPS": 489.4,
        "Non-adjusted EPS": 1922,
        "PE": 2.4,
        "Book Price": 4.2
      }
    },
    {
      "quarter": "Q4 2008",
      "income status": {
        "Net sales": 154739,
        "Cost of goods sold": 147024,
        "Gross Profit": 7715,
        "Financial expenses": 13549,
        "Of which: Interest expense": 4321,
        "Cost of sales": 1056,
        "Enterprise cost management": 2375,
        "Total Operating Expenses": 16980,
        "Total revenue financing activities": 4290,
        "Net profit from business activities": -4976,
        "Profit": 190,
        "Profit before tax": -4786,
        "Present corporate income tax expenses": -410,
        "Deferred income taxes expenses": "N/A",
        "The interests of minority shareholders": -584,
        "Total Cost of profits": -994,
        "Profit after tax corporate income": -3792,
        "Volume": 5599955,
        "Close of Quarter": 4.7,
        "EPS": 678.0,
        "Non-adjusted EPS": 3219,
        "PE": 1.5,
        "Book Price": 3.5
      }
    },
    {
      "quarter": "Q3 2008",
      "income status": {
        "Net sales": 193681,
        "Cost of goods sold": 171687,
        "Gross Profit": 21994,
        "Financial expenses": 6994,
        "Of which: Interest expense": 5077,
        "Cost of sales": 1408,
        "Enterprise cost management": 3363,
        "Total Operating Expenses": 11765,
        "Total revenue financing activities": 3030,
        "Net profit from business activities": 13259,
        "Profit": 81,
        "Profit before tax": 13340,
        "Present corporate income tax expenses": 1217,
        "Deferred income taxes expenses": "N/A",
        "The interests of minority shareholders": 1932,
        "Total Cost of profits": 3149,
        "Profit after tax corporate income": 10191,
        "Volume": 5599955,
        "Close of Quarter": 6.2,
        "EPS": 975.5,
        "Non-adjusted EPS": 4631,
        "PE": 1.3,
        "Book Price": 3.7
      }
    },
    {
      "quarter": "Q2 2008",
      "income status": {
        "Net sales": 191894,
        "Cost of goods sold": 177724,
        "Gross Profit": 14169,
        "Financial expenses": 2891,
        "Of which: Interest expense": "N/A",
        "Cost of sales": 799,
        "Enterprise cost management": 5082,
        "Total Operating Expenses": 8772,
        "Total revenue financing activities": 1782,
        "Net profit from business activities": 7179,
        "Profit": 2,
        "Profit before tax": 7181,
        "Present corporate income tax expenses": 880,
        "Deferred income taxes expenses": "N/A",
        "The interests of minority shareholders": 75,
        "Total Cost of profits": 955,
        "Profit after tax corporate income": 6226,
        "Volume": 3359955,
        "Close of Quarter": 6.2,
        "EPS": 725.4,
        "Non-adjusted EPS": 5740,
        "PE": 1.1,
        "Book Price": 2.5
      }
    },
    {
      "quarter": "Q1 2008",
      "income status": {
        "Net sales": 120423,
        "Cost of goods sold": 111958,
        "Gross Profit": 8465,
        "Financial expenses": 595,
        "Of which: Interest expense": 365,
        "Cost of sales": 287,
        "Enterprise cost management": 1319,
        "Total Operating Expenses": 2201,
        "Total revenue financing activities": 252,
        "Net profit from business activities": 6517,
        "Profit": -236,
        "Profit before tax": 6280,
        "Present corporate income tax expenses": 873,
        "Deferred income taxes expenses": "N/A",
        "The interests of minority shareholders": 4,
        "Total Cost of profits": 877,
        "Profit after tax corporate income": 5403,
        "Volume": 3359955,
        "Close of Quarter": 8.5,
        "EPS": 641.8,
        "Non-adjusted EPS": 5078,
        "PE": 1.7,
        "Book Price": 2.5
      }
    },
    {
      "quarter": "Q4 2007",
      "income status": {
        "Net sales": 134661,
        "Cost of goods sold": 126591,
        "Gross Profit": 8069,
        "Financial expenses": 1193,
        "Of which: Interest expense": "N/A",
        "Cost of sales": 544,
        "Enterprise cost management": 2001,
        "Total Operating Expenses": 3738,
        "Total revenue financing activities": 99,
        "Net profit from business activities": 4430,
        "Profit": 356,
        "Profit before tax": 4786,
        "Present corporate income tax expenses": 670,
        "Deferred income taxes expenses": "N/A",
        "The interests of minority shareholders": "N/A",
        "Total Cost of profits": 670,
        "Profit after tax corporate income": 4116,
        "Volume": 3359955,
        "Close of Quarter": 14.6,
        "EPS": 515.9,
        "Non-adjusted EPS": 4082,
        "PE": 3.6,
        "Book Price": 2.3
      }
    },
    {
      "quarter": "Q3 2007",
      "income status": {
        "Net sales": 135151,
        "Cost of goods sold": 128953,
        "Gross Profit": 6197,
        "Financial expenses": 2216,
        "Of which: Interest expense": 1732,
        "Cost of sales": 473,
        "Enterprise cost management": 1017,
        "Total Operating Expenses": 3706,
        "Total revenue financing activities": 1301,
        "Net profit from business activities": 3792,
        "Profit": 325,
        "Profit before tax": 4116,
        "Present corporate income tax expenses": 576,
        "Deferred income taxes expenses": "N/A",
        "The interests of minority shareholders": "N/A",
        "Total Cost of profits": 576,
        "Profit after tax corporate income": 3540,
        "Volume": 3359955,
        "Close of Quarter": 11.8,
        "EPS": 464.0,
        "Non-adjusted EPS": 3671,
        "PE": 3.2,
        "Book Price": 2.1
      }
    },
    {
      "quarter": "Q2 2007",
      "income status": {
        "Net sales": 219113,
        "Cost of goods sold": 212453,
        "Gross Profit": 6660,
        "Financial expenses": 1365,
        "Of which: Interest expense": 1250,
        "Cost of sales": 159,
        "Enterprise cost management": 1217,
        "Total Operating Expenses": 2741,
        "Total revenue financing activities": 629,
        "Net profit from business activities": 4547,
        "Profit": 106,
        "Profit before tax": 4653,
        "Present corporate income tax expenses": 651,
        "Deferred income taxes expenses": "N/A",
        "The interests of minority shareholders": "N/A",
        "Total Cost of profits": 651,
        "Profit after tax corporate income": 4002,
        "Volume": 3200000,
        "Close of Quarter": 9.0,
        "EPS": 386.7,
        "Non-adjusted EPS": 3213,
        "PE": 2.8,
        "Book Price": 2.0
      }
    },
    {
      "quarter": "Q1 2007",
      "income status": {
        "Net sales": 103361,
        "Cost of goods sold": 99796,
        "Gross Profit": 3566,
        "Financial expenses": 548,
        "Of which: Interest expense": 656,
        "Cost of sales": 87,
        "Enterprise cost management": 918,
        "Total Operating Expenses": 1553,
        "Total revenue financing activities": "N/A",
        "Net profit from business activities": 2013,
        "Profit": 378,
        "Profit before tax": 2390,
        "Present corporate income tax expenses": 335,
        "Deferred income taxes expenses": "N/A",
        "The interests of minority shareholders": "N/A",
        "Total Cost of profits": 335,
        "Profit after tax corporate income": 2056,
        "Volume": 3200000,
        "Close of Quarter": 11.0,
        "EPS": 334.0,
        "Non-adjusted EPS": 2775,
        "PE": 4.0,
        "Book Price": 1.9
      }
    },
    {
      "quarter": "Q4 2006",
      "income status": {
        "Net sales": 121660,
        "Cost of goods sold": 117566,
        "Gross Profit": 4095,
        "Financial expenses": 1045,
        "Of which: Interest expense": 639,
        "Cost of sales": 321,
        "Enterprise cost management": 1586,
        "Total Operating Expenses": 2952,
        "Total revenue financing activities": 833,
        "Net profit from business activities": 1975,
        "Profit": 761,
        "Profit before tax": 2737,
        "Present corporate income tax expenses": "N/A",
        "Deferred income taxes expenses": "N/A",
        "The interests of minority shareholders": "N/A",
        "Total Cost of profits": 0,
        "Profit after tax corporate income": 2737,
        "Volume": 3200000,
        "Close of Quarter": 8.4,
        "EPS": 324.5,
        "Non-adjusted EPS": 2696,
        "PE": 3.1,
        "Book Price": 2.0
      }
    },
    {
      "quarter": "Q3 2006",
      "income status": {
        "Net sales": 98945,
        "Cost of goods sold": 95143,
        "Gross Profit": 3802,
        "Financial expenses": 1108,
        "Of which: Interest expense": 788,
        "Cost of sales": 229,
        "Enterprise cost management": 893,
        "Total Operating Expenses": 2230,
        "Total revenue financing activities": 169,
        "Net profit from business activities": 1741,
        "Profit": -256,
        "Profit before tax": 1486,
        "Present corporate income tax expenses": "N/A",
        "Deferred income taxes expenses": "N/A",
        "The interests of minority shareholders": "N/A",
        "Total Cost of profits": 0,
        "Profit after tax corporate income": 1486,
        "Volume": 3200000,
        "Close of Quarter": "N/A",
        "EPS": 221.6,
        "Non-adjusted EPS": 1841,
        "PE": "N/A",
        "Book Price": 1.9
      }
    },
    {
      "quarter": "Q2 2006",
      "income status": {
        "Net sales": 133960,
        "Cost of goods sold": 130779,
        "Gross Profit": 3181,
        "Financial expenses": 692,
        "Of which: Interest expense": 588,
        "Cost of sales": 121,
        "Enterprise cost management": 936,
        "Total Operating Expenses": 1749,
        "Total revenue financing activities": 148,
        "Net profit from business activities": 1580,
        "Profit": 1021,
        "Profit before tax": 2602,
        "Present corporate income tax expenses": "N/A",
        "Deferred income taxes expenses": "N/A",
        "The interests of minority shareholders": "N/A",
        "Total Cost of profits": 0,
        "Profit after tax corporate income": 2602,
        "Volume": 3200000,
        "Close of Quarter": "N/A",
        "EPS": 165.6,
        "Non-adjusted EPS": 1376,
        "PE": "N/A",
        "Book Price": "N/A"
      }
    },
    {
      "quarter": "Q1 2006",
      "income status": {
        "Net sales": 82367,
        "Cost of goods sold": 79712,
        "Gross Profit": 2654,
        "Financial expenses": 462,
        "Of which: Interest expense": 438,
        "Cost of sales": 102,
        "Enterprise cost management": 841,
        "Total Operating Expenses": 1405,
        "Total revenue financing activities": 48,
        "Net profit from business activities": 1297,
        "Profit": "N/A",
        "Profit before tax": 1802,
        "Present corporate income tax expenses": "N/A",
        "Deferred income taxes expenses": "N/A",
        "The interests of minority shareholders": "N/A",
        "Total Cost of profits": 0,
        "Profit after tax corporate income": 1802,
        "Volume": 3200000,
        "Close of Quarter": "N/A",
        "EPS": 67.8,
        "Non-adjusted EPS": 563,
        "PE": "N/A",
        "Book Price": "N/A"
      }
    }
  ]
}