{
  "ticker": "MKP",
  "data": [
    {
      "quarter": "Q1 2012",
      "income status": {
        "Net sales": 248922,
        "Cost of goods sold": 202100,
        "Gross Profit": 46823,
        "Financial expenses": 453,
        "Of which: Interest expense": 69,
        "Cost of sales": 11403,
        "Enterprise cost management": 10587,
        "Total Operating Expenses": 22443,
        "Total revenue financing activities": 147,
        "Net profit from business activities": 24528,
        "Profit": 878,
        "Profit before tax": 25406,
        "Present corporate income tax expenses": 6352,
        "Deferred income taxes expenses": "N/A",
        "The interests of minority shareholders": "N/A",
        "Total Cost of profits": 6352,
        "Profit after tax corporate income": 19055,
        "Volume": 9975781,
        "Close of Quarter": 45.6,
        "EPS": 7692,
        "Non-adjusted EPS": 7692,
        "PE": 5.9,
        "Book Price": 42.8
      }
    },
    {
      "quarter": "Q4 2011",
      "income status": {
        "Net sales": 283404,
        "Cost of goods sold": 229462,
        "Gross Profit": 53942,
        "Financial expenses": 3151,
        "Of which: Interest expense": 273,
        "Cost of sales": 13969,
        "Enterprise cost management": 16037,
        "Total Operating Expenses": 33157,
        "Total revenue financing activities": 112,
        "Net profit from business activities": 20897,
        "Profit": 1481,
        "Profit before tax": 100924,
        "Present corporate income tax expenses": 8790,
        "Deferred income taxes expenses": "N/A",
        "The interests of minority shareholders": "N/A",
        "Total Cost of profits": 8790,
        "Profit after tax corporate income": 13589,
        "Volume": 9975781,
        "Close of Quarter": 47.4,
        "EPS": 7661,
        "Non-adjusted EPS": 7661,
        "PE": 6.2,
        "Book Price": 41
      }
    },
    {
      "quarter": "Q3 2011",
      "income status": {
        "Net sales": 259293,
        "Cost of goods sold": 212831,
        "Gross Profit": 46462,
        "Financial expenses": 320,
        "Of which: Interest expense": 131,
        "Cost of sales": 10256,
        "Enterprise cost management": 13231,
        "Total Operating Expenses": 23807,
        "Total revenue financing activities": 2145,
        "Net profit from business activities": 24800,
        "Profit": 790,
        "Profit before tax": 25589,
        "Present corporate income tax expenses": 5118,
        "Deferred income taxes expenses": "N/A",
        "The interests of minority shareholders": "N/A",
        "Total Cost of profits": 5118,
        "Profit after tax corporate income": 20472,
        "Volume": 9975781,
        "Close of Quarter": 54.7,
        "EPS": 7607,
        "Non-adjusted EPS": 7607,
        "PE": 7.2,
        "Book Price": 43.7
      }
    },
    {
      "quarter": "Q2 2011",
      "income status": {
        "Net sales": 259439,
        "Cost of goods sold": 209115,
        "Gross Profit": 50323,
        "Financial expenses": 138,
        "Of which: Interest expense": "N/A",
        "Cost of sales": 10786,
        "Enterprise cost management": 12597,
        "Total Operating Expenses": 23521,
        "Total revenue financing activities": 2712,
        "Net profit from business activities": 29514,
        "Profit": 5,
        "Profit before tax": 29519,
        "Present corporate income tax expenses": 5904,
        "Deferred income taxes expenses": "N/A",
        "The interests of minority shareholders": "N/A",
        "Total Cost of profits": 5904,
        "Profit after tax corporate income": 23615,
        "Volume": 9069849,
        "Close of Quarter": 35.5,
        "EPS": 7537.2,
        "Non-adjusted EPS": 8290,
        "PE": 4.3,
        "Book Price": 41.6
      }
    },
    {
      "quarter": "Q1 2011",
      "income status": {
        "Net sales": 242619,
        "Cost of goods sold": 197117,
        "Gross Profit": 45502,
        "Financial expenses": 270,
        "Of which: Interest expense": "N/A",
        "Cost of sales": 9784,
        "Enterprise cost management": 13193,
        "Total Operating Expenses": 23247,
        "Total revenue financing activities": 284,
        "Net profit from business activities": 22539,
        "Profit": 897,
        "Profit before tax": 23437,
        "Present corporate income tax expenses": 4687,
        "Deferred income taxes expenses": "N/A",
        "The interests of minority shareholders": "N/A",
        "Total Cost of profits": 4687,
        "Profit after tax corporate income": 18749,
        "Volume": 9069849,
        "Close of Quarter": 37.7,
        "EPS": 7174.4,
        "Non-adjusted EPS": 7891,
        "PE": 4.8,
        "Book Price": 39.3
      }
    },
    {
      "quarter": "Q4 2010",
      "income status": {
        "Net sales": 264940,
        "Cost of goods sold": 213740,
        "Gross Profit": 51200,
        "Financial expenses": 1530,
        "Of which: Interest expense": "N/A",
        "Cost of sales": 11333,
        "Enterprise cost management": 24630,
        "Total Operating Expenses": 37493,
        "Total revenue financing activities": 5732,
        "Net profit from business activities": 19438,
        "Profit": 1663,
        "Profit before tax": 21101,
        "Present corporate income tax expenses": 8052,
        "Deferred income taxes expenses": "N/A",
        "The interests of minority shareholders": "N/A",
        "Total Cost of profits": 8052,
        "Profit after tax corporate income": 13049,
        "Volume": 9069849,
        "Close of Quarter": 41.4,
        "EPS": 7021.7,
        "Non-adjusted EPS": 7723,
        "PE": 5.4,
        "Book Price": 41.5
      }
    },
    {
      "quarter": "Q3 2010",
      "income status": {
        "Net sales": 233367,
        "Cost of goods sold": 188132,
        "Gross Profit": 45235,
        "Financial expenses": 2048,
        "Of which: Interest expense": "N/A",
        "Cost of sales": 8431,
        "Enterprise cost management": 11995,
        "Total Operating Expenses": 22474,
        "Total revenue financing activities": 2826,
        "Net profit from business activities": 25588,
        "Profit": -865,
        "Profit before tax": 24723,
        "Present corporate income tax expenses": 4945,
        "Deferred income taxes expenses": "N/A",
        "The interests of minority shareholders": "N/A",
        "Total Cost of profits": 4945,
        "Profit after tax corporate income": 19778,
        "Volume": 9069849,
        "Close of Quarter": 42.1,
        "EPS": 7002.6,
        "Non-adjusted EPS": 7702,
        "PE": 5.5,
        "Book Price": 40.2
      }
    },
    {
      "quarter": "Q2 2010",
      "income status": {
        "Net sales": 222383,
        "Cost of goods sold": 175832,
        "Gross Profit": 46552,
        "Financial expenses": 2266,
        "Of which: Interest expense": "N/A",
        "Cost of sales": 8925,
        "Enterprise cost management": 11345,
        "Total Operating Expenses": 22536,
        "Total revenue financing activities": -792,
        "Net profit from business activities": 23224,
        "Profit": 1765,
        "Profit before tax": 24988,
        "Present corporate income tax expenses": 4998,
        "Deferred income taxes expenses": "N/A",
        "The interests of minority shareholders": "N/A",
        "Total Cost of profits": 4998,
        "Profit after tax corporate income": 19991,
        "Volume": 9210000,
        "Close of Quarter": 53.4,
        "EPS": 7002.7,
        "Non-adjusted EPS": 7585,
        "PE": 7.1,
        "Book Price": 38.2
      }
    },
    {
      "quarter": "Q1 2010",
      "income status": {
        "Net sales": 174050,
        "Cost of goods sold": 131942,
        "Gross Profit": 42108,
        "Financial expenses": 2330,
        "Of which: Interest expense": "N/A",
        "Cost of sales": 7801,
        "Enterprise cost management": 12032,
        "Total Operating Expenses": 22163,
        "Total revenue financing activities": 1417,
        "Net profit from business activities": 21362,
        "Profit": 169,
        "Profit before tax": 21532,
        "Present corporate income tax expenses": 4306,
        "Deferred income taxes expenses": "N/A",
        "The interests of minority shareholders": "N/A",
        "Total Cost of profits": 4306,
        "Profit after tax corporate income": 17225,
        "Volume": 9210000,
        "Close of Quarter": "N/A",
        "EPS": 6724.9,
        "Non-adjusted EPS": 7284,
        "PE": "N/A",
        "Book Price": 36.2
      }
    },
    {
      "quarter": "Q4 2009",
      "income status": {
        "Net sales": 201771,
        "Cost of goods sold": 152781,
        "Gross Profit": 48990,
        "Financial expenses": 3422,
        "Of which: Interest expense": "N/A",
        "Cost of sales": 12958,
        "Enterprise cost management": 12094,
        "Total Operating Expenses": 28474,
        "Total revenue financing activities": 2446,
        "Net profit from business activities": 22962,
        "Profit": -2454,
        "Profit before tax": 20508,
        "Present corporate income tax expenses": 7645,
        "Deferred income taxes expenses": "N/A",
        "The interests of minority shareholders": "N/A",
        "Total Cost of profits": 7645,
        "Profit after tax corporate income": 12863,
        "Volume": 9210000,
        "Close of Quarter": "N/A",
        "EPS": 6111.8,
        "Non-adjusted EPS": 6620,
        "PE": "N/A",
        "Book Price": 37.0
      }
    },
    {
      "quarter": "Q3 2009",
      "income status": {
        "Net sales": 233367,
        "Cost of goods sold": 188132,
        "Gross Profit": 45235,
        "Financial expenses": 2048,
        "Of which: Interest expense": "N/A",
        "Cost of sales": 8431,
        "Enterprise cost management": 11995,
        "Total Operating Expenses": 22474,
        "Total revenue financing activities": 2826,
        "Net profit from business activities": 25588,
        "Profit": -865,
        "Profit before tax": 24723,
        "Present corporate income tax expenses": 4945,
        "Deferred income taxes expenses": "N/A",
        "The interests of minority shareholders": "N/A",
        "Total Cost of profits": 4945,
        "Profit after tax corporate income": 19778,
        "Volume": 9210000,
        "Close of Quarter": "N/A",
        "EPS": 4822.1,
        "Non-adjusted EPS": 5223,
        "PE": "N/A",
        "Book Price": 39.4
      }
    },
    {
      "quarter": "Q2 2009",
      "income status": {
        "Net sales": 158247,
        "Cost of goods sold": 117311,
        "Gross Profit": 40936,
        "Financial expenses": 2540,
        "Of which: Interest expense": "N/A",
        "Cost of sales": 8931,
        "Enterprise cost management": 8724,
        "Total Operating Expenses": 20195,
        "Total revenue financing activities": 148,
        "Net profit from business activities": 20889,
        "Profit": 633,
        "Profit before tax": 21522,
        "Present corporate income tax expenses": 4304,
        "Deferred income taxes expenses": "N/A",
        "The interests of minority shareholders": "N/A",
        "Total Cost of profits": 4304,
        "Profit after tax corporate income": 17217,
        "Volume": 9210000,
        "Close of Quarter": "N/A",
        "EPS": 2839.9,
        "Non-adjusted EPS": 3076,
        "PE": "N/A",
        "Book Price": "N/A"
      }
    },
    {
      "quarter": "Q1 2009",
      "income status": {
        "Net sales": 130614,
        "Cost of goods sold": 98821,
        "Gross Profit": 31793,
        "Financial expenses": 1708,
        "Of which: Interest expense": 6,
        "Cost of sales": 7018,
        "Enterprise cost management": 9646,
        "Total Operating Expenses": 18372,
        "Total revenue financing activities": 320,
        "Net profit from business activities": 13740,
        "Profit": 146,
        "Profit before tax": 13886,
        "Present corporate income tax expenses": 2777,
        "Deferred income taxes expenses": "N/A",
        "The interests of minority shareholders": "N/A",
        "Total Cost of profits": 2777,
        "Profit after tax corporate income": 11109,
        "Volume": 9210000,
        "Close of Quarter": "N/A",
        "EPS": 1113.4,
        "Non-adjusted EPS": 1206,
        "PE": "N/A",
        "Book Price": "N/A"
      }
    }
  ]
}