{
  "ticker": "STC",
  "data": [
    {
      "quarter": "Q1 2017",
      "income status": {
        "Net sales": 34011,
        "Cost of goods sold": 23547,
        "Gross Profit": 10464,
        "Financial expenses": 108,
        "Of which: Interest expense": 108,
        "Cost of sales": 3233,
        "Enterprise cost management": 5444,
        "Total Operating Expenses": 8785,
        "Total revenue financing activities": 112,
        "Net profit from business activities": 1791,
        "Profit": 99,
        "Profit before tax": 1890,
        "Present corporate income tax expenses": 167,
        "Deferred income taxes expenses": 3,
        "The interests of minority shareholders": 235,
        "Total Cost of profits": 405,
        "Profit after tax corporate income": 1484,
        "Volume": 5380730,
        "Close of Quarter": 30,
        "EPS": 2278,
        "Non-adjusted EPS": 2278,
        "PE": 13.2,
        "Book Price": 18.6
      }
    },
    {
      "quarter": "Q4 2016",
      "income status": {
        "Net sales": 57407,
        "Cost of goods sold": 40308,
        "Gross Profit": 17098,
        "Financial expenses": 675,
        "Of which: Interest expense": 281,
        "Cost of sales": 8202,
        "Enterprise cost management": 7463,
        "Total Operating Expenses": 16340,
        "Total revenue financing activities": 170,
        "Net profit from business activities": 929,
        "Profit": -30,
        "Profit before tax": 899,
        "Present corporate income tax expenses": -76,
        "Deferred income taxes expenses": 3,
        "The interests of minority shareholders": 93,
        "Total Cost of profits": 20,
        "Profit after tax corporate income": 879,
        "Volume": 5380730,
        "Close of Quarter": 36.2,
        "EPS": 2291,
        "Non-adjusted EPS": 2291,
        "PE": 15.8,
        "Book Price": 19.7
      }
    },
    {
      "quarter": "Q3 2016",
      "income status": {
        "Net sales": 123087,
        "Cost of goods sold": 95634,
        "Gross Profit": 27452,
        "Financial expenses": 1158,
        "Of which: Interest expense": 298,
        "Cost of sales": 9845,
        "Enterprise cost management": 9413,
        "Total Operating Expenses": 20416,
        "Total revenue financing activities": 78,
        "Net profit from business activities": 6417,
        "Profit": 87,
        "Profit before tax": 6504,
        "Present corporate income tax expenses": 859,
        "Deferred income taxes expenses": 3,
        "The interests of minority shareholders": 119,
        "Total Cost of profits": 981,
        "Profit after tax corporate income": 5524,
        "Volume": 5380730,
        "Close of Quarter": 21.6,
        "EPS": 2617,
        "Non-adjusted EPS": 2617,
        "PE": 8.2,
        "Book Price": 20.2
      }
    },
    {
      "quarter": "Q2 2016",
      "income status": {
        "Net sales": 124104,
        "Cost of goods sold": 102782,
        "Gross Profit": 21322,
        "Financial expenses": 1234,
        "Of which: Interest expense": 817,
        "Cost of sales": 7645,
        "Enterprise cost management": 7540,
        "Total Operating Expenses": 16419,
        "Total revenue financing activities": 245,
        "Net profit from business activities": 5011,
        "Profit": 6,
        "Profit before tax": 5017,
        "Present corporate income tax expenses": 628,
        "Deferred income taxes expenses": 3,
        "The interests of minority shareholders": 16,
        "Total Cost of profits": 647,
        "Profit after tax corporate income": 4370,
        "Volume": 5380730,
        "Close of Quarter": 23.2,
        "EPS": 2715,
        "Non-adjusted EPS": 2715,
        "PE": 8.5,
        "Book Price": 19.2
      }
    },
    {
      "quarter": "Q1 2016",
      "income status": {
        "Net sales": 31060,
        "Cost of goods sold": 22815,
        "Gross Profit": 8246,
        "Financial expenses": 319,
        "Of which: Interest expense": 319,
        "Cost of sales": 2394,
        "Enterprise cost management": 3881,
        "Total Operating Expenses": 6594,
        "Total revenue financing activities": 138,
        "Net profit from business activities": 1669,
        "Profit": 247,
        "Profit before tax": 1916,
        "Present corporate income tax expenses": 215,
        "Deferred income taxes expenses": 3,
        "The interests of minority shareholders": 144,
        "Total Cost of profits": 362,
        "Profit after tax corporate income": 1554,
        "Volume": 5380730,
        "Close of Quarter": 19.6,
        "EPS": 2606,
        "Non-adjusted EPS": 2606,
        "PE": 7.5,
        "Book Price": 18.4
      }
    },
    {
      "quarter": "Q4 2015",
      "income status": {
        "Net sales": 63852,
        "Cost of goods sold": 46724,
        "Gross Profit": 17128,
        "Financial expenses": 897,
        "Of which: Interest expense": 326,
        "Cost of sales": 6953,
        "Enterprise cost management": 6284,
        "Total Operating Expenses": 14134,
        "Total revenue financing activities": 288,
        "Net profit from business activities": 3281,
        "Profit": 32,
        "Profit before tax": 3312,
        "Present corporate income tax expenses": 230,
        "Deferred income taxes expenses": 3,
        "The interests of minority shareholders": 443,
        "Total Cost of profits": 676,
        "Profit after tax corporate income": 2636,
        "Volume": 5380730,
        "Close of Quarter": 20.6,
        "EPS": 2603,
        "Non-adjusted EPS": 2603,
        "PE": 7.9,
        "Book Price": 19.5
      }
    },
    {
      "quarter": "Q3 2015",
      "income status": {
        "Net sales": 100291,
        "Cost of goods sold": 77681,
        "Gross Profit": 22610,
        "Financial expenses": 773,
        "Of which: Interest expense": 416,
        "Cost of sales": 8716,
        "Enterprise cost management": 7324,
        "Total Operating Expenses": 16813,
        "Total revenue financing activities": 702,
        "Net profit from business activities": 6583,
        "Profit": 299,
        "Profit before tax": 6882,
        "Present corporate income tax expenses": 972,
        "Deferred income taxes expenses": 3,
        "The interests of minority shareholders": -143,
        "Total Cost of profits": 832,
        "Profit after tax corporate income": 6050,
        "Volume": 5380730,
        "Close of Quarter": 24.0,
        "EPS": 2544,
        "Non-adjusted EPS": 2544,
        "PE": 9.4,
        "Book Price": 20.1
      }
    },
    {
      "quarter": "Q2 2015",
      "income status": {
        "Net sales": 97040,
        "Cost of goods sold": 78254,
        "Gross Profit": 18786,
        "Financial expenses": 1339,
        "Of which: Interest expense": 883,
        "Cost of sales": 7797,
        "Enterprise cost management": 7223,
        "Total Operating Expenses": 16359,
        "Total revenue financing activities": 421,
        "Net profit from business activities": 2952,
        "Profit": 1333,
        "Profit before tax": 4285,
        "Present corporate income tax expenses": 601,
        "Deferred income taxes expenses": 3,
        "The interests of minority shareholders": -99,
        "Total Cost of profits": 505,
        "Profit after tax corporate income": 3780,
        "Volume": 5380730,
        "Close of Quarter": 18.1,
        "EPS": 2616,
        "Non-adjusted EPS": 2616,
        "PE": 6.9,
        "Book Price": 18.8
      }
    },
    {
      "quarter": "Q1 2015",
      "income status": {
        "Net sales": 32379,
        "Cost of goods sold": 23634,
        "Gross Profit": 8745,
        "Financial expenses": 425,
        "Of which: Interest expense": 377,
        "Cost of sales": 2771,
        "Enterprise cost management": 3899,
        "Total Operating Expenses": 7095,
        "Total revenue financing activities": 262,
        "Net profit from business activities": 1856,
        "Profit": 29,
        "Profit before tax": 1884,
        "Present corporate income tax expenses": 256,
        "Deferred income taxes expenses": 3,
        "The interests of minority shareholders": 87,
        "Total Cost of profits": 346,
        "Profit after tax corporate income": 1538,
        "Volume": 5380730,
        "Close of Quarter": 16.4,
        "EPS": 2415,
        "Non-adjusted EPS": 2415,
        "PE": 6.8,
        "Book Price": 18
      }
    },
    {
      "quarter": "Q4 2014",
      "income status": {
        "Net sales": 53648,
        "Cost of goods sold": 36236,
        "Gross Profit": 17412,
        "Financial expenses": 1532,
        "Of which: Interest expense": 381,
        "Cost of sales": 7803,
        "Enterprise cost management": 6259,
        "Total Operating Expenses": 15594,
        "Total revenue financing activities": 536,
        "Net profit from business activities": 2356,
        "Profit": 803,
        "Profit before tax": 3159,
        "Present corporate income tax expenses": 297,
        "Deferred income taxes expenses": -67,
        "The interests of minority shareholders": 610,
        "Total Cost of profits": 840,
        "Profit after tax corporate income": 2318,
        "Volume": 5380730,
        "Close of Quarter": 15.8,
        "EPS": 2473,
        "Non-adjusted EPS": 2473,
        "PE": 6.4,
        "Book Price": 17.7
      }
    },
    {
      "quarter": "Q3 2014",
      "income status": {
        "Net sales": 98352,
        "Cost of goods sold": 74801,
        "Gross Profit": 23551,
        "Financial expenses": 1146,
        "Of which: Interest expense": 414,
        "Cost of sales": 7689,
        "Enterprise cost management": 7014,
        "Total Operating Expenses": 15849,
        "Total revenue financing activities": 153,
        "Net profit from business activities": 7856,
        "Profit": -51,
        "Profit before tax": 7805,
        "Present corporate income tax expenses": 1281,
        "Deferred income taxes expenses": -22,
        "The interests of minority shareholders": 104,
        "Total Cost of profits": 1363,
        "Profit after tax corporate income": 6442,
        "Volume": 5380730,
        "Close of Quarter": 13.6,
        "EPS": 2597,
        "Non-adjusted EPS": 2597,
        "PE": 5.2,
        "Book Price": 18.7
      }
    },
    {
      "quarter": "Q2 2014",
      "income status": {
        "Net sales": 86840,
        "Cost of goods sold": 72398,
        "Gross Profit": 14442,
        "Financial expenses": 1569,
        "Of which: Interest expense": 725,
        "Cost of sales": 4961,
        "Enterprise cost management": 6073,
        "Total Operating Expenses": 12603,
        "Total revenue financing activities": 535,
        "Net profit from business activities": 2374,
        "Profit": 8,
        "Profit before tax": 2382,
        "Present corporate income tax expenses": 126,
        "Deferred income taxes expenses": 64,
        "The interests of minority shareholders": -506,
        "Total Cost of profits": -316,
        "Profit after tax corporate income": 2698,
        "Volume": 5380730,
        "Close of Quarter": 12.5,
        "EPS": 2493,
        "Non-adjusted EPS": 2493,
        "PE": 5.0,
        "Book Price": 17.2
      }
    },
    {
      "quarter": "Q1 2014",
      "income status": {
        "Net sales": 28489,
        "Cost of goods sold": 20880,
        "Gross Profit": 7608,
        "Financial expenses": 424,
        "Of which: Interest expense": 385,
        "Cost of sales": 4467,
        "Enterprise cost management": 5081,
        "Total Operating Expenses": 9972,
        "Total revenue financing activities": 429,
        "Net profit from business activities": -1935,
        "Profit": 4959,
        "Profit before tax": 3024,
        "Present corporate income tax expenses": 1097,
        "Deferred income taxes expenses": -3,
        "The interests of minority shareholders": 80,
        "Total Cost of profits": 1174,
        "Profit after tax corporate income": 1850,
        "Volume": 5380730,
        "Close of Quarter": 12.2,
        "EPS": 2592,
        "Non-adjusted EPS": 2592,
        "PE": 4.7,
        "Book Price": 16.7
      }
    },
    {
      "quarter": "Q4 2013",
      "income status": {
        "Net sales": 59313,
        "Cost of goods sold": 40159,
        "Gross Profit": 19154,
        "Financial expenses": 998,
        "Of which: Interest expense": 374,
        "Cost of sales": 7290,
        "Enterprise cost management": 8287,
        "Total Operating Expenses": 16575,
        "Total revenue financing activities": 689,
        "Net profit from business activities": 3269,
        "Profit": 272,
        "Profit before tax": 3540,
        "Present corporate income tax expenses": 468,
        "Deferred income taxes expenses": 91,
        "The interests of minority shareholders": -4,
        "Total Cost of profits": 555,
        "Profit after tax corporate income": 2986,
        "Volume": 5380730,
        "Close of Quarter": 12.6,
        "EPS": 2440,
        "Non-adjusted EPS": 2440,
        "PE": 5.2,
        "Book Price": 15.7
      }
    },
    {
      "quarter": "Q3 2013",
      "income status": {
        "Net sales": 98338,
        "Cost of goods sold": 74214,
        "Gross Profit": 24124,
        "Financial expenses": 1743,
        "Of which: Interest expense": 467,
        "Cost of sales": 8763,
        "Enterprise cost management": 7220,
        "Total Operating Expenses": 17726,
        "Total revenue financing activities": 787,
        "Net profit from business activities": 7185,
        "Profit": -31,
        "Profit before tax": 7155,
        "Present corporate income tax expenses": 1162,
        "Deferred income taxes expenses": -57,
        "The interests of minority shareholders": 171,
        "Total Cost of profits": 1276,
        "Profit after tax corporate income": 5879,
        "Volume": 5380730,
        "Close of Quarter": 8.8,
        "EPS": 2746,
        "Non-adjusted EPS": 2746,
        "PE": 3.2,
        "Book Price": 17.7
      }
    },
    {
      "quarter": "Q2 2013",
      "income status": {
        "Net sales": 86372,
        "Cost of goods sold": 69726,
        "Gross Profit": 16646,
        "Financial expenses": 2383,
        "Of which: Interest expense": 7034,
        "Cost of sales": 5676,
        "Enterprise cost management": 5801,
        "Total Operating Expenses": 13860,
        "Total revenue financing activities": 700,
        "Net profit from business activities": 3485,
        "Profit": 416,
        "Profit before tax": 3901,
        "Present corporate income tax expenses": 706,
        "Deferred income taxes expenses": 34,
        "The interests of minority shareholders": -73,
        "Total Cost of profits": 667,
        "Profit after tax corporate income": 3234,
        "Volume": 5380730,
        "Close of Quarter": 8.0,
        "EPS": 2714,
        "Non-adjusted EPS": 2714,
        "PE": 3.0,
        "Book Price": 16.5
      }
    },
    {
      "quarter": "Q1 2013",
      "income status": {
        "Net sales": 31088,
        "Cost of goods sold": 21342,
        "Gross Profit": 9745,
        "Financial expenses": 682,
        "Of which: Interest expense": 632,
        "Cost of sales": 2754,
        "Enterprise cost management": 5461,
        "Total Operating Expenses": 8897,
        "Total revenue financing activities": 218,
        "Net profit from business activities": 1067,
        "Profit": 253,
        "Profit before tax": 1320,
        "Present corporate income tax expenses": 143,
        "Deferred income taxes expenses": -69,
        "The interests of minority shareholders": 215,
        "Total Cost of profits": 289,
        "Profit after tax corporate income": 1032,
        "Volume": 5380730,
        "Close of Quarter": 6.7,
        "EPS": 2623,
        "Non-adjusted EPS": 2623,
        "PE": 2.6,
        "Book Price": 15.9
      }
    },
    {
      "quarter": "Q4 2012",
      "income status": {
        "Net sales": 80139,
        "Cost of goods sold": 53401,
        "Gross Profit": 26738,
        "Financial expenses": 1518,
        "Of which: Interest expense": 549,
        "Cost of sales": 8107,
        "Enterprise cost management": 12583,
        "Total Operating Expenses": 22208,
        "Total revenue financing activities": 758,
        "Net profit from business activities": 5288,
        "Profit": -142,
        "Profit before tax": 5145,
        "Present corporate income tax expenses": 101,
        "Deferred income taxes expenses": 45,
        "The interests of minority shareholders": 370,
        "Total Cost of profits": 516,
        "Profit after tax corporate income": 4629,
        "Volume": 5380730,
        "Close of Quarter": 5.8,
        "EPS": 2600,
        "Non-adjusted EPS": 2600,
        "PE": 2.2,
        "Book Price": 16.5
      }
    },
    {
      "quarter": "Q3 2012",
      "income status": {
        "Net sales": 85870,
        "Cost of goods sold": 64601,
        "Gross Profit": 21269,
        "Financial expenses": 1331,
        "Of which: Interest expense": 624,
        "Cost of sales": 6581,
        "Enterprise cost management": 6772,
        "Total Operating Expenses": 14684,
        "Total revenue financing activities": 45,
        "Net profit from business activities": 6630,
        "Profit": -167,
        "Profit before tax": 6464,
        "Present corporate income tax expenses": 681,
        "Deferred income taxes expenses": 12,
        "The interests of minority shareholders": 64,
        "Total Cost of profits": 757,
        "Profit after tax corporate income": 5707,
        "Volume": 5380730,
        "Close of Quarter": 5.4,
        "EPS": 2362,
        "Non-adjusted EPS": 2362,
        "PE": 2.3,
        "Book Price": 17
      }
    },
    {
      "quarter": "Q2 2012",
      "income status": {
        "Net sales": 70862,
        "Cost of goods sold": 57531,
        "Gross Profit": 13331,
        "Financial expenses": 1378,
        "Of which: Interest expense": 942,
        "Cost of sales": 3903,
        "Enterprise cost management": 5823,
        "Total Operating Expenses": 11104,
        "Total revenue financing activities": 691,
        "Net profit from business activities": 2917,
        "Profit": 12,
        "Profit before tax": 2929,
        "Present corporate income tax expenses": 387,
        "Deferred income taxes expenses": -107,
        "The interests of minority shareholders": -95,
        "Total Cost of profits": 185,
        "Profit after tax corporate income": 2744,
        "Volume": 5380730,
        "Close of Quarter": 5.5,
        "EPS": 2254,
        "Non-adjusted EPS": 2254,
        "PE": 2.4,
        "Book Price": 16
      }
    },
    {
      "quarter": "Q1 2012",
      "income status": {
        "Net sales": 24234,
        "Cost of goods sold": 17029,
        "Gross Profit": 7204,
        "Financial expenses": 300,
        "Of which: Interest expense": "N/A",
        "Cost of sales": 1885,
        "Enterprise cost management": 3914,
        "Total Operating Expenses": 6099,
        "Total revenue financing activities": 191,
        "Net profit from business activities": 1297,
        "Profit": -170,
        "Profit before tax": 1127,
        "Present corporate income tax expenses": 141,
        "Deferred income taxes expenses": "N/A",
        "The interests of minority shareholders": 74,
        "Total Cost of profits": 215,
        "Profit after tax corporate income": 912,
        "Volume": 5380730,
        "Close of Quarter": 4.4,
        "EPS": 2168,
        "Non-adjusted EPS": 2168,
        "PE": 2.0,
        "Book Price": 15.5
      }
    },
    {
      "quarter": "Q4 2011",
      "income status": {
        "Net sales": 55275,
        "Cost of goods sold": 37329,
        "Gross Profit": 17946,
        "Financial expenses": 1332,
        "Of which: Interest expense": 159,
        "Cost of sales": 6530,
        "Enterprise cost management": 6331,
        "Total Operating Expenses": 14193,
        "Total revenue financing activities": 140,
        "Net profit from business activities": 3893,
        "Profit": -8,
        "Profit before tax": 3885,
        "Present corporate income tax expenses": 445,
        "Deferred income taxes expenses": "N/A",
        "The interests of minority shareholders": 94,
        "Total Cost of profits": 539,
        "Profit after tax corporate income": 3346,
        "Volume": 5380730,
        "Close of Quarter": 3.6,
        "EPS": 2112,
        "Non-adjusted EPS": 2112,
        "PE": 1.7,
        "Book Price": 15.3
      }
    },
    {
      "quarter": "Q3 2011",
      "income status": {
        "Net sales": 77556,
        "Cost of goods sold": 59639,
        "Gross Profit": 17918,
        "Financial expenses": 359,
        "Of which: Interest expense": 186,
        "Cost of sales": 6385,
        "Enterprise cost management": 5138,
        "Total Operating Expenses": 11882,
        "Total revenue financing activities": 75,
        "Net profit from business activities": 6111,
        "Profit": -283,
        "Profit before tax": 5828,
        "Present corporate income tax expenses": 701,
        "Deferred income taxes expenses": "N/A",
        "The interests of minority shareholders": 2,
        "Total Cost of profits": 703,
        "Profit after tax corporate income": 5125,
        "Volume": 5380730,
        "Close of Quarter": 4.0,
        "EPS": 2074,
        "Non-adjusted EPS": 2074,
        "PE": 1.9,
        "Book Price": 16.2
      }
    },
    {
      "quarter": "Q2 2011",
      "income status": {
        "Net sales": 63388,
        "Cost of goods sold": 53123,
        "Gross Profit": 10265,
        "Financial expenses": 592,
        "Of which: Interest expense": 478,
        "Cost of sales": 3436,
        "Enterprise cost management": 3944,
        "Total Operating Expenses": 7972,
        "Total revenue financing activities": 259,
        "Net profit from business activities": 2553,
        "Profit": 27,
        "Profit before tax": 2579,
        "Present corporate income tax expenses": 296,
        "Deferred income taxes expenses": "N/A",
        "The interests of minority shareholders": "N/A",
        "Total Cost of profits": 296,
        "Profit after tax corporate income": 2283,
        "Volume": 5380730,
        "Close of Quarter": 4.3,
        "EPS": 2071,
        "Non-adjusted EPS": 2071,
        "PE": 2.1,
        "Book Price": 15.3
      }
    },
    {
      "quarter": "Q1 2011",
      "income status": {
        "Net sales": 22385,
        "Cost of goods sold": 16928,
        "Gross Profit": 5457,
        "Financial expenses": 272,
        "Of which: Interest expense": 154,
        "Cost of sales": 1965,
        "Enterprise cost management": 2669,
        "Total Operating Expenses": 4906,
        "Total revenue financing activities": 137,
        "Net profit from business activities": 688,
        "Profit": 64,
        "Profit before tax": 752,
        "Present corporate income tax expenses": 91,
        "Deferred income taxes expenses": "N/A",
        "The interests of minority shareholders": 52,
        "Total Cost of profits": 143,
        "Profit after tax corporate income": 609,
        "Volume": 5380730,
        "Close of Quarter": 4.8,
        "EPS": 1933,
        "Non-adjusted EPS": 1933,
        "PE": 2.5,
        "Book Price": 14.9
      }
    },
    {
      "quarter": "Q4 2010",
      "income status": {
        "Net sales": 49196,
        "Cost of goods sold": 37901,
        "Gross Profit": 11295,
        "Financial expenses": 746,
        "Of which: Interest expense": 158,
        "Cost of sales": 4071,
        "Enterprise cost management": 3541,
        "Total Operating Expenses": 8358,
        "Total revenue financing activities": 717,
        "Net profit from business activities": 3654,
        "Profit": 79,
        "Profit before tax": 3733,
        "Present corporate income tax expenses": 579,
        "Deferred income taxes expenses": "N/A",
        "The interests of minority shareholders": 14,
        "Total Cost of profits": 593,
        "Profit after tax corporate income": 3140,
        "Volume": 5380730,
        "Close of Quarter": 5.3,
        "EPS": 1936,
        "Non-adjusted EPS": 1936,
        "PE": 2.7,
        "Book Price": 15.1
      }
    },
    {
      "quarter": "Q3 2010",
      "income status": {
        "Net sales": 67409,
        "Cost of goods sold": 54059,
        "Gross Profit": 13350,
        "Financial expenses": 184,
        "Of which: Interest expense": 108,
        "Cost of sales": 4080,
        "Enterprise cost management": 3413,
        "Total Operating Expenses": 7677,
        "Total revenue financing activities": 232,
        "Net profit from business activities": 5905,
        "Profit": -11,
        "Profit before tax": 5893,
        "Present corporate income tax expenses": 748,
        "Deferred income taxes expenses": "N/A",
        "The interests of minority shareholders": 35,
        "Total Cost of profits": 783,
        "Profit after tax corporate income": 5110,
        "Volume": 5380730,
        "Close of Quarter": 5.5,
        "EPS": 2248,
        "Non-adjusted EPS": 2248,
        "PE": 2.4,
        "Book Price": 16.1
      }
    },
    {
      "quarter": "Q2 2010",
      "income status": {
        "Net sales": 60484,
        "Cost of goods sold": 51845,
        "Gross Profit": 8639,
        "Financial expenses": 186,
        "Of which: Interest expense": 107,
        "Cost of sales": 3482,
        "Enterprise cost management": 3388,
        "Total Operating Expenses": 7056,
        "Total revenue financing activities": 108,
        "Net profit from business activities": 1692,
        "Profit": 84,
        "Profit before tax": 1776,
        "Present corporate income tax expenses": 235,
        "Deferred income taxes expenses": "N/A",
        "The interests of minority shareholders": "N/A",
        "Total Cost of profits": 235,
        "Profit after tax corporate income": 1540,
        "Volume": 5380730,
        "Close of Quarter": 6.7,
        "EPS": 2118,
        "Non-adjusted EPS": 2118,
        "PE": 3.2,
        "Book Price": 14.9
      }
    },
    {
      "quarter": "Q1 2010",
      "income status": {
        "Net sales": 17824,
        "Cost of goods sold": 14200,
        "Gross Profit": 3624,
        "Financial expenses": 256,
        "Of which: Interest expense": 129,
        "Cost of sales": 1196,
        "Enterprise cost management": 1721,
        "Total Operating Expenses": 3173,
        "Total revenue financing activities": 263,
        "Net profit from business activities": 714,
        "Profit": 13,
        "Profit before tax": 727,
        "Present corporate income tax expenses": 98,
        "Deferred income taxes expenses": "N/A",
        "The interests of minority shareholders": "N/A",
        "Total Cost of profits": 98,
        "Profit after tax corporate income": 628,
        "Volume": 5380730,
        "Close of Quarter": 6.1,
        "EPS": 2116,
        "Non-adjusted EPS": 2116,
        "PE": 2.9,
        "Book Price": 14.6
      }
    },
    {
      "quarter": "Q4 2009",
      "income status": {
        "Net sales": 66402,
        "Cost of goods sold": 51897,
        "Gross Profit": 14506,
        "Financial expenses": 784,
        "Of which: Interest expense": 133,
        "Cost of sales": 4819,
        "Enterprise cost management": 4222,
        "Total Operating Expenses": 9825,
        "Total revenue financing activities": 867,
        "Net profit from business activities": 5547,
        "Profit": -42,
        "Profit before tax": 5505,
        "Present corporate income tax expenses": 687,
        "Deferred income taxes expenses": "N/A",
        "The interests of minority shareholders": "N/A",
        "Total Cost of profits": 687,
        "Profit after tax corporate income": 4818,
        "Volume": 5380730,
        "Close of Quarter": 5.7,
        "EPS": 2170,
        "Non-adjusted EPS": 2170,
        "PE": 2.6,
        "Book Price": 14.7
      }
    },
    {
      "quarter": "Q3 2009",
      "income status": {
        "Net sales": 54089,
        "Cost of goods sold": 43775,
        "Gross Profit": 10314,
        "Financial expenses": 205,
        "Of which: Interest expense": "N/A",
        "Cost of sales": 2963,
        "Enterprise cost management": 2871,
        "Total Operating Expenses": 6039,
        "Total revenue financing activities": 539,
        "Net profit from business activities": 4813,
        "Profit": 21,
        "Profit before tax": 4834,
        "Present corporate income tax expenses": 426,
        "Deferred income taxes expenses": "N/A",
        "The interests of minority shareholders": "N/A",
        "Total Cost of profits": 426,
        "Profit after tax corporate income": 4408,
        "Volume": 5380730,
        "Close of Quarter": 6.3,
        "EPS": 2045,
        "Non-adjusted EPS": 2045,
        "PE": 3.1,
        "Book Price": 15.2
      }
    },
    {
      "quarter": "Q2 2009",
      "income status": {
        "Net sales": 57438,
        "Cost of goods sold": 49128,
        "Gross Profit": 8310,
        "Financial expenses": 205,
        "Of which: Interest expense": "N/A",
        "Cost of sales": 2905,
        "Enterprise cost management": 3500,
        "Total Operating Expenses": 6610,
        "Total revenue financing activities": 33,
        "Net profit from business activities": 1733,
        "Profit": -57,
        "Profit before tax": 1676,
        "Present corporate income tax expenses": 147,
        "Deferred income taxes expenses": "N/A",
        "The interests of minority shareholders": "N/A",
        "Total Cost of profits": 147,
        "Profit after tax corporate income": 1529,
        "Volume": 5380730,
        "Close of Quarter": 5.4,
        "EPS": 2273,
        "Non-adjusted EPS": 2273,
        "PE": 2.4,
        "Book Price": 14.4
      }
    },
    {
      "quarter": "Q1 2009",
      "income status": {
        "Net sales": 21000,
        "Cost of goods sold": 17581,
        "Gross Profit": 3419,
        "Financial expenses": 272,
        "Of which: Interest expense": "N/A",
        "Cost of sales": 1136,
        "Enterprise cost management": 1172,
        "Total Operating Expenses": 2580,
        "Total revenue financing activities": 179,
        "Net profit from business activities": 1018,
        "Profit": -9,
        "Profit before tax": 1009,
        "Present corporate income tax expenses": 88,
        "Deferred income taxes expenses": "N/A",
        "The interests of minority shareholders": "N/A",
        "Total Cost of profits": 88,
        "Profit after tax corporate income": 921,
        "Volume": 5507130,
        "Close of Quarter": 4.9,
        "EPS": 2227.1,
        "Non-adjusted EPS": 2176,
        "PE": 2.3,
        "Book Price": 14.3
      }
    },
    {
      "quarter": "Q4 2008",
      "income status": {
        "Net sales": 71305,
        "Cost of goods sold": 57236,
        "Gross Profit": 14069,
        "Financial expenses": 1182,
        "Of which: Interest expense": "N/A",
        "Cost of sales": 4103,
        "Enterprise cost management": 4141,
        "Total Operating Expenses": 9426,
        "Total revenue financing activities": 201,
        "Net profit from business activities": 4843,
        "Profit": 5,
        "Profit before tax": 4848,
        "Present corporate income tax expenses": 700,
        "Deferred income taxes expenses": "N/A",
        "The interests of minority shareholders": "N/A",
        "Total Cost of profits": 700,
        "Profit after tax corporate income": 4148,
        "Volume": 5665530,
        "Close of Quarter": 4.4,
        "EPS": 2056.4,
        "Non-adjusted EPS": 1953,
        "PE": 2.3,
        "Book Price": 14.4
      }
    },
    {
      "quarter": "Q3 2008",
      "income status": {
        "Net sales": 75270,
        "Cost of goods sold": 59522,
        "Gross Profit": 15748,
        "Financial expenses": 647,
        "Of which: Interest expense": "N/A",
        "Cost of sales": 4169,
        "Enterprise cost management": 4749,
        "Total Operating Expenses": 9565,
        "Total revenue financing activities": 426,
        "Net profit from business activities": 6609,
        "Profit": -57,
        "Profit before tax": 6552,
        "Present corporate income tax expenses": 917,
        "Deferred income taxes expenses": "N/A",
        "The interests of minority shareholders": "N/A",
        "Total Cost of profits": 917,
        "Profit after tax corporate income": 5635,
        "Volume": 5665530,
        "Close of Quarter": 5.9,
        "EPS": 1735.2,
        "Non-adjusted EPS": 1648,
        "PE": 3.6,
        "Book Price": 15.2
      }
    },
    {
      "quarter": "Q2 2008",
      "income status": {
        "Net sales": 54662,
        "Cost of goods sold": 46551,
        "Gross Profit": 8111,
        "Financial expenses": 577,
        "Of which: Interest expense": "N/A",
        "Cost of sales": 3213,
        "Enterprise cost management": 3315,
        "Total Operating Expenses": 7105,
        "Total revenue financing activities": 501,
        "Net profit from business activities": 1507,
        "Profit": -18,
        "Profit before tax": 1489,
        "Present corporate income tax expenses": 208,
        "Deferred income taxes expenses": "N/A",
        "The interests of minority shareholders": "N/A",
        "Total Cost of profits": 208,
        "Profit after tax corporate income": 1280,
        "Volume": 5665530,
        "Close of Quarter": 4.7,
        "EPS": 1318.3,
        "Non-adjusted EPS": 1252,
        "PE": 3.8,
        "Book Price": 14.1
      }
    },
    {
      "quarter": "Q1 2008",
      "income status": {
        "Net sales": 17073,
        "Cost of goods sold": 14695,
        "Gross Profit": 2378,
        "Financial expenses": 538,
        "Of which: Interest expense": "N/A",
        "Cost of sales": 725,
        "Enterprise cost management": 1245,
        "Total Operating Expenses": 2508,
        "Total revenue financing activities": 81,
        "Net profit from business activities": -49,
        "Profit": 50,
        "Profit before tax": 1,
        "Present corporate income tax expenses": "N/A",
        "Deferred income taxes expenses": "N/A",
        "The interests of minority shareholders": "N/A",
        "Total Cost of profits": 0,
        "Profit after tax corporate income": 1,
        "Volume": 2880000,
        "Close of Quarter": 8.2,
        "EPS": 1295.8,
        "Non-adjusted EPS": 2421,
        "PE": 3.4,
        "Book Price": 6.5
      }
    },
    {
      "quarter": "Q4 2007",
      "income status": {
        "Net sales": 50714,
        "Cost of goods sold": 42274,
        "Gross Profit": 8440,
        "Financial expenses": 1312,
        "Of which: Interest expense": 761,
        "Cost of sales": 3054,
        "Enterprise cost management": 3335,
        "Total Operating Expenses": 7701,
        "Total revenue financing activities": 1677,
        "Net profit from business activities": 2416,
        "Profit": 6,
        "Profit before tax": 2421,
        "Present corporate income tax expenses": "N/A",
        "Deferred income taxes expenses": "N/A",
        "The interests of minority shareholders": "N/A",
        "Total Cost of profits": 0,
        "Profit after tax corporate income": 2421,
        "Volume": 2880000,
        "Close of Quarter": 17.1,
        "EPS": 1298.0,
        "Non-adjusted EPS": 2425,
        "PE": 7.0,
        "Book Price": 6.6
      }
    },
    {
      "quarter": "Q3 2007",
      "income status": {
        "Net sales": 61505,
        "Cost of goods sold": 53073,
        "Gross Profit": 8432,
        "Financial expenses": 455,
        "Of which: Interest expense": 426,
        "Cost of sales": 2227,
        "Enterprise cost management": 2352,
        "Total Operating Expenses": 5034,
        "Total revenue financing activities": 53,
        "Net profit from business activities": 3452,
        "Profit": -63,
        "Profit before tax": 3389,
        "Present corporate income tax expenses": "N/A",
        "Deferred income taxes expenses": "N/A",
        "The interests of minority shareholders": "N/A",
        "Total Cost of profits": 0,
        "Profit after tax corporate income": 3389,
        "Volume": 2880000,
        "Close of Quarter": 10.6,
        "EPS": 1393.2,
        "Non-adjusted EPS": 2603,
        "PE": 4.1,
        "Book Price": 6.9
      }
    },
    {
      "quarter": "Q2 2007",
      "income status": {
        "Net sales": 40775,
        "Cost of goods sold": 35952,
        "Gross Profit": 4824,
        "Financial expenses": 439,
        "Of which: Interest expense": 400,
        "Cost of sales": 1723,
        "Enterprise cost management": 1571,
        "Total Operating Expenses": 3733,
        "Total revenue financing activities": 38,
        "Net profit from business activities": 1129,
        "Profit": 32,
        "Profit before tax": 1161,
        "Present corporate income tax expenses": "N/A",
        "Deferred income taxes expenses": "N/A",
        "The interests of minority shareholders": "N/A",
        "Total Cost of profits": 0,
        "Profit after tax corporate income": 1161,
        "Volume": 2880000,
        "Close of Quarter": 13.1,
        "EPS": 763.3,
        "Non-adjusted EPS": 1426,
        "PE": 9.2,
        "Book Price": 6.2
      }
    },
    {
      "quarter": "Q1 2007",
      "income status": {
        "Net sales": 24100,
        "Cost of goods sold": 21831,
        "Gross Profit": 2269,
        "Financial expenses": 284,
        "Of which: Interest expense": "N/A",
        "Cost of sales": 725,
        "Enterprise cost management": 1378,
        "Total Operating Expenses": 2387,
        "Total revenue financing activities": 76,
        "Net profit from business activities": -42,
        "Profit": 54,
        "Profit before tax": 12,
        "Present corporate income tax expenses": "N/A",
        "Deferred income taxes expenses": "N/A",
        "The interests of minority shareholders": "N/A",
        "Total Cost of profits": 0,
        "Profit after tax corporate income": 12,
        "Volume": 2880000,
        "Close of Quarter": 18.4,
        "EPS": 547.6,
        "Non-adjusted EPS": 1023,
        "PE": 18.0,
        "Book Price": 6.0
      }
    },
    {
      "quarter": "Q4 2006",
      "income status": {
        "Net sales": 65107,
        "Cost of goods sold": 53491,
        "Gross Profit": 11616,
        "Financial expenses": 1110,
        "Of which: Interest expense": 211,
        "Cost of sales": 4694,
        "Enterprise cost management": 3179,
        "Total Operating Expenses": 8983,
        "Total revenue financing activities": 216,
        "Net profit from business activities": 2849,
        "Profit": 85,
        "Profit before tax": 2934,
        "Present corporate income tax expenses": "N/A",
        "Deferred income taxes expenses": "N/A",
        "The interests of minority shareholders": "N/A",
        "Total Cost of profits": 0,
        "Profit after tax corporate income": 2934,
        "Volume": 2880000,
        "Close of Quarter": 19.8,
        "EPS": 545.4,
        "Non-adjusted EPS": 1019,
        "PE": 19.5,
        "Book Price": 6.7
      }
    }
  ]
}