{
  "ticker": "V11",
  "data": [
    {
      "quarter": "Q2 2016",
      "income status": {
        "Net sales": 787,
        "Cost of goods sold": 1133,
        "Gross Profit": -346,
        "Financial expenses": 2454,
        "Of which: Interest expense": 2454,
        "Cost of sales": "N/A",
        "Enterprise cost management": 697,
        "Total Operating Expenses": 3151,
        "Total revenue financing activities": 2,
        "Net profit from business activities": -3495,
        "Profit": -789,
        "Profit before tax": -4285,
        "Present corporate income tax expenses": "N/A",
        "Deferred income taxes expenses": "N/A",
        "The interests of minority shareholders": "N/A",
        "Total Cost of profits": 0,
        "Profit after tax corporate income": -4285,
        "Volume": 8399889,
        "Close of Quarter": 0.9,
        "EPS": -1162,
        "Non-adjusted EPS": -1162,
        "PE": -0.8,
        "Book Price": 5.7
      }
    },
    {
      "quarter": "Q1 2016",
      "income status": {
        "Net sales": 7796,
        "Cost of goods sold": 6814,
        "Gross Profit": 981,
        "Financial expenses": 2239,
        "Of which: Interest expense": 2239,
        "Cost of sales": "N/A",
        "Enterprise cost management": 798,
        "Total Operating Expenses": 3037,
        "Total revenue financing activities": 3,
        "Net profit from business activities": -2053,
        "Profit": -74,
        "Profit before tax": -2128,
        "Present corporate income tax expenses": "N/A",
        "Deferred income taxes expenses": "N/A",
        "The interests of minority shareholders": "N/A",
        "Total Cost of profits": 0,
        "Profit after tax corporate income": -2128,
        "Volume": 8399889,
        "Close of Quarter": 1.3,
        "EPS": -611,
        "Non-adjusted EPS": -611,
        "PE": -2.1,
        "Book Price": 6.2
      }
    },
    {
      "quarter": "Q3 2015",
      "income status": {
        "Net sales": 5862,
        "Cost of goods sold": 5589,
        "Gross Profit": 274,
        "Financial expenses": 2250,
        "Of which: Interest expense": 2250,
        "Cost of sales": "N/A",
        "Enterprise cost management": 758,
        "Total Operating Expenses": 3008,
        "Total revenue financing activities": 598,
        "Net profit from business activities": -2137,
        "Profit": "N/A",
        "Profit before tax": -2137,
        "Present corporate income tax expenses": "N/A",
        "Deferred income taxes expenses": "N/A",
        "The interests of minority shareholders": "N/A",
        "Total Cost of profits": 0,
        "Profit after tax corporate income": -2137,
        "Volume": 8399889,
        "Close of Quarter": 1,
        "EPS": -711,
        "Non-adjusted EPS": -711,
        "PE": -1.4,
        "Book Price": 7.3
      }
    },
    {
      "quarter": "Q2 2015",
      "income status": {
        "Net sales": 10347,
        "Cost of goods sold": 10156,
        "Gross Profit": 192,
        "Financial expenses": 2191,
        "Of which: Interest expense": 2191,
        "Cost of sales": "N/A",
        "Enterprise cost management": 916,
        "Total Operating Expenses": 3107,
        "Total revenue financing activities": 199,
        "Net profit from business activities": -2716,
        "Profit": 1507,
        "Profit before tax": -1209,
        "Present corporate income tax expenses": "N/A",
        "Deferred income taxes expenses": "N/A",
        "The interests of minority shareholders": "N/A",
        "Total Cost of profits": 0,
        "Profit after tax corporate income": -1209,
        "Volume": 8399889,
        "Close of Quarter": 1.5,
        "EPS": -1027,
        "Non-adjusted EPS": -1027,
        "PE": -1.5,
        "Book Price": 7.5
      }
    },
    {
      "quarter": "Q1 2015",
      "income status": {
        "Net sales": 5084,
        "Cost of goods sold": 4989,
        "Gross Profit": 95,
        "Financial expenses": -1417,
        "Of which: Interest expense": -1417,
        "Cost of sales": "N/A",
        "Enterprise cost management": 1034,
        "Total Operating Expenses": -383,
        "Total revenue financing activities": 3,
        "Net profit from business activities": 480,
        "Profit": -137,
        "Profit before tax": 344,
        "Present corporate income tax expenses": "N/A",
        "Deferred income taxes expenses": "N/A",
        "The interests of minority shareholders": "N/A",
        "Total Cost of profits": 0,
        "Profit after tax corporate income": 344,
        "Volume": 8399889,
        "Close of Quarter": 1.8,
        "EPS": -1047,
        "Non-adjusted EPS": -1047,
        "PE": -1.7,
        "Book Price": 7.7
      }
    },
    {
      "quarter": "Q3 2014",
      "income status": {
        "Net sales": 10157,
        "Cost of goods sold": 9112,
        "Gross Profit": 1045,
        "Financial expenses": -1607,
        "Of which: Interest expense": -1607,
        "Cost of sales": "N/A",
        "Enterprise cost management": 1035,
        "Total Operating Expenses": -572,
        "Total revenue financing activities": -4690,
        "Net profit from business activities": -3074,
        "Profit": 100,
        "Profit before tax": -2974,
        "Present corporate income tax expenses": "N/A",
        "Deferred income taxes expenses": "N/A",
        "The interests of minority shareholders": "N/A",
        "Total Cost of profits": 0,
        "Profit after tax corporate income": -2974,
        "Volume": 8399889,
        "Close of Quarter": 1.9,
        "EPS": -1623,
        "Non-adjusted EPS": -1623,
        "PE": -1.2,
        "Book Price": 7
      }
    },
    {
      "quarter": "Q2 2014",
      "income status": {
        "Net sales": 19006,
        "Cost of goods sold": 20065,
        "Gross Profit": -1059,
        "Financial expenses": 3299,
        "Of which: Interest expense": 3299,
        "Cost of sales": "N/A",
        "Enterprise cost management": 905,
        "Total Operating Expenses": 4204,
        "Total revenue financing activities": 479,
        "Net profit from business activities": -4784,
        "Profit": "N/A",
        "Profit before tax": -4784,
        "Present corporate income tax expenses": "N/A",
        "Deferred income taxes expenses": "N/A",
        "The interests of minority shareholders": "N/A",
        "Total Cost of profits": 0,
        "Profit after tax corporate income": -4784,
        "Volume": 8399889,
        "Close of Quarter": 1.8,
        "EPS": -2336,
        "Non-adjusted EPS": -2336,
        "PE": -0.8,
        "Book Price": 7.3
      }
    },
    {
      "quarter": "Q1 2014",
      "income status": {
        "Net sales": 36208,
        "Cost of goods sold": 36553,
        "Gross Profit": -344,
        "Financial expenses": 23,
        "Of which: Interest expense": 3413,
        "Cost of sales": "N/A",
        "Enterprise cost management": 1021,
        "Total Operating Expenses": 1044,
        "Total revenue financing activities": 10,
        "Net profit from business activities": -1379,
        "Profit": "N/A",
        "Profit before tax": -1379,
        "Present corporate income tax expenses": "N/A",
        "Deferred income taxes expenses": "N/A",
        "The interests of minority shareholders": "N/A",
        "Total Cost of profits": 0,
        "Profit after tax corporate income": -1379,
        "Volume": 8399889,
        "Close of Quarter": 2.8,
        "EPS": -2771,
        "Non-adjusted EPS": -2771,
        "PE": -1.0,
        "Book Price": 7.9
      }
    },
    {
      "quarter": "Q3 2013",
      "income status": {
        "Net sales": 63702,
        "Cost of goods sold": 63288,
        "Gross Profit": 414,
        "Financial expenses": 4369,
        "Of which: Interest expense": 4369,
        "Cost of sales": "N/A",
        "Enterprise cost management": 1055,
        "Total Operating Expenses": 5424,
        "Total revenue financing activities": 5,
        "Net profit from business activities": -5005,
        "Profit": 511,
        "Profit before tax": -4494,
        "Present corporate income tax expenses": "N/A",
        "Deferred income taxes expenses": "N/A",
        "The interests of minority shareholders": "N/A",
        "Total Cost of profits": 0,
        "Profit after tax corporate income": -4494,
        "Volume": 8399889,
        "Close of Quarter": 0.9,
        "EPS": -2688,
        "Non-adjusted EPS": -2688,
        "PE": -0.3,
        "Book Price": 8.3
      }
    },
    {
      "quarter": "Q2 2013",
      "income status": {
        "Net sales": 32477,
        "Cost of goods sold": 35093,
        "Gross Profit": -2616,
        "Financial expenses": 4724,
        "Of which: Interest expense": 4724,
        "Cost of sales": "N/A",
        "Enterprise cost management": 1299,
        "Total Operating Expenses": 6023,
        "Total revenue financing activities": 598,
        "Net profit from business activities": -8041,
        "Profit": -922,
        "Profit before tax": -8963,
        "Present corporate income tax expenses": "N/A",
        "Deferred income taxes expenses": "N/A",
        "The interests of minority shareholders": "N/A",
        "Total Cost of profits": 0,
        "Profit after tax corporate income": -8963,
        "Volume": 8399889,
        "Close of Quarter": 0.8,
        "EPS": -3405,
        "Non-adjusted EPS": -3405,
        "PE": -0.2,
        "Book Price": "N/A"
      }
    },
    {
      "quarter": "Q4 2011",
      "income status": {
        "Net sales": 119186,
        "Cost of goods sold": 119090,
        "Gross Profit": 95,
        "Financial expenses": 6464,
        "Of which: Interest expense": 6464,
        "Cost of sales": "N/A",
        "Enterprise cost management": 4913,
        "Total Operating Expenses": 11377,
        "Total revenue financing activities": 3281,
        "Net profit from business activities": -8002,
        "Profit": -317,
        "Profit before tax": -17704,
        "Present corporate income tax expenses": -145,
        "Deferred income taxes expenses": 6,
        "The interests of minority shareholders": 257,
        "Total Cost of profits": 118,
        "Profit after tax corporate income": -8437,
        "Volume": 8399889,
        "Close of Quarter": 2,
        "EPS": -2289,
        "Non-adjusted EPS": -2289,
        "PE": -0.9,
        "Book Price": 12.9
      }
    },
    {
      "quarter": "Q3 2011",
      "income status": {
        "Net sales": 55809,
        "Cost of goods sold": 51597,
        "Gross Profit": 4211,
        "Financial expenses": 3186,
        "Of which: Interest expense": 3186,
        "Cost of sales": "N/A",
        "Enterprise cost management": 2426,
        "Total Operating Expenses": 5612,
        "Total revenue financing activities": 721,
        "Net profit from business activities": -680,
        "Profit": 199,
        "Profit before tax": -9385,
        "Present corporate income tax expenses": 202,
        "Deferred income taxes expenses": "N/A",
        "The interests of minority shareholders": "N/A",
        "Total Cost of profits": 202,
        "Profit after tax corporate income": -683,
        "Volume": 8399889,
        "Close of Quarter": 3.5,
        "EPS": -863,
        "Non-adjusted EPS": -863,
        "PE": -4.1,
        "Book Price": 13.9
      }
    },
    {
      "quarter": "Q2 2011",
      "income status": {
        "Net sales": 97371,
        "Cost of goods sold": 95077,
        "Gross Profit": 2294,
        "Financial expenses": 3252,
        "Of which: Interest expense": 3252,
        "Cost of sales": "N/A",
        "Enterprise cost management": 10054,
        "Total Operating Expenses": 13306,
        "Total revenue financing activities": 1241,
        "Net profit from business activities": -9771,
        "Profit": 56,
        "Profit before tax": -9715,
        "Present corporate income tax expenses": 329,
        "Deferred income taxes expenses": 13,
        "The interests of minority shareholders": 462,
        "Total Cost of profits": 804,
        "Profit after tax corporate income": -10519,
        "Volume": 8399889,
        "Close of Quarter": 5.1,
        "EPS": -547,
        "Non-adjusted EPS": -547,
        "PE": -9.3,
        "Book Price": 14.1
      }
    },
    {
      "quarter": "Q1 2011",
      "income status": {
        "Net sales": 45563,
        "Cost of goods sold": 42874,
        "Gross Profit": 2689,
        "Financial expenses": 1736,
        "Of which: Interest expense": 1736,
        "Cost of sales": "N/A",
        "Enterprise cost management": 1715,
        "Total Operating Expenses": 3451,
        "Total revenue financing activities": 1194,
        "Net profit from business activities": 432,
        "Profit": 305,
        "Profit before tax": 736,
        "Present corporate income tax expenses": 184,
        "Deferred income taxes expenses": "N/A",
        "The interests of minority shareholders": 139,
        "Total Cost of profits": 323,
        "Profit after tax corporate income": 413,
        "Volume": 8399889,
        "Close of Quarter": 8.9,
        "EPS": 1065,
        "Non-adjusted EPS": 1065,
        "PE": 8.4,
        "Book Price": 15.8
      }
    },
    {
      "quarter": "Q4 2010",
      "income status": {
        "Net sales": 60725,
        "Cost of goods sold": 60077,
        "Gross Profit": 648,
        "Financial expenses": -6207,
        "Of which: Interest expense": "N/A",
        "Cost of sales": "N/A",
        "Enterprise cost management": 4572,
        "Total Operating Expenses": -1635,
        "Total revenue financing activities": 3059,
        "Net profit from business activities": 5342,
        "Profit": -10,
        "Profit before tax": 5332,
        "Present corporate income tax expenses": 1333,
        "Deferred income taxes expenses": "N/A",
        "The interests of minority shareholders": 458,
        "Total Cost of profits": 1791,
        "Profit after tax corporate income": 3541,
        "Volume": 5000000,
        "Close of Quarter": 12.5,
        "EPS": 1189.9,
        "Non-adjusted EPS": 1999,
        "PE": 6.3,
        "Book Price": 11.6
      }
    },
    {
      "quarter": "Q3 2010",
      "income status": {
        "Net sales": 71329,
        "Cost of goods sold": 62437,
        "Gross Profit": 8893,
        "Financial expenses": 4228,
        "Of which: Interest expense": "N/A",
        "Cost of sales": "N/A",
        "Enterprise cost management": 2146,
        "Total Operating Expenses": 6374,
        "Total revenue financing activities": 213,
        "Net profit from business activities": 2732,
        "Profit": 73,
        "Profit before tax": 2805,
        "Present corporate income tax expenses": 702,
        "Deferred income taxes expenses": "N/A",
        "The interests of minority shareholders": 133,
        "Total Cost of profits": 835,
        "Profit after tax corporate income": 1970,
        "Volume": 5000000,
        "Close of Quarter": 16.1,
        "EPS": 1480.4,
        "Non-adjusted EPS": 2487,
        "PE": 6.5,
        "Book Price": 11.2
      }
    },
    {
      "quarter": "Q2 2010",
      "income status": {
        "Net sales": 59924,
        "Cost of goods sold": 55362,
        "Gross Profit": 4563,
        "Financial expenses": 3741,
        "Of which: Interest expense": 3741,
        "Cost of sales": "N/A",
        "Enterprise cost management": 3192,
        "Total Operating Expenses": 6933,
        "Total revenue financing activities": 837,
        "Net profit from business activities": -1534,
        "Profit": 5753,
        "Profit before tax": 4220,
        "Present corporate income tax expenses": 1168,
        "Deferred income taxes expenses": -165,
        "The interests of minority shareholders": 195,
        "Total Cost of profits": 1198,
        "Profit after tax corporate income": 3021,
        "Volume": 5000000,
        "Close of Quarter": 19.1,
        "EPS": 1435.1,
        "Non-adjusted EPS": 2411,
        "PE": 7.9,
        "Book Price": 11.0
      }
    },
    {
      "quarter": "Q1 2010",
      "income status": {
        "Net sales": 77629,
        "Cost of goods sold": 72276,
        "Gross Profit": 5353,
        "Financial expenses": 1532,
        "Of which: Interest expense": 1532,
        "Cost of sales": "N/A",
        "Enterprise cost management": 2001,
        "Total Operating Expenses": 3533,
        "Total revenue financing activities": 280,
        "Net profit from business activities": 2101,
        "Profit": -9,
        "Profit before tax": 2092,
        "Present corporate income tax expenses": 399,
        "Deferred income taxes expenses": 178,
        "The interests of minority shareholders": 50,
        "Total Cost of profits": 627,
        "Profit after tax corporate income": 1465,
        "Volume": 5000000,
        "Close of Quarter": 15.6,
        "EPS": 1299.4,
        "Non-adjusted EPS": 2183,
        "PE": 7.2,
        "Book Price": "N/A"
      }
    },
    {
      "quarter": "Q4 2009",
      "income status": {
        "Net sales": 260420,
        "Cost of goods sold": 251656,
        "Gross Profit": 8764,
        "Financial expenses": -1104,
        "Of which: Interest expense": "N/A",
        "Cost of sales": "N/A",
        "Enterprise cost management": 3448,
        "Total Operating Expenses": 2344,
        "Total revenue financing activities": 550,
        "Net profit from business activities": 6969,
        "Profit": 1377,
        "Profit before tax": 8347,
        "Present corporate income tax expenses": 2060,
        "Deferred income taxes expenses": 178,
        "The interests of minority shareholders": 130,
        "Total Cost of profits": 2368,
        "Profit after tax corporate income": 5979,
        "Volume": 5000000,
        "Close of Quarter": 16.8,
        "EPS": 1308.4,
        "Non-adjusted EPS": 2198,
        "PE": 7.7,
        "Book Price": 10.5
      }
    },
    {
      "quarter": "Q3 2009",
      "income status": {
        "Net sales": 59646,
        "Cost of goods sold": 54814,
        "Gross Profit": 4832,
        "Financial expenses": 172,
        "Of which: Interest expense": "N/A",
        "Cost of sales": "N/A",
        "Enterprise cost management": 2744,
        "Total Operating Expenses": 2916,
        "Total revenue financing activities": 189,
        "Net profit from business activities": 2105,
        "Profit": 6,
        "Profit before tax": 2111,
        "Present corporate income tax expenses": 522,
        "Deferred income taxes expenses": "N/A",
        "The interests of minority shareholders": "N/A",
        "Total Cost of profits": 522,
        "Profit after tax corporate income": 1589,
        "Volume": 5000000,
        "Close of Quarter": 16.3,
        "EPS": 1162.5,
        "Non-adjusted EPS": 1953,
        "PE": 8.4,
        "Book Price": 10.7
      }
    },
    {
      "quarter": "Q2 2009",
      "income status": {
        "Net sales": 67269,
        "Cost of goods sold": 61120,
        "Gross Profit": 6150,
        "Financial expenses": 1855,
        "Of which: Interest expense": 3900,
        "Cost of sales": "N/A",
        "Enterprise cost management": 2315,
        "Total Operating Expenses": 4170,
        "Total revenue financing activities": 545,
        "Net profit from business activities": 2525,
        "Profit": 36,
        "Profit before tax": 2561,
        "Present corporate income tax expenses": 677,
        "Deferred income taxes expenses": "N/A",
        "The interests of minority shareholders": "N/A",
        "Total Cost of profits": 677,
        "Profit after tax corporate income": 1884,
        "Volume": 5000000,
        "Close of Quarter": 9.4,
        "EPS": 1119.1,
        "Non-adjusted EPS": 1880,
        "PE": 5,
        "Book Price": 10.5
      }
    },
    {
      "quarter": "Q1 2009",
      "income status": {
        "Net sales": 70583,
        "Cost of goods sold": 63146,
        "Gross Profit": 7437,
        "Financial expenses": 3745,
        "Of which: Interest expense": "N/A",
        "Cost of sales": "N/A",
        "Enterprise cost management": 2286,
        "Total Operating Expenses": 6031,
        "Total revenue financing activities": 626,
        "Net profit from business activities": 2032,
        "Profit": -3,
        "Profit before tax": 2029,
        "Present corporate income tax expenses": 489,
        "Deferred income taxes expenses": "N/A",
        "The interests of minority shareholders": "N/A",
        "Total Cost of profits": 489,
        "Profit after tax corporate income": 1540,
        "Volume": 5000000,
        "Close of Quarter": 6.7,
        "EPS": 1096.4,
        "Non-adjusted EPS": 1842,
        "PE": 3.6,
        "Book Price": 10.4
      }
    },
    {
      "quarter": "Q4 2008",
      "income status": {
        "Net sales": 152488,
        "Cost of goods sold": 142205,
        "Gross Profit": 10283,
        "Financial expenses": 2509,
        "Of which: Interest expense": "N/A",
        "Cost of sales": "N/A",
        "Enterprise cost management": 3102,
        "Total Operating Expenses": 5611,
        "Total revenue financing activities": 526,
        "Net profit from business activities": 5198,
        "Profit": 1419,
        "Profit before tax": 6617,
        "Present corporate income tax expenses": 1866,
        "Deferred income taxes expenses": "N/A",
        "The interests of minority shareholders": "N/A",
        "Total Cost of profits": 1866,
        "Profit after tax corporate income": 4750,
        "Volume": 5000000,
        "Close of Quarter": 8.0,
        "EPS": 1104.8,
        "Non-adjusted EPS": 1856,
        "PE": 4.3,
        "Book Price": 10.3
      }
    },
    {
      "quarter": "Q3 2008",
      "income status": {
        "Net sales": 74885,
        "Cost of goods sold": 70878,
        "Gross Profit": 4007,
        "Financial expenses": 534,
        "Of which: Interest expense": "N/A",
        "Cost of sales": "N/A",
        "Enterprise cost management": 2488,
        "Total Operating Expenses": 3022,
        "Total revenue financing activities": 705,
        "Net profit from business activities": 1690,
        "Profit": 11,
        "Profit before tax": 1701,
        "Present corporate income tax expenses": 476,
        "Deferred income taxes expenses": "N/A",
        "The interests of minority shareholders": "N/A",
        "Total Cost of profits": 476,
        "Profit after tax corporate income": 1225,
        "Volume": 5000000,
        "Close of Quarter": "N/A",
        "EPS": 539.3,
        "Non-adjusted EPS": 906,
        "PE": "N/A",
        "Book Price": 10.6
      }
    },
    {
      "quarter": "Q2 2008",
      "income status": {
        "Net sales": 78153,
        "Cost of goods sold": 73427,
        "Gross Profit": 4727,
        "Financial expenses": 1277,
        "Of which: Interest expense": "N/A",
        "Cost of sales": "N/A",
        "Enterprise cost management": 1784,
        "Total Operating Expenses": 3061,
        "Total revenue financing activities": 32,
        "Net profit from business activities": 1698,
        "Profit": 631,
        "Profit before tax": 2328,
        "Present corporate income tax expenses": 632,
        "Deferred income taxes expenses": "N/A",
        "The interests of minority shareholders": "N/A",
        "Total Cost of profits": 632,
        "Profit after tax corporate income": 1696,
        "Volume": 5000000,
        "Close of Quarter": "N/A",
        "EPS": 393.5,
        "Non-adjusted EPS": 661,
        "PE": "N/A",
        "Book Price": 10.5
      }
    },
    {
      "quarter": "Q1 2008",
      "income status": {
        "Net sales": 67073,
        "Cost of goods sold": 62013,
        "Gross Profit": 5060,
        "Financial expenses": 616,
        "Of which: Interest expense": "N/A",
        "Cost of sales": "N/A",
        "Enterprise cost management": 2319,
        "Total Operating Expenses": 2935,
        "Total revenue financing activities": 108,
        "Net profit from business activities": 2233,
        "Profit": 1,
        "Profit before tax": 2234,
        "Present corporate income tax expenses": 625,
        "Deferred income taxes expenses": "N/A",
        "The interests of minority shareholders": "N/A",
        "Total Cost of profits": 625,
        "Profit after tax corporate income": 1608,
        "Volume": 5000000,
        "Close of Quarter": "N/A",
        "EPS": 191.7,
        "Non-adjusted EPS": 322,
        "PE": "N/A",
        "Book Price": 10.4
      }
    }
  ]
}