{
  "ticker": "CAD",
  "data": [
    {
      "quarter": "Q2 2016",
      "income status": {
        "Net sales": 16558,
        "Cost of goods sold": 15760,
        "Gross Profit": 799,
        "Financial expenses": 142,
        "Of which: Interest expense": 40,
        "Cost of sales": 1693,
        "Enterprise cost management": 1357,
        "Total Operating Expenses": 3192,
        "Total revenue financing activities": 1,
        "Net profit from business activities": -2392,
        "Profit": 8,
        "Profit before tax": -2384,
        "Present corporate income tax expenses": "N/A",
        "Deferred income taxes expenses": "N/A",
        "The interests of minority shareholders": "N/A",
        "Total Cost of profits": 0,
        "Profit after tax corporate income": -2384,
        "Volume": 8799927,
        "Close of Quarter": 1.4,
        "EPS": -520,
        "Non-adjusted EPS": -520,
        "PE": -2.7,
        "Book Price": -6.5
      }
    },
    {
      "quarter": "Q1 2016",
      "income status": {
        "Net sales": 69447,
        "Cost of goods sold": 66193,
        "Gross Profit": 3254,
        "Financial expenses": 244,
        "Of which: Interest expense": 137,
        "Cost of sales": 3359,
        "Enterprise cost management": 1655,
        "Total Operating Expenses": 5258,
        "Total revenue financing activities": 54,
        "Net profit from business activities": -1951,
        "Profit": -277,
        "Profit before tax": -2227,
        "Present corporate income tax expenses": "N/A",
        "Deferred income taxes expenses": "N/A",
        "The interests of minority shareholders": "N/A",
        "Total Cost of profits": 0,
        "Profit after tax corporate income": -2227,
        "Volume": 8799927,
        "Close of Quarter": 2.4,
        "EPS": -230,
        "Non-adjusted EPS": -230,
        "PE": -10.4,
        "Book Price": -6.2
      }
    },
    {
      "quarter": "Q4 2015",
      "income status": {
        "Net sales": 29523,
        "Cost of goods sold": 24058,
        "Gross Profit": 5465,
        "Financial expenses": 420,
        "Of which: Interest expense": 226,
        "Cost of sales": 3021,
        "Enterprise cost management": 1736,
        "Total Operating Expenses": 5177,
        "Total revenue financing activities": 214,
        "Net profit from business activities": 502,
        "Profit": -315,
        "Profit before tax": 187,
        "Present corporate income tax expenses": 14,
        "Deferred income taxes expenses": "N/A",
        "The interests of minority shareholders": "N/A",
        "Total Cost of profits": 14,
        "Profit after tax corporate income": 173,
        "Volume": 8799927,
        "Close of Quarter": 2.1,
        "EPS": 43,
        "Non-adjusted EPS": 43,
        "PE": 48.8,
        "Book Price": -5.9
      }
    },
    {
      "quarter": "Q3 2015",
      "income status": {
        "Net sales": 32586,
        "Cost of goods sold": 26354,
        "Gross Profit": 6231,
        "Financial expenses": 1552,
        "Of which: Interest expense": 1552,
        "Cost of sales": 2974,
        "Enterprise cost management": 1779,
        "Total Operating Expenses": 6305,
        "Total revenue financing activities": 2,
        "Net profit from business activities": -72,
        "Profit": -61,
        "Profit before tax": -134,
        "Present corporate income tax expenses": "N/A",
        "Deferred income taxes expenses": "N/A",
        "The interests of minority shareholders": "N/A",
        "Total Cost of profits": 0,
        "Profit after tax corporate income": -134,
        "Volume": 8799927,
        "Close of Quarter": 2.6,
        "EPS": 101,
        "Non-adjusted EPS": 101,
        "PE": 25.7,
        "Book Price": -5.9
      }
    },
    {
      "quarter": "Q2 2015",
      "income status": {
        "Net sales": 54049,
        "Cost of goods sold": 46383,
        "Gross Profit": 7666,
        "Financial expenses": 2008,
        "Of which: Interest expense": 2008,
        "Cost of sales": 3371,
        "Enterprise cost management": 2011,
        "Total Operating Expenses": 7390,
        "Total revenue financing activities": 3,
        "Net profit from business activities": 278,
        "Profit": -103,
        "Profit before tax": 175,
        "Present corporate income tax expenses": 13,
        "Deferred income taxes expenses": "N/A",
        "The interests of minority shareholders": "N/A",
        "Total Cost of profits": 13,
        "Profit after tax corporate income": 162,
        "Volume": 8799927,
        "Close of Quarter": 3.2,
        "EPS": 139,
        "Non-adjusted EPS": 139,
        "PE": 23.0,
        "Book Price": -6.2
      }
    },
    {
      "quarter": "Q1 2015",
      "income status": {
        "Net sales": 74515,
        "Cost of goods sold": 64791,
        "Gross Profit": 9724,
        "Financial expenses": 2947,
        "Of which: Interest expense": 2704,
        "Cost of sales": 4865,
        "Enterprise cost management": 1867,
        "Total Operating Expenses": 9679,
        "Total revenue financing activities": 4,
        "Net profit from business activities": 50,
        "Profit": 140,
        "Profit before tax": 190,
        "Present corporate income tax expenses": 14,
        "Deferred income taxes expenses": "N/A",
        "The interests of minority shareholders": "N/A",
        "Total Cost of profits": 14,
        "Profit after tax corporate income": 175,
        "Volume": 8799927,
        "Close of Quarter": 2,
        "EPS": 155,
        "Non-adjusted EPS": 155,
        "PE": 12.9,
        "Book Price": -6.3
      }
    },
    {
      "quarter": "Q4 2014",
      "income status": {
        "Net sales": 157055,
        "Cost of goods sold": 142565,
        "Gross Profit": 14490,
        "Financial expenses": 1565,
        "Of which: Interest expense": 1378,
        "Cost of sales": 9402,
        "Enterprise cost management": 2586,
        "Total Operating Expenses": 13553,
        "Total revenue financing activities": 3,
        "Net profit from business activities": 940,
        "Profit": -195,
        "Profit before tax": 745,
        "Present corporate income tax expenses": 56,
        "Deferred income taxes expenses": "N/A",
        "The interests of minority shareholders": "N/A",
        "Total Cost of profits": 56,
        "Profit after tax corporate income": 689,
        "Volume": 8799927,
        "Close of Quarter": 2,
        "EPS": 137,
        "Non-adjusted EPS": 137,
        "PE": 14.6,
        "Book Price": -6.4
      }
    },
    {
      "quarter": "Q3 2014",
      "income status": {
        "Net sales": 138895,
        "Cost of goods sold": 126378,
        "Gross Profit": 12516,
        "Financial expenses": 5607,
        "Of which: Interest expense": 5415,
        "Cost of sales": 5006,
        "Enterprise cost management": 1771,
        "Total Operating Expenses": 12384,
        "Total revenue financing activities": 3,
        "Net profit from business activities": 136,
        "Profit": 78,
        "Profit before tax": 213,
        "Present corporate income tax expenses": 16,
        "Deferred income taxes expenses": "N/A",
        "The interests of minority shareholders": "N/A",
        "Total Cost of profits": 16,
        "Profit after tax corporate income": 197,
        "Volume": 8799927,
        "Close of Quarter": 2,
        "EPS": 81,
        "Non-adjusted EPS": 81,
        "PE": 24.7,
        "Book Price": -6.5
      }
    },
    {
      "quarter": "Q2 2014",
      "income status": {
        "Net sales": 93339,
        "Cost of goods sold": 82826,
        "Gross Profit": 10514,
        "Financial expenses": 3538,
        "Of which: Interest expense": 3538,
        "Cost of sales": 5744,
        "Enterprise cost management": 2071,
        "Total Operating Expenses": 11353,
        "Total revenue financing activities": 1124,
        "Net profit from business activities": 284,
        "Profit": 43,
        "Profit before tax": 326,
        "Present corporate income tax expenses": 24,
        "Deferred income taxes expenses": "N/A",
        "The interests of minority shareholders": "N/A",
        "Total Cost of profits": 24,
        "Profit after tax corporate income": 302,
        "Volume": 8799927,
        "Close of Quarter": 2.2,
        "EPS": 65,
        "Non-adjusted EPS": 65,
        "PE": 33.9,
        "Book Price": -6.5
      }
    },
    {
      "quarter": "Q1 2014",
      "income status": {
        "Net sales": 84656,
        "Cost of goods sold": 81201,
        "Gross Profit": 3455,
        "Financial expenses": 2414,
        "Of which: Interest expense": 2414,
        "Cost of sales": 4325,
        "Enterprise cost management": 1812,
        "Total Operating Expenses": 8551,
        "Total revenue financing activities": 286,
        "Net profit from business activities": -4810,
        "Profit": 4831,
        "Profit before tax": 20,
        "Present corporate income tax expenses": 2,
        "Deferred income taxes expenses": "N/A",
        "The interests of minority shareholders": "N/A",
        "Total Cost of profits": 2,
        "Profit after tax corporate income": 19,
        "Volume": 8799927,
        "Close of Quarter": 3.1,
        "EPS": -2830,
        "Non-adjusted EPS": -2830,
        "PE": -1.1,
        "Book Price": -6.7
      }
    },
    {
      "quarter": "Q4 2013",
      "income status": {
        "Net sales": 141372,
        "Cost of goods sold": 128091,
        "Gross Profit": 13281,
        "Financial expenses": 3438,
        "Of which: Interest expense": 3438,
        "Cost of sales": 7817,
        "Enterprise cost management": 2002,
        "Total Operating Expenses": 13257,
        "Total revenue financing activities": 304,
        "Net profit from business activities": 329,
        "Profit": -122,
        "Profit before tax": 206,
        "Present corporate income tax expenses": 15,
        "Deferred income taxes expenses": "N/A",
        "The interests of minority shareholders": "N/A",
        "Total Cost of profits": 15,
        "Profit after tax corporate income": 191,
        "Volume": 8799927,
        "Close of Quarter": 1.8,
        "EPS": -33744,
        "Non-adjusted EPS": -33744,
        "PE": -0.1,
        "Book Price": -6.6
      }
    },
    {
      "quarter": "Q3 2013",
      "income status": {
        "Net sales": 91178,
        "Cost of goods sold": 90411,
        "Gross Profit": 767,
        "Financial expenses": 2502,
        "Of which: Interest expense": 2502,
        "Cost of sales": 6042,
        "Enterprise cost management": -6026,
        "Total Operating Expenses": 2518,
        "Total revenue financing activities": 503,
        "Net profit from business activities": -1248,
        "Profit": 1316,
        "Profit before tax": 68,
        "Present corporate income tax expenses": 5,
        "Deferred income taxes expenses": "N/A",
        "The interests of minority shareholders": "N/A",
        "Total Cost of profits": 5,
        "Profit after tax corporate income": 63,
        "Volume": 8799927,
        "Close of Quarter": 1.2,
        "EPS": -34886,
        "Non-adjusted EPS": -34886,
        "PE": -0.0,
        "Book Price": -6.7
      }
    },
    {
      "quarter": "Q1 2012",
      "income status": {
        "Net sales": 40457,
        "Cost of goods sold": 46533,
        "Gross Profit": -6077,
        "Financial expenses": 16053,
        "Of which: Interest expense": 14186,
        "Cost of sales": 2728,
        "Enterprise cost management": 1996,
        "Total Operating Expenses": 20777,
        "Total revenue financing activities": 1259,
        "Net profit from business activities": -25595,
        "Profit": 420,
        "Profit before tax": -25175,
        "Present corporate income tax expenses": "N/A",
        "Deferred income taxes expenses": "N/A",
        "The interests of minority shareholders": "N/A",
        "Total Cost of profits": 0,
        "Profit after tax corporate income": -25175,
        "Volume": 8799927,
        "Close of Quarter": 0.9,
        "EPS": -35497,
        "Non-adjusted EPS": -35497,
        "PE": -0.0,
        "Book Price": -23.7
      }
    },
    {
      "quarter": "Q4 2011",
      "income status": {
        "Net sales": 91186,
        "Cost of goods sold": 323284,
        "Gross Profit": -232098,
        "Financial expenses": 35096,
        "Of which: Interest expense": 35041,
        "Cost of sales": 4451,
        "Enterprise cost management": 2649,
        "Total Operating Expenses": 42196,
        "Total revenue financing activities": 2996,
        "Net profit from business activities": -271297,
        "Profit": -727,
        "Profit before tax": -272024,
        "Present corporate income tax expenses": "N/A",
        "Deferred income taxes expenses": "N/A",
        "The interests of minority shareholders": "N/A",
        "Total Cost of profits": 0,
        "Profit after tax corporate income": -272024,
        "Volume": 8799927,
        "Close of Quarter": 1.7,
        "EPS": -33514,
        "Non-adjusted EPS": -33514,
        "PE": -0.1,
        "Book Price": -18.8
      }
    },
    {
      "quarter": "Q3 2011",
      "income status": {
        "Net sales": 94923,
        "Cost of goods sold": 85881,
        "Gross Profit": 9042,
        "Financial expenses": 14602,
        "Of which: Interest expense": 14315,
        "Cost of sales": 4057,
        "Enterprise cost management": 3137,
        "Total Operating Expenses": 21796,
        "Total revenue financing activities": 2731,
        "Net profit from business activities": -10023,
        "Profit": 164,
        "Profit before tax": -9859,
        "Present corporate income tax expenses": "N/A",
        "Deferred income taxes expenses": "N/A",
        "The interests of minority shareholders": "N/A",
        "Total Cost of profits": 0,
        "Profit after tax corporate income": -9859,
        "Volume": 8799927,
        "Close of Quarter": 2.7,
        "EPS": -5174,
        "Non-adjusted EPS": -5174,
        "PE": -0.5,
        "Book Price": 12.2
      }
    },
    {
      "quarter": "Q2 2011",
      "income status": {
        "Net sales": 343129,
        "Cost of goods sold": 258016,
        "Gross Profit": 85113,
        "Financial expenses": 36157,
        "Of which: Interest expense": 31667,
        "Cost of sales": 38294,
        "Enterprise cost management": 16461,
        "Total Operating Expenses": 90912,
        "Total revenue financing activities": 885,
        "Net profit from business activities": -4915,
        "Profit": 538,
        "Profit before tax": -4377,
        "Present corporate income tax expenses": 129,
        "Deferred income taxes expenses": "N/A",
        "The interests of minority shareholders": 806,
        "Total Cost of profits": 935,
        "Profit after tax corporate income": -5312,
        "Volume": 8799927,
        "Close of Quarter": 3.2,
        "EPS": -2931,
        "Non-adjusted EPS": -2931,
        "PE": -1.1,
        "Book Price": 15.1
      }
    },
    {
      "quarter": "Q1 2011",
      "income status": {
        "Net sales": 217149,
        "Cost of goods sold": 183946,
        "Gross Profit": 33203,
        "Financial expenses": 23251,
        "Of which: Interest expense": 23251,
        "Cost of sales": 25033,
        "Enterprise cost management": 5839,
        "Total Operating Expenses": 54123,
        "Total revenue financing activities": 14879,
        "Net profit from business activities": -6041,
        "Profit": 151,
        "Profit before tax": -5890,
        "Present corporate income tax expenses": "N/A",
        "Deferred income taxes expenses": "N/A",
        "The interests of minority shareholders": 1835,
        "Total Cost of profits": 1835,
        "Profit after tax corporate income": -7725,
        "Volume": 8799927,
        "Close of Quarter": 4.9,
        "EPS": -2271,
        "Non-adjusted EPS": -2271,
        "PE": -2.2,
        "Book Price": 15.8
      }
    },
    {
      "quarter": "Q4 2010",
      "income status": {
        "Net sales": 294726,
        "Cost of goods sold": 245127,
        "Gross Profit": 49599,
        "Financial expenses": 24882,
        "Of which: Interest expense": 24750,
        "Cost of sales": 30588,
        "Enterprise cost management": 17791,
        "Total Operating Expenses": 73261,
        "Total revenue financing activities": 2257,
        "Net profit from business activities": -21405,
        "Profit": 669,
        "Profit before tax": -20736,
        "Present corporate income tax expenses": "N/A",
        "Deferred income taxes expenses": "N/A",
        "The interests of minority shareholders": 1897,
        "Total Cost of profits": 1897,
        "Profit after tax corporate income": -22633,
        "Volume": 8799927,
        "Close of Quarter": 8.2,
        "EPS": -1275,
        "Non-adjusted EPS": -1275,
        "PE": -6.4,
        "Book Price": 18.2
      }
    },
    {
      "quarter": "Q3 2010",
      "income status": {
        "Net sales": 398487,
        "Cost of goods sold": 333609,
        "Gross Profit": 64877,
        "Financial expenses": 21208,
        "Of which: Interest expense": 20968,
        "Cost of sales": 30638,
        "Enterprise cost management": 6920,
        "Total Operating Expenses": 58766,
        "Total revenue financing activities": 5658,
        "Net profit from business activities": 11770,
        "Profit": 238,
        "Profit before tax": 12008,
        "Present corporate income tax expenses": 666,
        "Deferred income taxes expenses": "N/A",
        "The interests of minority shareholders": 1467,
        "Total Cost of profits": 2133,
        "Profit after tax corporate income": 9875,
        "Volume": 8000000,
        "Close of Quarter": 8.9,
        "EPS": 1400.9,
        "Non-adjusted EPS": 1541,
        "PE": 5.8,
        "Book Price": 20.6
      }
    },
    {
      "quarter": "Q2 2010",
      "income status": {
        "Net sales": 268345,
        "Cost of goods sold": "N/A",
        "Gross Profit": 54356,
        "Financial expenses": "N/A",
        "Of which: Interest expense": 26708,
        "Cost of sales": "N/A",
        "Enterprise cost management": 9045,
        "Total Operating Expenses": 9045,
        "Total revenue financing activities": "N/A",
        "Net profit from business activities": -133,
        "Profit": 174,
        "Profit before tax": 42,
        "Present corporate income tax expenses": "N/A",
        "Deferred income taxes expenses": 86,
        "The interests of minority shareholders": "N/A",
        "Total Cost of profits": 86,
        "Profit after tax corporate income": 502,
        "Volume": 8000000,
        "Close of Quarter": 12,
        "EPS": 646.4,
        "Non-adjusted EPS": 711,
        "PE": 16.9,
        "Book Price": 20.5
      }
    },
    {
      "quarter": "Q1 2010",
      "income status": {
        "Net sales": 270524,
        "Cost of goods sold": "N/A",
        "Gross Profit": 37170,
        "Financial expenses": "N/A",
        "Of which: Interest expense": 17169,
        "Cost of sales": "N/A",
        "Enterprise cost management": 8408,
        "Total Operating Expenses": 8408,
        "Total revenue financing activities": "N/A",
        "Net profit from business activities": 1799,
        "Profit": 54,
        "Profit before tax": 1854,
        "Present corporate income tax expenses": "N/A",
        "Deferred income taxes expenses": 10,
        "The interests of minority shareholders": "N/A",
        "Total Cost of profits": 10,
        "Profit after tax corporate income": 1037,
        "Volume": 8000000,
        "Close of Quarter": 13.5,
        "EPS": 622.7,
        "Non-adjusted EPS": 685,
        "PE": 19.6,
        "Book Price": 20.7
      }
    },
    {
      "quarter": "Q4 2009",
      "income status": {
        "Net sales": 308300,
        "Cost of goods sold": "N/A",
        "Gross Profit": 47214,
        "Financial expenses": "N/A",
        "Of which: Interest expense": "N/A",
        "Cost of sales": "N/A",
        "Enterprise cost management": 33130,
        "Total Operating Expenses": 33130,
        "Total revenue financing activities": "N/A",
        "Net profit from business activities": 1814,
        "Profit": 522,
        "Profit before tax": 2336,
        "Present corporate income tax expenses": "N/A",
        "Deferred income taxes expenses": "N/A",
        "The interests of minority shareholders": "N/A",
        "Total Cost of profits": 0,
        "Profit after tax corporate income": 912,
        "Volume": 8000000,
        "Close of Quarter": 12.3,
        "EPS": 647.3,
        "Non-adjusted EPS": 712,
        "PE": 17.2,
        "Book Price": 21.2
      }
    },
    {
      "quarter": "Q3 2009",
      "income status": {
        "Net sales": 451343,
        "Cost of goods sold": "N/A",
        "Gross Profit": 46093,
        "Financial expenses": "N/A",
        "Of which: Interest expense": 20232,
        "Cost of sales": "N/A",
        "Enterprise cost management": 5377,
        "Total Operating Expenses": 5377,
        "Total revenue financing activities": "N/A",
        "Net profit from business activities": 4115,
        "Profit": 354,
        "Profit before tax": 4469,
        "Present corporate income tax expenses": "N/A",
        "Deferred income taxes expenses": 119,
        "The interests of minority shareholders": "N/A",
        "Total Cost of profits": 119,
        "Profit after tax corporate income": 3240,
        "Volume": 8000000,
        "Close of Quarter": 16.6,
        "EPS": 672.7,
        "Non-adjusted EPS": 740,
        "PE": 22.4,
        "Book Price": 21
      }
    },
    {
      "quarter": "Q2 2009",
      "income status": {
        "Net sales": 298532,
        "Cost of goods sold": "N/A",
        "Gross Profit": 28854,
        "Financial expenses": "N/A",
        "Of which: Interest expense": 12533,
        "Cost of sales": "N/A",
        "Enterprise cost management": 5837,
        "Total Operating Expenses": 5837,
        "Total revenue financing activities": "N/A",
        "Net profit from business activities": -1606,
        "Profit": 386,
        "Profit before tax": -1220,
        "Present corporate income tax expenses": "N/A",
        "Deferred income taxes expenses": 273,
        "The interests of minority shareholders": "N/A",
        "Total Cost of profits": 273,
        "Profit after tax corporate income": 288,
        "Volume": 8000000,
        "Close of Quarter": 10.1,
        "EPS": 435.5,
        "Non-adjusted EPS": 479,
        "PE": 21.1,
        "Book Price": 21.1
      }
    },
    {
      "quarter": "Q1 2009",
      "income status": {
        "Net sales": 215198,
        "Cost of goods sold": 184966,
        "Gross Profit": 30232,
        "Financial expenses": 16617,
        "Of which: Interest expense": 16001,
        "Cost of sales": 11796,
        "Enterprise cost management": 3861,
        "Total Operating Expenses": 32274,
        "Total revenue financing activities": 3820,
        "Net profit from business activities": 1779,
        "Profit": 190,
        "Profit before tax": 1969,
        "Present corporate income tax expenses": "N/A",
        "Deferred income taxes expenses": "N/A",
        "The interests of minority shareholders": 710,
        "Total Cost of profits": 710,
        "Profit after tax corporate income": 1259,
        "Volume": 8000000,
        "Close of Quarter": 7.5,
        "EPS": 522.7,
        "Non-adjusted EPS": 575,
        "PE": 13.0,
        "Book Price": 20.8
      }
    },
    {
      "quarter": "Q4 2008",
      "income status": {
        "Net sales": 291247,
        "Cost of goods sold": 253539,
        "Gross Profit": 37709,
        "Financial expenses": 28827,
        "Of which: Interest expense": 27495,
        "Cost of sales": 18731,
        "Enterprise cost management": 4928,
        "Total Operating Expenses": 52486,
        "Total revenue financing activities": 15710,
        "Net profit from business activities": 933,
        "Profit": 572,
        "Profit before tax": 1505,
        "Present corporate income tax expenses": 63,
        "Deferred income taxes expenses": "N/A",
        "The interests of minority shareholders": 312,
        "Total Cost of profits": 375,
        "Profit after tax corporate income": 1130,
        "Volume": 8000000,
        "Close of Quarter": "N/A",
        "EPS": 433.6,
        "Non-adjusted EPS": 477,
        "PE": "N/A",
        "Book Price": 21.2
      }
    },
    {
      "quarter": "Q3 2008",
      "income status": {
        "Net sales": 355841,
        "Cost of goods sold": 313722,
        "Gross Profit": 42119,
        "Financial expenses": 19863,
        "Of which: Interest expense": 17402,
        "Cost of sales": 17765,
        "Enterprise cost management": 4460,
        "Total Operating Expenses": 42088,
        "Total revenue financing activities": 1069,
        "Net profit from business activities": 1099,
        "Profit": 311,
        "Profit before tax": 1410,
        "Present corporate income tax expenses": 78,
        "Deferred income taxes expenses": "N/A",
        "The interests of minority shareholders": 174,
        "Total Cost of profits": 252,
        "Profit after tax corporate income": 1158,
        "Volume": 8000000,
        "Close of Quarter": "N/A",
        "EPS": 872.7,
        "Non-adjusted EPS": 960,
        "PE": "N/A",
        "Book Price": 21.1
      }
    },
    {
      "quarter": "Q2 2008",
      "income status": {
        "Net sales": 183914,
        "Cost of goods sold": 163784,
        "Gross Profit": 20130,
        "Financial expenses": 16163,
        "Of which: Interest expense": 16143,
        "Cost of sales": 9365,
        "Enterprise cost management": 4003,
        "Total Operating Expenses": 29531,
        "Total revenue financing activities": 10390,
        "Net profit from business activities": 990,
        "Profit": 227,
        "Profit before tax": 1216,
        "Present corporate income tax expenses": 78,
        "Deferred income taxes expenses": "N/A",
        "The interests of minority shareholders": 88,
        "Total Cost of profits": 166,
        "Profit after tax corporate income": 1051,
        "Volume": 8000000,
        "Close of Quarter": "N/A",
        "EPS": 1703.7,
        "Non-adjusted EPS": 1874,
        "PE": "N/A",
        "Book Price": 20.6
      }
    },
    {
      "quarter": "Q1 2008",
      "income status": {
        "Net sales": 165317,
        "Cost of goods sold": 144080,
        "Gross Profit": 21237,
        "Financial expenses": 11403,
        "Of which: Interest expense": "N/A",
        "Cost of sales": 6317,
        "Enterprise cost management": 2979,
        "Total Operating Expenses": 20699,
        "Total revenue financing activities": 58,
        "Net profit from business activities": 596,
        "Profit": -121,
        "Profit before tax": 475,
        "Present corporate income tax expenses": "N/A",
        "Deferred income taxes expenses": "N/A",
        "The interests of minority shareholders": "N/A",
        "Total Cost of profits": 0,
        "Profit after tax corporate income": 475,
        "Volume": 8000000,
        "Close of Quarter": "N/A",
        "EPS": 2320.9,
        "Non-adjusted EPS": 2553,
        "PE": "N/A",
        "Book Price": "N/A"
      }
    },
    {
      "quarter": "Q4 2007",
      "income status": {
        "Net sales": 192657,
        "Cost of goods sold": 158754,
        "Gross Profit": 33903,
        "Financial expenses": 12888,
        "Of which: Interest expense": 12293,
        "Cost of sales": 13080,
        "Enterprise cost management": 3284,
        "Total Operating Expenses": 29252,
        "Total revenue financing activities": 524,
        "Net profit from business activities": 5174,
        "Profit": -176,
        "Profit before tax": 4999,
        "Present corporate income tax expenses": "N/A",
        "Deferred income taxes expenses": "N/A",
        "The interests of minority shareholders": "N/A",
        "Total Cost of profits": 0,
        "Profit after tax corporate income": 4999,
        "Volume": 8000000,
        "Close of Quarter": "N/A",
        "EPS": 2328.2,
        "Non-adjusted EPS": 2561,
        "PE": "N/A",
        "Book Price": "N/A"
      }
    },
    {
      "quarter": "Q3 2007",
      "income status": {
        "Net sales": 276840,
        "Cost of goods sold": 243889,
        "Gross Profit": 32951,
        "Financial expenses": 10390,
        "Of which: Interest expense": 10109,
        "Cost of sales": 11882,
        "Enterprise cost management": 3359,
        "Total Operating Expenses": 25631,
        "Total revenue financing activities": 1812,
        "Net profit from business activities": 9132,
        "Profit": -665,
        "Profit before tax": 8467,
        "Present corporate income tax expenses": "N/A",
        "Deferred income taxes expenses": "N/A",
        "The interests of minority shareholders": "N/A",
        "Total Cost of profits": 0,
        "Profit after tax corporate income": 8467,
        "Volume": 8000000,
        "Close of Quarter": "N/A",
        "EPS": 1760.0,
        "Non-adjusted EPS": 1936,
        "PE": "N/A",
        "Book Price": "N/A"
      }
    },
    {
      "quarter": "Q2 2007",
      "income status": {
        "Net sales": 247041,
        "Cost of goods sold": 217872,
        "Gross Profit": 29168,
        "Financial expenses": 7437,
        "Of which: Interest expense": 7437,
        "Cost of sales": 12664,
        "Enterprise cost management": 3129,
        "Total Operating Expenses": 23230,
        "Total revenue financing activities": 509,
        "Net profit from business activities": 6447,
        "Profit": 33,
        "Profit before tax": 6481,
        "Present corporate income tax expenses": "N/A",
        "Deferred income taxes expenses": "N/A",
        "The interests of minority shareholders": "N/A",
        "Total Cost of profits": 0,
        "Profit after tax corporate income": 6481,
        "Volume": 8000000,
        "Close of Quarter": "N/A",
        "EPS": 797.3,
        "Non-adjusted EPS": 877,
        "PE": "N/A",
        "Book Price": "N/A"
      }
    },
    {
      "quarter": "Q1 2007",
      "income status": {
        "Net sales": 169491,
        "Cost of goods sold": 153222,
        "Gross Profit": 16269,
        "Financial expenses": 6094,
        "Of which: Interest expense": 6094,
        "Cost of sales": 7548,
        "Enterprise cost management": 2215,
        "Total Operating Expenses": 15857,
        "Total revenue financing activities": 134,
        "Net profit from business activities": 544,
        "Profit": -6,
        "Profit before tax": 538,
        "Present corporate income tax expenses": "N/A",
        "Deferred income taxes expenses": "N/A",
        "The interests of minority shareholders": "N/A",
        "Total Cost of profits": 0,
        "Profit after tax corporate income": 538,
        "Volume": 8000000,
        "Close of Quarter": "N/A",
        "EPS": 60.9,
        "Non-adjusted EPS": 67,
        "PE": "N/A",
        "Book Price": "N/A"
      }
    }
  ]
}