{
  "ticker": "SDT",
  "data": [
    {
      "quarter": "Q1 2017",
      "income status": {
        "Net sales": 223771,
        "Cost of goods sold": 185131,
        "Gross Profit": 38639,
        "Financial expenses": 24557,
        "Of which: Interest expense": 24537,
        "Cost of sales": "N/A",
        "Enterprise cost management": 10927,
        "Total Operating Expenses": 35484,
        "Total revenue financing activities": 1552,
        "Net profit from business activities": 4707,
        "Profit": -466,
        "Profit before tax": 4241,
        "Present corporate income tax expenses": 2319,
        "Deferred income taxes expenses": "N/A",
        "The interests of minority shareholders": -3169,
        "Total Cost of profits": -850,
        "Profit after tax corporate income": 5091,
        "Volume": 42732311,
        "Close of Quarter": 9.1,
        "EPS": 2026,
        "Non-adjusted EPS": 2026,
        "PE": 4.5,
        "Book Price": 22.3
      }
    },
    {
      "quarter": "Q4 2016",
      "income status": {
        "Net sales": 512976,
        "Cost of goods sold": 420299,
        "Gross Profit": 92677,
        "Financial expenses": 11119,
        "Of which: Interest expense": 26141,
        "Cost of sales": "N/A",
        "Enterprise cost management": 27101,
        "Total Operating Expenses": 38220,
        "Total revenue financing activities": 1045,
        "Net profit from business activities": 55538,
        "Profit": -3256,
        "Profit before tax": 52282,
        "Present corporate income tax expenses": 11394,
        "Deferred income taxes expenses": 1679,
        "The interests of minority shareholders": -6574,
        "Total Cost of profits": 6499,
        "Profit after tax corporate income": 45783,
        "Volume": 42732311,
        "Close of Quarter": 9.9,
        "EPS": 1981,
        "Non-adjusted EPS": 1981,
        "PE": 5,
        "Book Price": 22.5
      }
    },
    {
      "quarter": "Q3 2016",
      "income status": {
        "Net sales": 311287,
        "Cost of goods sold": 246597,
        "Gross Profit": 64690,
        "Financial expenses": 25383,
        "Of which: Interest expense": 24711,
        "Cost of sales": "N/A",
        "Enterprise cost management": 21171,
        "Total Operating Expenses": 46554,
        "Total revenue financing activities": 1415,
        "Net profit from business activities": 19552,
        "Profit": -777,
        "Profit before tax": 18774,
        "Present corporate income tax expenses": 4786,
        "Deferred income taxes expenses": "N/A",
        "The interests of minority shareholders": -2621,
        "Total Cost of profits": 2165,
        "Profit after tax corporate income": 16609,
        "Volume": 42732311,
        "Close of Quarter": 8.0,
        "EPS": 1245,
        "Non-adjusted EPS": 1245,
        "PE": 6.4,
        "Book Price": 22.6
      }
    },
    {
      "quarter": "Q2 2016",
      "income status": {
        "Net sales": 371097,
        "Cost of goods sold": 299187,
        "Gross Profit": 71911,
        "Financial expenses": 27578,
        "Of which: Interest expense": 24891,
        "Cost of sales": "N/A",
        "Enterprise cost management": 26707,
        "Total Operating Expenses": 54285,
        "Total revenue financing activities": 1197,
        "Net profit from business activities": 19072,
        "Profit": 1732,
        "Profit before tax": 20804,
        "Present corporate income tax expenses": 4029,
        "Deferred income taxes expenses": 1531,
        "The interests of minority shareholders": -3865,
        "Total Cost of profits": 1695,
        "Profit after tax corporate income": 19109,
        "Volume": 42732311,
        "Close of Quarter": 9.4,
        "EPS": 1271,
        "Non-adjusted EPS": 1271,
        "PE": 7.4,
        "Book Price": 22.3
      }
    },
    {
      "quarter": "Q1 2016",
      "income status": {
        "Net sales": 241427,
        "Cost of goods sold": 202346,
        "Gross Profit": 39081,
        "Financial expenses": 23163,
        "Of which: Interest expense": 23108,
        "Cost of sales": "N/A",
        "Enterprise cost management": 15282,
        "Total Operating Expenses": 38445,
        "Total revenue financing activities": 1266,
        "Net profit from business activities": 1902,
        "Profit": 554,
        "Profit before tax": 2455,
        "Present corporate income tax expenses": 1449,
        "Deferred income taxes expenses": "N/A",
        "The interests of minority shareholders": -2130,
        "Total Cost of profits": -681,
        "Profit after tax corporate income": 3137,
        "Volume": 42732311,
        "Close of Quarter": 10.3,
        "EPS": 1535,
        "Non-adjusted EPS": 1535,
        "PE": 6.7,
        "Book Price": 21.9
      }
    },
    {
      "quarter": "Q4 2015",
      "income status": {
        "Net sales": 530554,
        "Cost of goods sold": 418711,
        "Gross Profit": 111843,
        "Financial expenses": 43773,
        "Of which: Interest expense": 23771,
        "Cost of sales": "N/A",
        "Enterprise cost management": 51333,
        "Total Operating Expenses": 95106,
        "Total revenue financing activities": 636,
        "Net profit from business activities": 18529,
        "Profit": -2115,
        "Profit before tax": 16414,
        "Present corporate income tax expenses": 4082,
        "Deferred income taxes expenses": "N/A",
        "The interests of minority shareholders": -2028,
        "Total Cost of profits": 2054,
        "Profit after tax corporate income": 14361,
        "Volume": 42732311,
        "Close of Quarter": 11.2,
        "EPS": 1800,
        "Non-adjusted EPS": 1800,
        "PE": 6.2,
        "Book Price": 22.3
      }
    },
    {
      "quarter": "Q3 2015",
      "income status": {
        "Net sales": 377529,
        "Cost of goods sold": 310289,
        "Gross Profit": 67240,
        "Financial expenses": 23794,
        "Of which: Interest expense": 23337,
        "Cost of sales": "N/A",
        "Enterprise cost management": 24135,
        "Total Operating Expenses": 47929,
        "Total revenue financing activities": 2736,
        "Net profit from business activities": 22048,
        "Profit": -431,
        "Profit before tax": 21617,
        "Present corporate income tax expenses": 6164,
        "Deferred income taxes expenses": "N/A",
        "The interests of minority shareholders": -2261,
        "Total Cost of profits": 3903,
        "Profit after tax corporate income": 17714,
        "Volume": 42732311,
        "Close of Quarter": 11.6,
        "EPS": 1825,
        "Non-adjusted EPS": 1825,
        "PE": 6.3,
        "Book Price": 21.5
      }
    },
    {
      "quarter": "Q2 2015",
      "income status": {
        "Net sales": 420151,
        "Cost of goods sold": 342954,
        "Gross Profit": 77197,
        "Financial expenses": 27231,
        "Of which: Interest expense": 23495,
        "Cost of sales": "N/A",
        "Enterprise cost management": 15940,
        "Total Operating Expenses": 43171,
        "Total revenue financing activities": 3165,
        "Net profit from business activities": 37913,
        "Profit": -935,
        "Profit before tax": 36978,
        "Present corporate income tax expenses": 9861,
        "Deferred income taxes expenses": "N/A",
        "The interests of minority shareholders": -3281,
        "Total Cost of profits": 6580,
        "Profit after tax corporate income": 30398,
        "Volume": 42732311,
        "Close of Quarter": 11.4,
        "EPS": 1787,
        "Non-adjusted EPS": 1787,
        "PE": 6.4,
        "Book Price": 22.7
      }
    },
    {
      "quarter": "Q1 2015",
      "income status": {
        "Net sales": 269110,
        "Cost of goods sold": 210594,
        "Gross Profit": 58516,
        "Financial expenses": 23050,
        "Of which: Interest expense": 22462,
        "Cost of sales": "N/A",
        "Enterprise cost management": 19650,
        "Total Operating Expenses": 42700,
        "Total revenue financing activities": 1140,
        "Net profit from business activities": 16956,
        "Profit": -388,
        "Profit before tax": 16569,
        "Present corporate income tax expenses": 5617,
        "Deferred income taxes expenses": "N/A",
        "The interests of minority shareholders": -3508,
        "Total Cost of profits": 2109,
        "Profit after tax corporate income": 14460,
        "Volume": 42732311,
        "Close of Quarter": 11.9,
        "EPS": 1607,
        "Non-adjusted EPS": 1607,
        "PE": 7.4,
        "Book Price": 21.9
      }
    },
    {
      "quarter": "Q4 2014",
      "income status": {
        "Net sales": 419887,
        "Cost of goods sold": 348987,
        "Gross Profit": 70900,
        "Financial expenses": 24055,
        "Of which: Interest expense": 25578,
        "Cost of sales": "N/A",
        "Enterprise cost management": 40882,
        "Total Operating Expenses": 64937,
        "Total revenue financing activities": 3264,
        "Net profit from business activities": 10736,
        "Profit": -48,
        "Profit before tax": 10689,
        "Present corporate income tax expenses": 4877,
        "Deferred income taxes expenses": 21,
        "The interests of minority shareholders": -9618,
        "Total Cost of profits": -4720,
        "Profit after tax corporate income": 15410,
        "Volume": 42732311,
        "Close of Quarter": 12.6,
        "EPS": 1808,
        "Non-adjusted EPS": 1808,
        "PE": 7.0,
        "Book Price": 22
      }
    },
    {
      "quarter": "Q3 2014",
      "income status": {
        "Net sales": 296071,
        "Cost of goods sold": 227286,
        "Gross Profit": 68785,
        "Financial expenses": 25070,
        "Of which: Interest expense": 24885,
        "Cost of sales": "N/A",
        "Enterprise cost management": 22833,
        "Total Operating Expenses": 47903,
        "Total revenue financing activities": 1657,
        "Net profit from business activities": 22539,
        "Profit": -2137,
        "Profit before tax": 20403,
        "Present corporate income tax expenses": 4497,
        "Deferred income taxes expenses": "N/A",
        "The interests of minority shareholders": -207,
        "Total Cost of profits": 4290,
        "Profit after tax corporate income": 16113,
        "Volume": 39945403,
        "Close of Quarter": 13.3,
        "EPS": 2022.9,
        "Non-adjusted EPS": 2164,
        "PE": 6.2,
        "Book Price": 21.7
      }
    },
    {
      "quarter": "Q2 2014",
      "income status": {
        "Net sales": 304332,
        "Cost of goods sold": 237640,
        "Gross Profit": 66693,
        "Financial expenses": 17198,
        "Of which: Interest expense": 14777,
        "Cost of sales": "N/A",
        "Enterprise cost management": 16645,
        "Total Operating Expenses": 33843,
        "Total revenue financing activities": 2543,
        "Net profit from business activities": 35548,
        "Profit": -1549,
        "Profit before tax": 33999,
        "Present corporate income tax expenses": 10188,
        "Deferred income taxes expenses": "N/A",
        "The interests of minority shareholders": 1126,
        "Total Cost of profits": 11314,
        "Profit after tax corporate income": 22685,
        "Volume": 39945403,
        "Close of Quarter": 11.9,
        "EPS": 2067.7,
        "Non-adjusted EPS": 2212,
        "PE": 5.4,
        "Book Price": 21.5
      }
    },
    {
      "quarter": "Q1 2014",
      "income status": {
        "Net sales": 242223,
        "Cost of goods sold": 172266,
        "Gross Profit": 69957,
        "Financial expenses": 16472,
        "Of which: Interest expense": 16435,
        "Cost of sales": "N/A",
        "Enterprise cost management": 21613,
        "Total Operating Expenses": 38085,
        "Total revenue financing activities": 665,
        "Net profit from business activities": 32537,
        "Profit": -75,
        "Profit before tax": 32462,
        "Present corporate income tax expenses": 5978,
        "Deferred income taxes expenses": "N/A",
        "The interests of minority shareholders": 3416,
        "Total Cost of profits": 9394,
        "Profit after tax corporate income": 23069,
        "Volume": 27377996,
        "Close of Quarter": 13.7,
        "EPS": 1968.8,
        "Non-adjusted EPS": 3073,
        "PE": 4.5,
        "Book Price": 20.2
      }
    },
    {
      "quarter": "Q4 2013",
      "income status": {
        "Net sales": 401688,
        "Cost of goods sold": 326505,
        "Gross Profit": 75183,
        "Financial expenses": 22680,
        "Of which: Interest expense": 18584,
        "Cost of sales": "N/A",
        "Enterprise cost management": 18742,
        "Total Operating Expenses": 41422,
        "Total revenue financing activities": 1753,
        "Net profit from business activities": 35513,
        "Profit": -93,
        "Profit before tax": 36727,
        "Present corporate income tax expenses": 6165,
        "Deferred income taxes expenses": "N/A",
        "The interests of minority shareholders": 5996,
        "Total Cost of profits": 12161,
        "Profit after tax corporate income": 24566,
        "Volume": 21060000,
        "Close of Quarter": 11.1,
        "EPS": 1860.5,
        "Non-adjusted EPS": 3775,
        "PE": 3.0,
        "Book Price": 13.4
      }
    },
    {
      "quarter": "Q3 2013",
      "income status": {
        "Net sales": 356668,
        "Cost of goods sold": 265912,
        "Gross Profit": 90756,
        "Financial expenses": 33523,
        "Of which: Interest expense": 15776,
        "Cost of sales": "N/A",
        "Enterprise cost management": 30925,
        "Total Operating Expenses": 64448,
        "Total revenue financing activities": 433,
        "Net profit from business activities": 26741,
        "Profit": -721,
        "Profit before tax": 26020,
        "Present corporate income tax expenses": 6206,
        "Deferred income taxes expenses": "N/A",
        "The interests of minority shareholders": 1776,
        "Total Cost of profits": 7982,
        "Profit after tax corporate income": 18038,
        "Volume": 21060000,
        "Close of Quarter": 8.0,
        "EPS": 2145.8,
        "Non-adjusted EPS": 4354,
        "PE": 1.8,
        "Book Price": 13.8
      }
    },
    {
      "quarter": "Q2 2013",
      "income status": {
        "Net sales": 372798,
        "Cost of goods sold": 307065,
        "Gross Profit": 65733,
        "Financial expenses": 22141,
        "Of which: Interest expense": 19755,
        "Cost of sales": "N/A",
        "Enterprise cost management": 20414,
        "Total Operating Expenses": 42555,
        "Total revenue financing activities": 383,
        "Net profit from business activities": 23561,
        "Profit": 1117,
        "Profit before tax": 25295,
        "Present corporate income tax expenses": 6100,
        "Deferred income taxes expenses": "N/A",
        "The interests of minority shareholders": 747,
        "Total Cost of profits": 6847,
        "Profit after tax corporate income": 18448,
        "Volume": 21060000,
        "Close of Quarter": 7.4,
        "EPS": 2257.2,
        "Non-adjusted EPS": 4580,
        "PE": 1.6,
        "Book Price": 14.1
      }
    },
    {
      "quarter": "Q1 2013",
      "income status": {
        "Net sales": 247614,
        "Cost of goods sold": 177400,
        "Gross Profit": 70215,
        "Financial expenses": 25319,
        "Of which: Interest expense": 17456,
        "Cost of sales": "N/A",
        "Enterprise cost management": 20459,
        "Total Operating Expenses": 45778,
        "Total revenue financing activities": 606,
        "Net profit from business activities": 25042,
        "Profit": -251,
        "Profit before tax": 24792,
        "Present corporate income tax expenses": 6295,
        "Deferred income taxes expenses": "N/A",
        "The interests of minority shareholders": 57,
        "Total Cost of profits": 6352,
        "Profit after tax corporate income": 18439,
        "Volume": 21060000,
        "Close of Quarter": 7.5,
        "EPS": 2333.1,
        "Non-adjusted EPS": 4734,
        "PE": 1.6,
        "Book Price": 14.0
      }
    },
    {
      "quarter": "Q4 2012",
      "income status": {
        "Net sales": 495083,
        "Cost of goods sold": 387838,
        "Gross Profit": 107245,
        "Financial expenses": 32456,
        "Of which: Interest expense": 21555,
        "Cost of sales": "N/A",
        "Enterprise cost management": 31060,
        "Total Operating Expenses": 63516,
        "Total revenue financing activities": 650,
        "Net profit from business activities": 44379,
        "Profit": 1557,
        "Profit before tax": 46718,
        "Present corporate income tax expenses": 8157,
        "Deferred income taxes expenses": "N/A",
        "The interests of minority shareholders": 1786,
        "Total Cost of profits": 9943,
        "Profit after tax corporate income": 36775,
        "Volume": 21060000,
        "Close of Quarter": 6.1,
        "EPS": 2206.4,
        "Non-adjusted EPS": 4477,
        "PE": 1.4,
        "Book Price": 13.5
      }
    },
    {
      "quarter": "Q3 2012",
      "income status": {
        "Net sales": 359621,
        "Cost of goods sold": 289412,
        "Gross Profit": 70209,
        "Financial expenses": 23229,
        "Of which: Interest expense": 16410,
        "Cost of sales": "N/A",
        "Enterprise cost management": 20461,
        "Total Operating Expenses": 43690,
        "Total revenue financing activities": 399,
        "Net profit from business activities": 26918,
        "Profit": -65,
        "Profit before tax": 27276,
        "Present corporate income tax expenses": 1483,
        "Deferred income taxes expenses": "N/A",
        "The interests of minority shareholders": 2990,
        "Total Cost of profits": 4473,
        "Profit after tax corporate income": 22803,
        "Volume": 21060000,
        "Close of Quarter": 5.1,
        "EPS": 2350.3,
        "Non-adjusted EPS": 4769,
        "PE": 1.1,
        "Book Price": 13.6
      }
    },
    {
      "quarter": "Q2 2012",
      "income status": {
        "Net sales": 382338,
        "Cost of goods sold": 284039,
        "Gross Profit": 98299,
        "Financial expenses": 32103,
        "Of which: Interest expense": 25119,
        "Cost of sales": "N/A",
        "Enterprise cost management": 33194,
        "Total Operating Expenses": 65297,
        "Total revenue financing activities": 809,
        "Net profit from business activities": 33811,
        "Profit": -2620,
        "Profit before tax": 32175,
        "Present corporate income tax expenses": 6148,
        "Deferred income taxes expenses": "N/A",
        "The interests of minority shareholders": 4342,
        "Total Cost of profits": 10490,
        "Profit after tax corporate income": 21685,
        "Volume": 11700000,
        "Close of Quarter": 6.3,
        "EPS": 2243.8,
        "Non-adjusted EPS": 8195,
        "PE": 0.8,
        "Book Price": 13.0
      }
    },
    {
      "quarter": "Q1 2012",
      "income status": {
        "Net sales": 231839,
        "Cost of goods sold": 173062,
        "Gross Profit": 58777,
        "Financial expenses": 23888,
        "Of which: Interest expense": 23888,
        "Cost of sales": "N/A",
        "Enterprise cost management": 16771,
        "Total Operating Expenses": 40659,
        "Total revenue financing activities": 1123,
        "Net profit from business activities": 19241,
        "Profit": -61,
        "Profit before tax": 19386,
        "Present corporate income tax expenses": 3753,
        "Deferred income taxes expenses": "N/A",
        "The interests of minority shareholders": 2601,
        "Total Cost of profits": 6354,
        "Profit after tax corporate income": 13033,
        "Volume": 11700000,
        "Close of Quarter": 6.3,
        "EPS": 2377.4,
        "Non-adjusted EPS": 8683,
        "PE": 0.7,
        "Book Price": 12.7
      }
    },
    {
      "quarter": "Q4 2011",
      "income status": {
        "Net sales": 555232,
        "Cost of goods sold": 437543,
        "Gross Profit": 117689,
        "Financial expenses": 33241,
        "Of which: Interest expense": 28043,
        "Cost of sales": "N/A",
        "Enterprise cost management": 34623,
        "Total Operating Expenses": 67864,
        "Total revenue financing activities": 778,
        "Net profit from business activities": 50603,
        "Profit": 37,
        "Profit before tax": 52566,
        "Present corporate income tax expenses": 3467,
        "Deferred income taxes expenses": "N/A",
        "The interests of minority shareholders": 6184,
        "Total Cost of profits": 9651,
        "Profit after tax corporate income": 42915,
        "Volume": 11700000,
        "Close of Quarter": 4.6,
        "EPS": 2218.6,
        "Non-adjusted EPS": 8103,
        "PE": 0.6,
        "Book Price": 12.5
      }
    },
    {
      "quarter": "Q3 2011",
      "income status": {
        "Net sales": 390790,
        "Cost of goods sold": 318851,
        "Gross Profit": 71939,
        "Financial expenses": 26558,
        "Of which: Interest expense": 26496,
        "Cost of sales": "N/A",
        "Enterprise cost management": 17988,
        "Total Operating Expenses": 44546,
        "Total revenue financing activities": 1281,
        "Net profit from business activities": 28674,
        "Profit": 38,
        "Profit before tax": 28712,
        "Present corporate income tax expenses": 5337,
        "Deferred income taxes expenses": "N/A",
        "The interests of minority shareholders": 5122,
        "Total Cost of profits": 10459,
        "Profit after tax corporate income": 18253,
        "Volume": 11700000,
        "Close of Quarter": 6.0,
        "EPS": 1811.2,
        "Non-adjusted EPS": 6615,
        "PE": 0.9,
        "Book Price": 11.4
      }
    },
    {
      "quarter": "Q2 2011",
      "income status": {
        "Net sales": 456398,
        "Cost of goods sold": 366266,
        "Gross Profit": 90132,
        "Financial expenses": 30591,
        "Of which: Interest expense": 22369,
        "Cost of sales": "N/A",
        "Enterprise cost management": 21345,
        "Total Operating Expenses": 51936,
        "Total revenue financing activities": 211,
        "Net profit from business activities": 38407,
        "Profit": 139,
        "Profit before tax": 39213,
        "Present corporate income tax expenses": 8384,
        "Deferred income taxes expenses": "N/A",
        "The interests of minority shareholders": 3440,
        "Total Cost of profits": 11824,
        "Profit after tax corporate income": 27389,
        "Volume": 11700000,
        "Close of Quarter": 6.1,
        "EPS": 1992.7,
        "Non-adjusted EPS": 7278,
        "PE": 0.8,
        "Book Price": 11.0
      }
    },
    {
      "quarter": "Q1 2011",
      "income status": {
        "Net sales": 150768,
        "Cost of goods sold": 108219,
        "Gross Profit": 42549,
        "Financial expenses": 19580,
        "Of which: Interest expense": 19580,
        "Cost of sales": "N/A",
        "Enterprise cost management": 13504,
        "Total Operating Expenses": 33084,
        "Total revenue financing activities": 570,
        "Net profit from business activities": 10036,
        "Profit": -25,
        "Profit before tax": 10011,
        "Present corporate income tax expenses": 1624,
        "Deferred income taxes expenses": "N/A",
        "The interests of minority shareholders": 2137,
        "Total Cost of profits": 3761,
        "Profit after tax corporate income": 6251,
        "Volume": 11700000,
        "Close of Quarter": 7.7,
        "EPS": 1909.2,
        "Non-adjusted EPS": 6973,
        "PE": 1.1,
        "Book Price": 11.0
      }
    },
    {
      "quarter": "Q4 2010",
      "income status": {
        "Net sales": 321039,
        "Cost of goods sold": 251294,
        "Gross Profit": 69745,
        "Financial expenses": 20176,
        "Of which: Interest expense": 13921,
        "Cost of sales": "N/A",
        "Enterprise cost management": 21178,
        "Total Operating Expenses": 41354,
        "Total revenue financing activities": 983,
        "Net profit from business activities": 29374,
        "Profit": 1289,
        "Profit before tax": 31102,
        "Present corporate income tax expenses": 4143,
        "Deferred income taxes expenses": "N/A",
        "The interests of minority shareholders": 1456,
        "Total Cost of profits": 5599,
        "Profit after tax corporate income": 25502,
        "Volume": 11700000,
        "Close of Quarter": 12.0,
        "EPS": 2017.6,
        "Non-adjusted EPS": 7369,
        "PE": 1.6,
        "Book Price": 10.8
      }
    },
    {
      "quarter": "Q3 2010",
      "income status": {
        "Net sales": 305058,
        "Cost of goods sold": 237210,
        "Gross Profit": 67848,
        "Financial expenses": 19672,
        "Of which: Interest expense": 19210,
        "Cost of sales": "N/A",
        "Enterprise cost management": 14505,
        "Total Operating Expenses": 34177,
        "Total revenue financing activities": 417,
        "Net profit from business activities": 34088,
        "Profit": -14,
        "Profit before tax": 34244,
        "Present corporate income tax expenses": 3839,
        "Deferred income taxes expenses": "N/A",
        "The interests of minority shareholders": 4396,
        "Total Cost of profits": 8235,
        "Profit after tax corporate income": 26009,
        "Volume": 11700000,
        "Close of Quarter": 13.4,
        "EPS": 2229.3,
        "Non-adjusted EPS": 8142,
        "PE": 1.6,
        "Book Price": 10.2
      }
    },
    {
      "quarter": "Q2 2010",
      "income status": {
        "Net sales": 130899,
        "Cost of goods sold": 114980,
        "Gross Profit": 15919,
        "Financial expenses": 1770,
        "Of which: Interest expense": 1800,
        "Cost of sales": "N/A",
        "Enterprise cost management": 7807,
        "Total Operating Expenses": 9577,
        "Total revenue financing activities": 18305,
        "Net profit from business activities": 24647,
        "Profit": 279,
        "Profit before tax": 29885,
        "Present corporate income tax expenses": 6059,
        "Deferred income taxes expenses": "N/A",
        "The interests of minority shareholders": "N/A",
        "Total Cost of profits": 6059,
        "Profit after tax corporate income": 23826,
        "Volume": 11700000,
        "Close of Quarter": 15.3,
        "EPS": 2123.6,
        "Non-adjusted EPS": 7756,
        "PE": 2.0,
        "Book Price": 9.1
      }
    },
    {
      "quarter": "Q1 2010",
      "income status": {
        "Net sales": 123704,
        "Cost of goods sold": 96326,
        "Gross Profit": 27377,
        "Financial expenses": 6320,
        "Of which: Interest expense": 6320,
        "Cost of sales": "N/A",
        "Enterprise cost management": 8945,
        "Total Operating Expenses": 15265,
        "Total revenue financing activities": 256,
        "Net profit from business activities": 12368,
        "Profit": 102,
        "Profit before tax": 12470,
        "Present corporate income tax expenses": 1591,
        "Deferred income taxes expenses": "N/A",
        "The interests of minority shareholders": "N/A",
        "Total Cost of profits": 1591,
        "Profit after tax corporate income": 10879,
        "Volume": 11661000,
        "Close of Quarter": 14.2,
        "EPS": 2174.9,
        "Non-adjusted EPS": 7970,
        "PE": 1.8,
        "Book Price": 9.1
      }
    },
    {
      "quarter": "Q4 2009",
      "income status": {
        "Net sales": 236751,
        "Cost of goods sold": 197816,
        "Gross Profit": 38935,
        "Financial expenses": 5104,
        "Of which: Interest expense": "N/A",
        "Cost of sales": "N/A",
        "Enterprise cost management": 11653,
        "Total Operating Expenses": 16757,
        "Total revenue financing activities": 5387,
        "Net profit from business activities": 27565,
        "Profit": 13615,
        "Profit before tax": 41180,
        "Present corporate income tax expenses": 4633,
        "Deferred income taxes expenses": "N/A",
        "The interests of minority shareholders": 2000,
        "Total Cost of profits": 6633,
        "Profit after tax corporate income": 34547,
        "Volume": 11661000,
        "Close of Quarter": 13.0,
        "EPS": 2310.5,
        "Non-adjusted EPS": 8467,
        "PE": 1.5,
        "Book Price": 10.0
      }
    },
    {
      "quarter": "Q3 2009",
      "income status": {
        "Net sales": 212179,
        "Cost of goods sold": 175204,
        "Gross Profit": 36974,
        "Financial expenses": 4197,
        "Of which: Interest expense": 7886,
        "Cost of sales": "N/A",
        "Enterprise cost management": 10887,
        "Total Operating Expenses": 15084,
        "Total revenue financing activities": 3973,
        "Net profit from business activities": 25863,
        "Profit": 160,
        "Profit before tax": 26023,
        "Present corporate income tax expenses": 1737,
        "Deferred income taxes expenses": "N/A",
        "The interests of minority shareholders": 2792,
        "Total Cost of profits": 4529,
        "Profit after tax corporate income": 21494,
        "Volume": 11605000,
        "Close of Quarter": 15.5,
        "EPS": 1847.3,
        "Non-adjusted EPS": 6802,
        "PE": 2.3,
        "Book Price": 9.2
      }
    },
    {
      "quarter": "Q2 2009",
      "income status": {
        "Net sales": 218404,
        "Cost of goods sold": 177110,
        "Gross Profit": 41294,
        "Financial expenses": 3704,
        "Of which: Interest expense": "N/A",
        "Cost of sales": "N/A",
        "Enterprise cost management": 11913,
        "Total Operating Expenses": 15617,
        "Total revenue financing activities": 1326,
        "Net profit from business activities": 27003,
        "Profit": 4243,
        "Profit before tax": 31246,
        "Present corporate income tax expenses": 3610,
        "Deferred income taxes expenses": "N/A",
        "The interests of minority shareholders": 2112,
        "Total Cost of profits": 5722,
        "Profit after tax corporate income": 26014,
        "Volume": 11605000,
        "Close of Quarter": 8.2,
        "EPS": 1847.8,
        "Non-adjusted EPS": 6804,
        "PE": 1.2,
        "Book Price": 8.6
      }
    },
    {
      "quarter": "Q1 2009",
      "income status": {
        "Net sales": 177877,
        "Cost of goods sold": 144338,
        "Gross Profit": 33538,
        "Financial expenses": 3949,
        "Of which: Interest expense": "N/A",
        "Cost of sales": "N/A",
        "Enterprise cost management": 9502,
        "Total Operating Expenses": 13451,
        "Total revenue financing activities": 233,
        "Net profit from business activities": 20321,
        "Profit": 29,
        "Profit before tax": 20350,
        "Present corporate income tax expenses": 2346,
        "Deferred income taxes expenses": "N/A",
        "The interests of minority shareholders": 1326,
        "Total Cost of profits": 3672,
        "Profit after tax corporate income": 16678,
        "Volume": 11605000,
        "Close of Quarter": 4.7,
        "EPS": 1418.4,
        "Non-adjusted EPS": 5223,
        "PE": 0.9,
        "Book Price": 8.4
      }
    },
    {
      "quarter": "Q4 2008",
      "income status": {
        "Net sales": 260649,
        "Cost of goods sold": 222188,
        "Gross Profit": 38461,
        "Financial expenses": 13949,
        "Of which: Interest expense": "N/A",
        "Cost of sales": "N/A",
        "Enterprise cost management": 10232,
        "Total Operating Expenses": 24181,
        "Total revenue financing activities": 1188,
        "Net profit from business activities": 15468,
        "Profit": 444,
        "Profit before tax": 15912,
        "Present corporate income tax expenses": 1162,
        "Deferred income taxes expenses": "N/A",
        "The interests of minority shareholders": "N/A",
        "Total Cost of profits": 1162,
        "Profit after tax corporate income": 14750,
        "Volume": 11605000,
        "Close of Quarter": 4.7,
        "EPS": 1189.8,
        "Non-adjusted EPS": 4381,
        "PE": 1.1,
        "Book Price": 8.0
      }
    },
    {
      "quarter": "Q3 2008",
      "income status": {
        "Net sales": 199809,
        "Cost of goods sold": 157241,
        "Gross Profit": 42569,
        "Financial expenses": 7843,
        "Of which: Interest expense": "N/A",
        "Cost of sales": "N/A",
        "Enterprise cost management": 9080,
        "Total Operating Expenses": 16923,
        "Total revenue financing activities": 648,
        "Net profit from business activities": 26293,
        "Profit": 67,
        "Profit before tax": 26360,
        "Present corporate income tax expenses": 3413,
        "Deferred income taxes expenses": "N/A",
        "The interests of minority shareholders": 1432,
        "Total Cost of profits": 4845,
        "Profit after tax corporate income": 21515,
        "Volume": 11605000,
        "Close of Quarter": 7.1,
        "EPS": 1382.0,
        "Non-adjusted EPS": 5089,
        "PE": 1.4,
        "Book Price": 7.9
      }
    },
    {
      "quarter": "Q2 2008",
      "income status": {
        "Net sales": 139712,
        "Cost of goods sold": 107689,
        "Gross Profit": 32023,
        "Financial expenses": 13550,
        "Of which: Interest expense": "N/A",
        "Cost of sales": "N/A",
        "Enterprise cost management": 9083,
        "Total Operating Expenses": 22633,
        "Total revenue financing activities": 342,
        "Net profit from business activities": 9732,
        "Profit": "N/A",
        "Profit before tax": 9731,
        "Present corporate income tax expenses": 1195,
        "Deferred income taxes expenses": "N/A",
        "The interests of minority shareholders": 867,
        "Total Cost of profits": 2062,
        "Profit after tax corporate income": 7670,
        "Volume": 11700000,
        "Close of Quarter": 4.7,
        "EPS": 1079.9,
        "Non-adjusted EPS": 3944,
        "PE": 1.2,
        "Book Price": 7.4
      }
    },
    {
      "quarter": "Q1 2008",
      "income status": {
        "Net sales": 77993,
        "Cost of goods sold": 61778,
        "Gross Profit": 16215,
        "Financial expenses": 2040,
        "Of which: Interest expense": "N/A",
        "Cost of sales": "N/A",
        "Enterprise cost management": 6200,
        "Total Operating Expenses": 8240,
        "Total revenue financing activities": 462,
        "Net profit from business activities": 8436,
        "Profit": -2,
        "Profit before tax": 8435,
        "Present corporate income tax expenses": 1098,
        "Deferred income taxes expenses": "N/A",
        "The interests of minority shareholders": 428,
        "Total Cost of profits": 1526,
        "Profit after tax corporate income": 6909,
        "Volume": 11700000,
        "Close of Quarter": 9.0,
        "EPS": 1242.8,
        "Non-adjusted EPS": 4539,
        "PE": 2.0,
        "Book Price": 7.8
      }
    },
    {
      "quarter": "Q4 2007",
      "income status": {
        "Net sales": 189082,
        "Cost of goods sold": 156606,
        "Gross Profit": 32476,
        "Financial expenses": 2642,
        "Of which: Interest expense": "N/A",
        "Cost of sales": "N/A",
        "Enterprise cost management": 8874,
        "Total Operating Expenses": 11516,
        "Total revenue financing activities": 6257,
        "Net profit from business activities": 27217,
        "Profit": 214,
        "Profit before tax": 27431,
        "Present corporate income tax expenses": 1846,
        "Deferred income taxes expenses": "N/A",
        "The interests of minority shareholders": 2626,
        "Total Cost of profits": 4472,
        "Profit after tax corporate income": 22960,
        "Volume": 6000000,
        "Close of Quarter": 24.3,
        "EPS": 1277.4,
        "Non-adjusted EPS": 9098,
        "PE": 2.7,
        "Book Price": 7.5
      }
    },
    {
      "quarter": "Q3 2007",
      "income status": {
        "Net sales": 91311,
        "Cost of goods sold": 73171,
        "Gross Profit": 18140,
        "Financial expenses": 4263,
        "Of which: Interest expense": "N/A",
        "Cost of sales": "N/A",
        "Enterprise cost management": 6401,
        "Total Operating Expenses": 10664,
        "Total revenue financing activities": 296,
        "Net profit from business activities": 7773,
        "Profit": 1392,
        "Profit before tax": 9165,
        "Present corporate income tax expenses": 102,
        "Deferred income taxes expenses": "N/A",
        "The interests of minority shareholders": 457,
        "Total Cost of profits": 559,
        "Profit after tax corporate income": 8606,
        "Volume": 6000000,
        "Close of Quarter": 17.7,
        "EPS": 1003.5,
        "Non-adjusted EPS": 7147,
        "PE": 2.5,
        "Book Price": 2.8
      }
    },
    {
      "quarter": "Q2 2007",
      "income status": {
        "Net sales": 179270,
        "Cost of goods sold": 148962,
        "Gross Profit": 30308,
        "Financial expenses": 6238,
        "Of which: Interest expense": "N/A",
        "Cost of sales": "N/A",
        "Enterprise cost management": 8143,
        "Total Operating Expenses": 14381,
        "Total revenue financing activities": 397,
        "Net profit from business activities": 16325,
        "Profit": 3,
        "Profit before tax": 16327,
        "Present corporate income tax expenses": 383,
        "Deferred income taxes expenses": "N/A",
        "The interests of minority shareholders": 1309,
        "Total Cost of profits": 1692,
        "Profit after tax corporate income": 14636,
        "Volume": 6000000,
        "Close of Quarter": 18.6,
        "EPS": 802.2,
        "Non-adjusted EPS": 5713,
        "PE": 3.3,
        "Book Price": 2.6
      }
    },
    {
      "quarter": "Q1 2007",
      "income status": {
        "Net sales": 60390,
        "Cost of goods sold": 45275,
        "Gross Profit": 15115,
        "Financial expenses": 5718,
        "Of which: Interest expense": "N/A",
        "Cost of sales": "N/A",
        "Enterprise cost management": 6199,
        "Total Operating Expenses": 11917,
        "Total revenue financing activities": 5588,
        "Net profit from business activities": 8785,
        "Profit": 7,
        "Profit before tax": 8792,
        "Present corporate income tax expenses": "N/A",
        "Deferred income taxes expenses": "N/A",
        "The interests of minority shareholders": 409,
        "Total Cost of profits": 409,
        "Profit after tax corporate income": 8383,
        "Volume": 6000000,
        "Close of Quarter": 18.3,
        "EPS": 459.7,
        "Non-adjusted EPS": 3274,
        "PE": 5.6,
        "Book Price": 2.5
      }
    },
    {
      "quarter": "Q4 2006",
      "income status": {
        "Net sales": 163841,
        "Cost of goods sold": 140512,
        "Gross Profit": 23329,
        "Financial expenses": 3664,
        "Of which: Interest expense": "N/A",
        "Cost of sales": "N/A",
        "Enterprise cost management": 6306,
        "Total Operating Expenses": 9970,
        "Total revenue financing activities": -1137,
        "Net profit from business activities": 12222,
        "Profit": 254,
        "Profit before tax": 12476,
        "Present corporate income tax expenses": "N/A",
        "Deferred income taxes expenses": "N/A",
        "The interests of minority shareholders": 1217,
        "Total Cost of profits": 1217,
        "Profit after tax corporate income": 11259,
        "Volume": 6000000,
        "Close of Quarter": 8.8,
        "EPS": 263.6,
        "Non-adjusted EPS": 1877,
        "PE": 4.7,
        "Book Price": 2.7
      }
    }
  ]
}