{
  "ticker": "HLA",
  "data": [
    {
      "quarter": "Q1 2017",
      "income status": {
        "Net sales": 4722,
        "Cost of goods sold": 6825,
        "Gross Profit": -2103,
        "Financial expenses": 28098,
        "Of which: Interest expense": 25629,
        "Cost of sales": 108,
        "Enterprise cost management": 22342,
        "Total Operating Expenses": 50548,
        "Total revenue financing activities": 87,
        "Net profit from business activities": -52564,
        "Profit": -609,
        "Profit before tax": -53173,
        "Present corporate income tax expenses": "N/A",
        "Deferred income taxes expenses": "N/A",
        "The interests of minority shareholders": "N/A",
        "Total Cost of profits": 0,
        "Profit after tax corporate income": -53173,
        "Volume": 34457793,
        "Close of Quarter": 0.4,
        "EPS": -7906,
        "Non-adjusted EPS": -7906,
        "PE": -0.1,
        "Book Price": -31.4
      }
    },
    {
      "quarter": "Q4 2016",
      "income status": {
        "Net sales": 4067,
        "Cost of goods sold": 8095,
        "Gross Profit": -4028,
        "Financial expenses": 31815,
        "Of which: Interest expense": 22947,
        "Cost of sales": 68,
        "Enterprise cost management": 20873,
        "Total Operating Expenses": 52756,
        "Total revenue financing activities": "N/A",
        "Net profit from business activities": -56784,
        "Profit": -916,
        "Profit before tax": -57700,
        "Present corporate income tax expenses": "N/A",
        "Deferred income taxes expenses": "N/A",
        "The interests of minority shareholders": "N/A",
        "Total Cost of profits": 0,
        "Profit after tax corporate income": -57700,
        "Volume": 34457793,
        "Close of Quarter": 0.3,
        "EPS": -10797,
        "Non-adjusted EPS": -10797,
        "PE": -0.0,
        "Book Price": -29.8
      }
    },
    {
      "quarter": "Q3 2016",
      "income status": {
        "Net sales": 3745,
        "Cost of goods sold": 17982,
        "Gross Profit": -14237,
        "Financial expenses": 27832,
        "Of which: Interest expense": 25351,
        "Cost of sales": 65,
        "Enterprise cost management": 51649,
        "Total Operating Expenses": 79546,
        "Total revenue financing activities": 23,
        "Net profit from business activities": -93760,
        "Profit": -23206,
        "Profit before tax": -116966,
        "Present corporate income tax expenses": "N/A",
        "Deferred income taxes expenses": "N/A",
        "The interests of minority shareholders": "N/A",
        "Total Cost of profits": 0,
        "Profit after tax corporate income": -116966,
        "Volume": 34457793,
        "Close of Quarter": 0.4,
        "EPS": -12072,
        "Non-adjusted EPS": -12072,
        "PE": -0.0,
        "Book Price": -28.2
      }
    },
    {
      "quarter": "Q2 2016",
      "income status": {
        "Net sales": 6923,
        "Cost of goods sold": 10352,
        "Gross Profit": -3430,
        "Financial expenses": 25298,
        "Of which: Interest expense": 24149,
        "Cost of sales": 69,
        "Enterprise cost management": 15528,
        "Total Operating Expenses": 40895,
        "Total revenue financing activities": -243,
        "Net profit from business activities": -44569,
        "Profit": -11,
        "Profit before tax": -44580,
        "Present corporate income tax expenses": "N/A",
        "Deferred income taxes expenses": "N/A",
        "The interests of minority shareholders": "N/A",
        "Total Cost of profits": 0,
        "Profit after tax corporate income": -44580,
        "Volume": 34457793,
        "Close of Quarter": 0.6,
        "EPS": -10958,
        "Non-adjusted EPS": -10958,
        "PE": -0.1,
        "Book Price": -24.8
      }
    },
    {
      "quarter": "Q1 2016",
      "income status": {
        "Net sales": 18450,
        "Cost of goods sold": 23475,
        "Gross Profit": -5025,
        "Financial expenses": 30116,
        "Of which: Interest expense": 27501,
        "Cost of sales": 74,
        "Enterprise cost management": 119422,
        "Total Operating Expenses": 149612,
        "Total revenue financing activities": 2076,
        "Net profit from business activities": -152561,
        "Profit": -222,
        "Profit before tax": -152783,
        "Present corporate income tax expenses": "N/A",
        "Deferred income taxes expenses": "N/A",
        "The interests of minority shareholders": "N/A",
        "Total Cost of profits": 0,
        "Profit after tax corporate income": -152783,
        "Volume": 34457793,
        "Close of Quarter": 1.3,
        "EPS": -11028,
        "Non-adjusted EPS": -11028,
        "PE": -0.1,
        "Book Price": -23.5
      }
    },
    {
      "quarter": "Q4 2015",
      "income status": {
        "Net sales": 16489,
        "Cost of goods sold": 19302,
        "Gross Profit": -2812,
        "Financial expenses": 20033,
        "Of which: Interest expense": 18841,
        "Cost of sales": 76,
        "Enterprise cost management": 78873,
        "Total Operating Expenses": 98982,
        "Total revenue financing activities": 109,
        "Net profit from business activities": -101686,
        "Profit": 43,
        "Profit before tax": -101643,
        "Present corporate income tax expenses": "N/A",
        "Deferred income taxes expenses": "N/A",
        "The interests of minority shareholders": "N/A",
        "Total Cost of profits": 0,
        "Profit after tax corporate income": -101643,
        "Volume": 34457793,
        "Close of Quarter": 0.7,
        "EPS": -8369,
        "Non-adjusted EPS": -8369,
        "PE": -0.1,
        "Book Price": -19
      }
    },
    {
      "quarter": "Q3 2015",
      "income status": {
        "Net sales": 19170,
        "Cost of goods sold": 20013,
        "Gross Profit": -843,
        "Financial expenses": 40305,
        "Of which: Interest expense": 28921,
        "Cost of sales": 460,
        "Enterprise cost management": 38786,
        "Total Operating Expenses": 79551,
        "Total revenue financing activities": 46,
        "Net profit from business activities": -80348,
        "Profit": 1775,
        "Profit before tax": -78573,
        "Present corporate income tax expenses": "N/A",
        "Deferred income taxes expenses": "N/A",
        "The interests of minority shareholders": "N/A",
        "Total Cost of profits": 0,
        "Profit after tax corporate income": -78573,
        "Volume": 34457793,
        "Close of Quarter": 0.8,
        "EPS": -7238,
        "Non-adjusted EPS": -7238,
        "PE": -0.1,
        "Book Price": -16.1
      }
    },
    {
      "quarter": "Q2 2015",
      "income status": {
        "Net sales": 24284,
        "Cost of goods sold": 27205,
        "Gross Profit": -2921,
        "Financial expenses": 25450,
        "Of which: Interest expense": 18913,
        "Cost of sales": 555,
        "Enterprise cost management": 18227,
        "Total Operating Expenses": 44232,
        "Total revenue financing activities": 18,
        "Net profit from business activities": -47135,
        "Profit": 132,
        "Profit before tax": -47003,
        "Present corporate income tax expenses": "N/A",
        "Deferred income taxes expenses": "N/A",
        "The interests of minority shareholders": "N/A",
        "Total Cost of profits": 0,
        "Profit after tax corporate income": -47003,
        "Volume": 34457793,
        "Close of Quarter": 1.2,
        "EPS": -8879,
        "Non-adjusted EPS": -8879,
        "PE": -0.1,
        "Book Price": -12.4
      }
    },
    {
      "quarter": "Q4 2014",
      "income status": {
        "Net sales": 162226,
        "Cost of goods sold": 191395,
        "Gross Profit": -29170,
        "Financial expenses": 21771,
        "Of which: Interest expense": 20589,
        "Cost of sales": 305,
        "Enterprise cost management": 10942,
        "Total Operating Expenses": 33018,
        "Total revenue financing activities": 13,
        "Net profit from business activities": -62175,
        "Profit": 1026,
        "Profit before tax": -61149,
        "Present corporate income tax expenses": "N/A",
        "Deferred income taxes expenses": "N/A",
        "The interests of minority shareholders": "N/A",
        "Total Cost of profits": 0,
        "Profit after tax corporate income": -61149,
        "Volume": 34457793,
        "Close of Quarter": 1.8,
        "EPS": -13937,
        "Non-adjusted EPS": -13937,
        "PE": -0.1,
        "Book Price": "N/A"
      }
    },
    {
      "quarter": "Q3 2014",
      "income status": {
        "Net sales": 326342,
        "Cost of goods sold": 325057,
        "Gross Profit": 1285,
        "Financial expenses": 46326,
        "Of which: Interest expense": 33427,
        "Cost of sales": 1439,
        "Enterprise cost management": 14058,
        "Total Operating Expenses": 61823,
        "Total revenue financing activities": 198,
        "Net profit from business activities": -60340,
        "Profit": -2357,
        "Profit before tax": -62697,
        "Present corporate income tax expenses": "N/A",
        "Deferred income taxes expenses": "N/A",
        "The interests of minority shareholders": "N/A",
        "Total Cost of profits": 0,
        "Profit after tax corporate income": -62697,
        "Volume": 34457793,
        "Close of Quarter": 2.5,
        "EPS": -13803,
        "Non-adjusted EPS": -13803,
        "PE": -0.2,
        "Book Price": -4.9
      }
    },
    {
      "quarter": "Q2 2014",
      "income status": {
        "Net sales": 347965,
        "Cost of goods sold": 450638,
        "Gross Profit": -102673,
        "Financial expenses": 22532,
        "Of which: Interest expense": 22134,
        "Cost of sales": 3943,
        "Enterprise cost management": 5180,
        "Total Operating Expenses": 31655,
        "Total revenue financing activities": 403,
        "Net profit from business activities": -133926,
        "Profit": -1172,
        "Profit before tax": -135097,
        "Present corporate income tax expenses": "N/A",
        "Deferred income taxes expenses": "N/A",
        "The interests of minority shareholders": "N/A",
        "Total Cost of profits": 0,
        "Profit after tax corporate income": -135097,
        "Volume": 34457793,
        "Close of Quarter": 2.6,
        "EPS": -19283,
        "Non-adjusted EPS": -19283,
        "PE": -0.1,
        "Book Price": -3
      }
    },
    {
      "quarter": "Q1 2014",
      "income status": {
        "Net sales": 482453,
        "Cost of goods sold": 659852,
        "Gross Profit": -177399,
        "Financial expenses": 33901,
        "Of which: Interest expense": 33903,
        "Cost of sales": 3719,
        "Enterprise cost management": 6803,
        "Total Operating Expenses": 44423,
        "Total revenue financing activities": 553,
        "Net profit from business activities": -221268,
        "Profit": -13,
        "Profit before tax": -221281,
        "Present corporate income tax expenses": "N/A",
        "Deferred income taxes expenses": "N/A",
        "The interests of minority shareholders": "N/A",
        "Total Cost of profits": 0,
        "Profit after tax corporate income": -221281,
        "Volume": 34457793,
        "Close of Quarter": 5.6,
        "EPS": -15080,
        "Non-adjusted EPS": -15080,
        "PE": -0.4,
        "Book Price": 0.8
      }
    },
    {
      "quarter": "Q4 2013",
      "income status": {
        "Net sales": 719626,
        "Cost of goods sold": 737109,
        "Gross Profit": -17483,
        "Financial expenses": 29424,
        "Of which: Interest expense": 28845,
        "Cost of sales": 5416,
        "Enterprise cost management": 6206,
        "Total Operating Expenses": 41046,
        "Total revenue financing activities": 659,
        "Net profit from business activities": -57871,
        "Profit": 1315,
        "Profit before tax": -56556,
        "Present corporate income tax expenses": "N/A",
        "Deferred income taxes expenses": "N/A",
        "The interests of minority shareholders": "N/A",
        "Total Cost of profits": 0,
        "Profit after tax corporate income": -56556,
        "Volume": 34457793,
        "Close of Quarter": 4.6,
        "EPS": -8493,
        "Non-adjusted EPS": -8493,
        "PE": -0.5,
        "Book Price": 7.2
      }
    },
    {
      "quarter": "Q3 2013",
      "income status": {
        "Net sales": 500031,
        "Cost of goods sold": 700343,
        "Gross Profit": -200312,
        "Financial expenses": 48231,
        "Of which: Interest expense": 46458,
        "Cost of sales": 7920,
        "Enterprise cost management": 3295,
        "Total Operating Expenses": 59446,
        "Total revenue financing activities": 2774,
        "Net profit from business activities": -256984,
        "Profit": -1393,
        "Profit before tax": -258442,
        "Present corporate income tax expenses": -5813,
        "Deferred income taxes expenses": -1104,
        "The interests of minority shareholders": "N/A",
        "Total Cost of profits": -6917,
        "Profit after tax corporate income": -251525,
        "Volume": 34457793,
        "Close of Quarter": 5.1,
        "EPS": -5247,
        "Non-adjusted EPS": -5247,
        "PE": -1.0,
        "Book Price": 7.3
      }
    },
    {
      "quarter": "Q2 2013",
      "income status": {
        "Net sales": 1563302,
        "Cost of goods sold": 1473101,
        "Gross Profit": 90201,
        "Financial expenses": 56998,
        "Of which: Interest expense": 50579,
        "Cost of sales": 8064,
        "Enterprise cost management": 11797,
        "Total Operating Expenses": 76859,
        "Total revenue financing activities": 1834,
        "Net profit from business activities": 15176,
        "Profit": 875,
        "Profit before tax": 15931,
        "Present corporate income tax expenses": 2162,
        "Deferred income taxes expenses": 4018,
        "The interests of minority shareholders": "N/A",
        "Total Cost of profits": 6180,
        "Profit after tax corporate income": 9751,
        "Volume": 34457793,
        "Close of Quarter": 6.4,
        "EPS": 2361,
        "Non-adjusted EPS": 2361,
        "PE": 2.7,
        "Book Price": 14.6
      }
    },
    {
      "quarter": "Q1 2013",
      "income status": {
        "Net sales": 859992,
        "Cost of goods sold": 787863,
        "Gross Profit": 72128,
        "Financial expenses": 49611,
        "Of which: Interest expense": 49460,
        "Cost of sales": 9241,
        "Enterprise cost management": 9310,
        "Total Operating Expenses": 68162,
        "Total revenue financing activities": 766,
        "Net profit from business activities": 4733,
        "Profit": 3842,
        "Profit before tax": 8928,
        "Present corporate income tax expenses": 3640,
        "Deferred income taxes expenses": -404,
        "The interests of minority shareholders": "N/A",
        "Total Cost of profits": 3236,
        "Profit after tax corporate income": 5691,
        "Volume": 34457793,
        "Close of Quarter": 6.1,
        "EPS": 1419,
        "Non-adjusted EPS": 1419,
        "PE": 4.3,
        "Book Price": 14.4
      }
    },
    {
      "quarter": "Q4 2012",
      "income status": {
        "Net sales": 1677942,
        "Cost of goods sold": 1588369,
        "Gross Profit": 89573,
        "Financial expenses": 53526,
        "Of which: Interest expense": 52715,
        "Cost of sales": 7975,
        "Enterprise cost management": -1088,
        "Total Operating Expenses": 60413,
        "Total revenue financing activities": 20633,
        "Net profit from business activities": 49794,
        "Profit": 17341,
        "Profit before tax": 63662,
        "Present corporate income tax expenses": 8164,
        "Deferred income taxes expenses": 227,
        "The interests of minority shareholders": "N/A",
        "Total Cost of profits": 8391,
        "Profit after tax corporate income": 55271,
        "Volume": 34457793,
        "Close of Quarter": 5.1,
        "EPS": 687,
        "Non-adjusted EPS": 687,
        "PE": 7.4,
        "Book Price": 14.3
      }
    },
    {
      "quarter": "Q3 2012",
      "income status": {
        "Net sales": 975369,
        "Cost of goods sold": 890024,
        "Gross Profit": 85345,
        "Financial expenses": 56943,
        "Of which: Interest expense": 56088,
        "Cost of sales": 10238,
        "Enterprise cost management": 9476,
        "Total Operating Expenses": 76657,
        "Total revenue financing activities": 1613,
        "Net profit from business activities": 10301,
        "Profit": -38,
        "Profit before tax": 9803,
        "Present corporate income tax expenses": 728,
        "Deferred income taxes expenses": -1563,
        "The interests of minority shareholders": "N/A",
        "Total Cost of profits": -835,
        "Profit after tax corporate income": 10637,
        "Volume": 34457793,
        "Close of Quarter": 3.6,
        "EPS": -1484,
        "Non-adjusted EPS": -1484,
        "PE": -2.4,
        "Book Price": 12.9
      }
    },
    {
      "quarter": "Q2 2012",
      "income status": {
        "Net sales": 1428040,
        "Cost of goods sold": 1377123,
        "Gross Profit": 50917,
        "Financial expenses": 66048,
        "Of which: Interest expense": 65259,
        "Cost of sales": 9307,
        "Enterprise cost management": 15462,
        "Total Operating Expenses": 90817,
        "Total revenue financing activities": 2644,
        "Net profit from business activities": -37256,
        "Profit": 3282,
        "Profit before tax": -35511,
        "Present corporate income tax expenses": "N/A",
        "Deferred income taxes expenses": -12814,
        "The interests of minority shareholders": "N/A",
        "Total Cost of profits": -12814,
        "Profit after tax corporate income": -22697,
        "Volume": 34457793,
        "Close of Quarter": 4.7,
        "EPS": -2026,
        "Non-adjusted EPS": -2026,
        "PE": -2.3,
        "Book Price": 12.5
      }
    },
    {
      "quarter": "Q1 2012",
      "income status": {
        "Net sales": 894410,
        "Cost of goods sold": 829098,
        "Gross Profit": 65312,
        "Financial expenses": 65666,
        "Of which: Interest expense": 61272,
        "Cost of sales": 11950,
        "Enterprise cost management": 11272,
        "Total Operating Expenses": 88888,
        "Total revenue financing activities": 3601,
        "Net profit from business activities": -19974,
        "Profit": 228,
        "Profit before tax": -19949,
        "Present corporate income tax expenses": "N/A",
        "Deferred income taxes expenses": -411,
        "The interests of minority shareholders": "N/A",
        "Total Cost of profits": -411,
        "Profit after tax corporate income": -19538,
        "Volume": 34457793,
        "Close of Quarter": 4.9,
        "EPS": -1707,
        "Non-adjusted EPS": -1707,
        "PE": -2.9,
        "Book Price": 13.2
      }
    },
    {
      "quarter": "Q4 2011",
      "income status": {
        "Net sales": 894410,
        "Cost of goods sold": 829098,
        "Gross Profit": 65312,
        "Financial expenses": 65666,
        "Of which: Interest expense": 61272,
        "Cost of sales": 11950,
        "Enterprise cost management": 11272,
        "Total Operating Expenses": 88888,
        "Total revenue financing activities": 3601,
        "Net profit from business activities": -19974,
        "Profit": 228,
        "Profit before tax": -19949,
        "Present corporate income tax expenses": "N/A",
        "Deferred income taxes expenses": -411,
        "The interests of minority shareholders": "N/A",
        "Total Cost of profits": -411,
        "Profit after tax corporate income": -19538,
        "Volume": 34457793,
        "Close of Quarter": 4.2,
        "EPS": -535,
        "Non-adjusted EPS": -535,
        "PE": -7.9,
        "Book Price": 13.2
      }
    },
    {
      "quarter": "Q3 2011",
      "income status": {
        "Net sales": 1263496,
        "Cost of goods sold": 1183797,
        "Gross Profit": 79699,
        "Financial expenses": 66766,
        "Of which: Interest expense": 65055,
        "Cost of sales": 11417,
        "Enterprise cost management": 10755,
        "Total Operating Expenses": 88938,
        "Total revenue financing activities": 1063,
        "Net profit from business activities": -8178,
        "Profit": 575,
        "Profit before tax": -7787,
        "Present corporate income tax expenses": 1177,
        "Deferred income taxes expenses": -937,
        "The interests of minority shareholders": "N/A",
        "Total Cost of profits": 240,
        "Profit after tax corporate income": -8028,
        "Volume": 34457793,
        "Close of Quarter": 7.3,
        "EPS": -456,
        "Non-adjusted EPS": -456,
        "PE": -16.0,
        "Book Price": 13.8
      }
    },
    {
      "quarter": "Q2 2011",
      "income status": {
        "Net sales": 1255738,
        "Cost of goods sold": 1182040,
        "Gross Profit": 73699,
        "Financial expenses": 60252,
        "Of which: Interest expense": 58216,
        "Cost of sales": 9261,
        "Enterprise cost management": 18310,
        "Total Operating Expenses": 87823,
        "Total revenue financing activities": 3641,
        "Net profit from business activities": -10484,
        "Profit": 46,
        "Profit before tax": -11293,
        "Present corporate income tax expenses": -143,
        "Deferred income taxes expenses": 553,
        "The interests of minority shareholders": "N/A",
        "Total Cost of profits": 410,
        "Profit after tax corporate income": -11703,
        "Volume": 34459293,
        "Close of Quarter": 7.4,
        "EPS": 18,
        "Non-adjusted EPS": 18,
        "PE": 411.1,
        "Book Price": 14.1
      }
    },
    {
      "quarter": "Q1 2011",
      "income status": {
        "Net sales": 747971,
        "Cost of goods sold": 641854,
        "Gross Profit": 106117,
        "Financial expenses": 54220,
        "Of which: Interest expense": 47664,
        "Cost of sales": 7200,
        "Enterprise cost management": 19771,
        "Total Operating Expenses": 81191,
        "Total revenue financing activities": 4627,
        "Net profit from business activities": 29554,
        "Profit": -646,
        "Profit before tax": 29898,
        "Present corporate income tax expenses": 10062,
        "Deferred income taxes expenses": -996,
        "The interests of minority shareholders": "N/A",
        "Total Cost of profits": 9066,
        "Profit after tax corporate income": 20833,
        "Volume": 32800000,
        "Close of Quarter": 9.1,
        "EPS": 640.6,
        "Non-adjusted EPS": 673,
        "PE": 13.5,
        "Book Price": 14.3
      }
    },
    {
      "quarter": "Q4 2010",
      "income status": {
        "Net sales": 1115652,
        "Cost of goods sold": 1025455,
        "Gross Profit": 90197,
        "Financial expenses": 92063,
        "Of which: Interest expense": 43366,
        "Cost of sales": 6936,
        "Enterprise cost management": 21639,
        "Total Operating Expenses": 120638,
        "Total revenue financing activities": 4009,
        "Net profit from business activities": -26431,
        "Profit": 1329,
        "Profit before tax": -22569,
        "Present corporate income tax expenses": -5329,
        "Deferred income taxes expenses": -419,
        "The interests of minority shareholders": "N/A",
        "Total Cost of profits": -5748,
        "Profit after tax corporate income": -16822,
        "Volume": 32800000,
        "Close of Quarter": 11.9,
        "EPS": 570.2,
        "Non-adjusted EPS": 599,
        "PE": 19.9,
        "Book Price": 13.2
      }
    },
    {
      "quarter": "Q3 2010",
      "income status": {
        "Net sales": 711230,
        "Cost of goods sold": 635911,
        "Gross Profit": 75320,
        "Financial expenses": 48940,
        "Of which: Interest expense": 31751,
        "Cost of sales": 3343,
        "Enterprise cost management": 14323,
        "Total Operating Expenses": 66606,
        "Total revenue financing activities": 3490,
        "Net profit from business activities": 12203,
        "Profit": 140,
        "Profit before tax": 12223,
        "Present corporate income tax expenses": 3473,
        "Deferred income taxes expenses": 247,
        "The interests of minority shareholders": 190,
        "Total Cost of profits": 3910,
        "Profit after tax corporate income": 8314,
        "Volume": 32800000,
        "Close of Quarter": 15.1,
        "EPS": 1057.6,
        "Non-adjusted EPS": 1111,
        "PE": 13.6,
        "Book Price": 14.2
      }
    },
    {
      "quarter": "Q2 2010",
      "income status": {
        "Net sales": 595420,
        "Cost of goods sold": 510225,
        "Gross Profit": 85195,
        "Financial expenses": 59182,
        "Of which: Interest expense": 53890,
        "Cost of sales": 2533,
        "Enterprise cost management": 13388,
        "Total Operating Expenses": 75103,
        "Total revenue financing activities": 3072,
        "Net profit from business activities": 13163,
        "Profit": 211,
        "Profit before tax": 14405,
        "Present corporate income tax expenses": 3586,
        "Deferred income taxes expenses": 980,
        "The interests of minority shareholders": 91,
        "Total Cost of profits": 4657,
        "Profit after tax corporate income": 9748,
        "Volume": 32800000,
        "Close of Quarter": 19.4,
        "EPS": 1649.6,
        "Non-adjusted EPS": 1733,
        "PE": 11.2,
        "Book Price": 14.2
      }
    },
    {
      "quarter": "Q1 2010",
      "income status": {
        "Net sales": 477705,
        "Cost of goods sold": 418982,
        "Gross Profit": 58723,
        "Financial expenses": 19712,
        "Of which: Interest expense": -15411,
        "Cost of sales": 2560,
        "Enterprise cost management": 12596,
        "Total Operating Expenses": 34868,
        "Total revenue financing activities": 1432,
        "Net profit from business activities": 25287,
        "Profit": 67,
        "Profit before tax": 25353,
        "Present corporate income tax expenses": 6900,
        "Deferred income taxes expenses": 8,
        "The interests of minority shareholders": 50,
        "Total Cost of profits": 6958,
        "Profit after tax corporate income": 18396,
        "Volume": 32800000,
        "Close of Quarter": 23.2,
        "EPS": 2042.8,
        "Non-adjusted EPS": 2146,
        "PE": 10.8,
        "Book Price": 14.4
      }
    },
    {
      "quarter": "Q4 2009",
      "income status": {
        "Net sales": 673699,
        "Cost of goods sold": 639680,
        "Gross Profit": 34018,
        "Financial expenses": 45439,
        "Of which: Interest expense": 13273,
        "Cost of sales": -570,
        "Enterprise cost management": 12697,
        "Total Operating Expenses": 57566,
        "Total revenue financing activities": 6377,
        "Net profit from business activities": -17170,
        "Profit": 15438,
        "Profit before tax": -1733,
        "Present corporate income tax expenses": 403,
        "Deferred income taxes expenses": -919,
        "The interests of minority shareholders": -1195,
        "Total Cost of profits": -1711,
        "Profit after tax corporate income": -22,
        "Volume": 19000000,
        "Close of Quarter": 22.2,
        "EPS": 1934.9,
        "Non-adjusted EPS": 3509,
        "PE": 6.3,
        "Book Price": 8.1
      }
    },
    {
      "quarter": "Q3 2009",
      "income status": {
        "Net sales": 704412,
        "Cost of goods sold": 619822,
        "Gross Profit": 84590,
        "Financial expenses": 35459,
        "Of which: Interest expense": "N/A",
        "Cost of sales": 1042,
        "Enterprise cost management": 10764,
        "Total Operating Expenses": 47265,
        "Total revenue financing activities": 1025,
        "Net profit from business activities": 38351,
        "Profit": 159,
        "Profit before tax": 38510,
        "Present corporate income tax expenses": 9716,
        "Deferred income taxes expenses": 32,
        "The interests of minority shareholders": 41,
        "Total Cost of profits": 9789,
        "Profit after tax corporate income": 28722,
        "Volume": 19000000,
        "Close of Quarter": 30.7,
        "EPS": 1591.9,
        "Non-adjusted EPS": 2887,
        "PE": 10.6,
        "Book Price": 8.6
      }
    },
    {
      "quarter": "Q2 2009",
      "income status": {
        "Net sales": 671751,
        "Cost of goods sold": 599558,
        "Gross Profit": 72193,
        "Financial expenses": 31150,
        "Of which: Interest expense": 13842,
        "Cost of sales": 2215,
        "Enterprise cost management": 8537,
        "Total Operating Expenses": 41902,
        "Total revenue financing activities": 3770,
        "Net profit from business activities": 34061,
        "Profit": "N/A",
        "Profit before tax": 34061,
        "Present corporate income tax expenses": 8894,
        "Deferred income taxes expenses": 973,
        "The interests of minority shareholders": 914,
        "Total Cost of profits": 10781,
        "Profit after tax corporate income": 23280,
        "Volume": 19000000,
        "Close of Quarter": 16.9,
        "EPS": 1267.7,
        "Non-adjusted EPS": 2299,
        "PE": 7.4,
        "Book Price": 7.9
      }
    },
    {
      "quarter": "Q1 2009",
      "income status": {
        "Net sales": 495512,
        "Cost of goods sold": 441929,
        "Gross Profit": 53583,
        "Financial expenses": 22658,
        "Of which: Interest expense": 16236,
        "Cost of sales": 1905,
        "Enterprise cost management": 9454,
        "Total Operating Expenses": 34017,
        "Total revenue financing activities": 730,
        "Net profit from business activities": 20296,
        "Profit": 53,
        "Profit before tax": 20348,
        "Present corporate income tax expenses": 5369,
        "Deferred income taxes expenses": "N/A",
        "The interests of minority shareholders": 284,
        "Total Cost of profits": 5653,
        "Profit after tax corporate income": 14696,
        "Volume": 19000000,
        "Close of Quarter": 7.8,
        "EPS": 937.9,
        "Non-adjusted EPS": 1701,
        "PE": 4.6,
        "Book Price": 7.1
      }
    },
    {
      "quarter": "Q4 2008",
      "income status": {
        "Net sales": 472879,
        "Cost of goods sold": 445527,
        "Gross Profit": 27353,
        "Financial expenses": 26768,
        "Of which: Interest expense": 21873,
        "Cost of sales": 1676,
        "Enterprise cost management": 15889,
        "Total Operating Expenses": 44333,
        "Total revenue financing activities": 2068,
        "Net profit from business activities": -14912,
        "Profit": 4181,
        "Profit before tax": -10731,
        "Present corporate income tax expenses": "N/A",
        "Deferred income taxes expenses": 1120,
        "The interests of minority shareholders": "N/A",
        "Total Cost of profits": 1120,
        "Profit after tax corporate income": -11851,
        "Volume": 19000000,
        "Close of Quarter": 9.6,
        "EPS": 968.8,
        "Non-adjusted EPS": 1757,
        "PE": 5.4,
        "Book Price": 8.4
      }
    },
    {
      "quarter": "Q3 2008",
      "income status": {
        "Net sales": 475751,
        "Cost of goods sold": 415331,
        "Gross Profit": 60420,
        "Financial expenses": 24783,
        "Of which: Interest expense": "N/A",
        "Cost of sales": 1706,
        "Enterprise cost management": 9193,
        "Total Operating Expenses": 35682,
        "Total revenue financing activities": 467,
        "Net profit from business activities": 25204,
        "Profit": 79,
        "Profit before tax": 25283,
        "Present corporate income tax expenses": 7465,
        "Deferred income taxes expenses": "N/A",
        "The interests of minority shareholders": 261,
        "Total Cost of profits": 7726,
        "Profit after tax corporate income": 17558,
        "Volume": 19000000,
        "Close of Quarter": "N/A",
        "EPS": 1674.6,
        "Non-adjusted EPS": 3037,
        "PE": "N/A",
        "Book Price": 8.9
      }
    },
    {
      "quarter": "Q2 2008",
      "income status": {
        "Net sales": 510690,
        "Cost of goods sold": 451590,
        "Gross Profit": 59100,
        "Financial expenses": 32578,
        "Of which: Interest expense": 14185,
        "Cost of sales": 2527,
        "Enterprise cost management": 6497,
        "Total Operating Expenses": 41602,
        "Total revenue financing activities": 785,
        "Net profit from business activities": 18283,
        "Profit": -13,
        "Profit before tax": 18271,
        "Present corporate income tax expenses": 5253,
        "Deferred income taxes expenses": "N/A",
        "The interests of minority shareholders": 548,
        "Total Cost of profits": 5801,
        "Profit after tax corporate income": 11922,
        "Volume": 19000000,
        "Close of Quarter": "N/A",
        "EPS": 1165.1,
        "Non-adjusted EPS": 2113,
        "PE": "N/A",
        "Book Price": 8.6
      }
    },
    {
      "quarter": "Q1 2008",
      "income status": {
        "Net sales": 399711,
        "Cost of goods sold": 363381,
        "Gross Profit": 36330,
        "Financial expenses": 8872,
        "Of which: Interest expense": 7224,
        "Cost of sales": 1307,
        "Enterprise cost management": 7562,
        "Total Operating Expenses": 17741,
        "Total revenue financing activities": 2536,
        "Net profit from business activities": 21125,
        "Profit": 1820,
        "Profit before tax": 22945,
        "Present corporate income tax expenses": 6946,
        "Deferred income taxes expenses": "N/A",
        "The interests of minority shareholders": 249,
        "Total Cost of profits": 7195,
        "Profit after tax corporate income": 15750,
        "Volume": 19000000,
        "Close of Quarter": "N/A",
        "EPS": 818.8,
        "Non-adjusted EPS": 1485,
        "PE": "N/A",
        "Book Price": 8.9
      }
    },
    {
      "quarter": "Q2 2007",
      "income status": {
        "Net sales": 510690,
        "Cost of goods sold": 451590,
        "Gross Profit": 59100,
        "Financial expenses": 32578,
        "Of which: Interest expense": 14185,
        "Cost of sales": 2527,
        "Enterprise cost management": 6497,
        "Total Operating Expenses": 41602,
        "Total revenue financing activities": 785,
        "Net profit from business activities": 18283,
        "Profit": -13,
        "Profit before tax": 18271,
        "Present corporate income tax expenses": 5253,
        "Deferred income taxes expenses": "N/A",
        "The interests of minority shareholders": 548,
        "Total Cost of profits": 5801,
        "Profit after tax corporate income": 12470,
        "Volume": 19000000,
        "Close of Quarter": "N/A",
        "EPS": 361.7,
        "Non-adjusted EPS": 656,
        "PE": "N/A",
        "Book Price": "N/A"
      }
    }
  ]
}