{
  "ticker": "B82",
  "data": [
    {
      "quarter": "Q1 2017",
      "income status": {
        "Net sales": 6029,
        "Cost of goods sold": 2153,
        "Gross Profit": 3876,
        "Financial expenses": 2284,
        "Of which: Interest expense": 2284,
        "Cost of sales": "N/A",
        "Enterprise cost management": 1642,
        "Total Operating Expenses": 3926,
        "Total revenue financing activities": 3,
        "Net profit from business activities": -47,
        "Profit": 54,
        "Profit before tax": 7,
        "Present corporate income tax expenses": 1,
        "Deferred income taxes expenses": "N/A",
        "The interests of minority shareholders": "N/A",
        "Total Cost of profits": 1,
        "Profit after tax corporate income": 6,
        "Volume": 5000000,
        "Close of Quarter": 3.4,
        "EPS": 61,
        "Non-adjusted EPS": 61,
        "PE": 55.7,
        "Book Price": 9.9
      }
    },
    {
      "quarter": "Q4 2016",
      "income status": {
        "Net sales": 96667,
        "Cost of goods sold": 91659,
        "Gross Profit": 5008,
        "Financial expenses": 2009,
        "Of which: Interest expense": 2009,
        "Cost of sales": "N/A",
        "Enterprise cost management": 2074,
        "Total Operating Expenses": 4083,
        "Total revenue financing activities": 38,
        "Net profit from business activities": 963,
        "Profit": -913,
        "Profit before tax": 50,
        "Present corporate income tax expenses": 10,
        "Deferred income taxes expenses": "N/A",
        "The interests of minority shareholders": "N/A",
        "Total Cost of profits": 10,
        "Profit after tax corporate income": 40,
        "Volume": 5000000,
        "Close of Quarter": 4.1,
        "EPS": 89,
        "Non-adjusted EPS": 89,
        "PE": 46.1,
        "Book Price": 10
      }
    },
    {
      "quarter": "Q3 2016",
      "income status": {
        "Net sales": 59278,
        "Cost of goods sold": 54779,
        "Gross Profit": 4499,
        "Financial expenses": 2182,
        "Of which: Interest expense": 2182,
        "Cost of sales": "N/A",
        "Enterprise cost management": 2166,
        "Total Operating Expenses": 4348,
        "Total revenue financing activities": 56,
        "Net profit from business activities": 207,
        "Profit": 119,
        "Profit before tax": 325,
        "Present corporate income tax expenses": 65,
        "Deferred income taxes expenses": "N/A",
        "The interests of minority shareholders": "N/A",
        "Total Cost of profits": 65,
        "Profit after tax corporate income": 260,
        "Volume": 5000000,
        "Close of Quarter": 5.1,
        "EPS": 110,
        "Non-adjusted EPS": 110,
        "PE": 46.4,
        "Book Price": 10.1
      }
    },
    {
      "quarter": "Q2 2016",
      "income status": {
        "Net sales": 40375,
        "Cost of goods sold": 32934,
        "Gross Profit": 7441,
        "Financial expenses": 4823,
        "Of which: Interest expense": 4823,
        "Cost of sales": "N/A",
        "Enterprise cost management": 2339,
        "Total Operating Expenses": 7162,
        "Total revenue financing activities": 125,
        "Net profit from business activities": 404,
        "Profit": -301,
        "Profit before tax": 103,
        "Present corporate income tax expenses": 23,
        "Deferred income taxes expenses": "N/A",
        "The interests of minority shareholders": "N/A",
        "Total Cost of profits": 23,
        "Profit after tax corporate income": 0,
        "Volume": 5000000,
        "Close of Quarter": 5.6,
        "EPS": 113,
        "Non-adjusted EPS": 113,
        "PE": 49.6,
        "Book Price": 10
      }
    },
    {
      "quarter": "Q1 2016",
      "income status": {
        "Net sales": 108649,
        "Cost of goods sold": 105451,
        "Gross Profit": 3198,
        "Financial expenses": 2140,
        "Of which: Interest expense": 2140,
        "Cost of sales": "N/A",
        "Enterprise cost management": 985,
        "Total Operating Expenses": 3125,
        "Total revenue financing activities": 118,
        "Net profit from business activities": 191,
        "Profit": -5,
        "Profit before tax": 185,
        "Present corporate income tax expenses": 41,
        "Deferred income taxes expenses": "N/A",
        "The interests of minority shareholders": "N/A",
        "Total Cost of profits": 41,
        "Profit after tax corporate income": 145,
        "Volume": 3000000,
        "Close of Quarter": 6.2,
        "EPS": 111.6,
        "Non-adjusted EPS": 186,
        "PE": 33.3,
        "Book Price": 10.1
      }
    },
    {
      "quarter": "Q4 2015",
      "income status": {
        "Net sales": 149421,
        "Cost of goods sold": 140345,
        "Gross Profit": 9076,
        "Financial expenses": 5162,
        "Of which: Interest expense": 5162,
        "Cost of sales": "N/A",
        "Enterprise cost management": 4007,
        "Total Operating Expenses": 9169,
        "Total revenue financing activities": 106,
        "Net profit from business activities": 13,
        "Profit": 272,
        "Profit before tax": 285,
        "Present corporate income tax expenses": 142,
        "Deferred income taxes expenses": "N/A",
        "The interests of minority shareholders": "N/A",
        "Total Cost of profits": 142,
        "Profit after tax corporate income": 143,
        "Volume": 3000000,
        "Close of Quarter": 6.8,
        "EPS": 124.2,
        "Non-adjusted EPS": 207,
        "PE": 32.9,
        "Book Price": 8.2
      }
    },
    {
      "quarter": "Q3 2015",
      "income status": {
        "Net sales": 80642,
        "Cost of goods sold": 74505,
        "Gross Profit": 6137,
        "Financial expenses": 2525,
        "Of which: Interest expense": 2525,
        "Cost of sales": "N/A",
        "Enterprise cost management": 3347,
        "Total Operating Expenses": 5872,
        "Total revenue financing activities": 112,
        "Net profit from business activities": 377,
        "Profit": -23,
        "Profit before tax": 354,
        "Present corporate income tax expenses": 78,
        "Deferred income taxes expenses": "N/A",
        "The interests of minority shareholders": "N/A",
        "Total Cost of profits": 78,
        "Profit after tax corporate income": 276,
        "Volume": 3000000,
        "Close of Quarter": 6.6,
        "EPS": 636,
        "Non-adjusted EPS": 1060,
        "PE": 6.2,
        "Book Price": 8.2
      }
    },
    {
      "quarter": "Q2 2015",
      "income status": {
        "Net sales": 140983,
        "Cost of goods sold": 132467,
        "Gross Profit": 8516,
        "Financial expenses": 3966,
        "Of which: Interest expense": 3966,
        "Cost of sales": "N/A",
        "Enterprise cost management": 4287,
        "Total Operating Expenses": 8253,
        "Total revenue financing activities": 97,
        "Net profit from business activities": 360,
        "Profit": -248,
        "Profit before tax": 112,
        "Present corporate income tax expenses": 119,
        "Deferred income taxes expenses": "N/A",
        "The interests of minority shareholders": "N/A",
        "Total Cost of profits": 119,
        "Profit after tax corporate income": -7,
        "Volume": 3000000,
        "Close of Quarter": 6.6,
        "EPS": 637.2,
        "Non-adjusted EPS": 1062,
        "PE": 6.3,
        "Book Price": 8.2
      }
    },
    {
      "quarter": "Q1 2015",
      "income status": {
        "Net sales": 74955,
        "Cost of goods sold": 67017,
        "Gross Profit": 7938,
        "Financial expenses": 2733,
        "Of which: Interest expense": 2733,
        "Cost of sales": "N/A",
        "Enterprise cost management": 4853,
        "Total Operating Expenses": 7586,
        "Total revenue financing activities": 69,
        "Net profit from business activities": 422,
        "Profit": -137,
        "Profit before tax": 285,
        "Present corporate income tax expenses": 75,
        "Deferred income taxes expenses": "N/A",
        "The interests of minority shareholders": "N/A",
        "Total Cost of profits": 75,
        "Profit after tax corporate income": 209,
        "Volume": 3000000,
        "Close of Quarter": 7.0,
        "EPS": 656.4,
        "Non-adjusted EPS": 1094,
        "PE": 6.4,
        "Book Price": 8.9
      }
    },
    {
      "quarter": "Q4 2014",
      "income status": {
        "Net sales": 249401,
        "Cost of goods sold": 234387,
        "Gross Profit": 15014,
        "Financial expenses": 5343,
        "Of which: Interest expense": 5343,
        "Cost of sales": "N/A",
        "Enterprise cost management": 6236,
        "Total Operating Expenses": 11579,
        "Total revenue financing activities": 206,
        "Net profit from business activities": 3641,
        "Profit": 31,
        "Profit before tax": 3671,
        "Present corporate income tax expenses": 968,
        "Deferred income taxes expenses": "N/A",
        "The interests of minority shareholders": "N/A",
        "Total Cost of profits": 968,
        "Profit after tax corporate income": 2703,
        "Volume": 3000000,
        "Close of Quarter": 6.7,
        "EPS": 655.2,
        "Non-adjusted EPS": 1092,
        "PE": 6.1,
        "Book Price": 8.9
      }
    },
    {
      "quarter": "Q3 2014",
      "income status": {
        "Net sales": 175596,
        "Cost of goods sold": 166677,
        "Gross Profit": 8919,
        "Financial expenses": 3604,
        "Of which: Interest expense": 3604,
        "Cost of sales": "N/A",
        "Enterprise cost management": 4794,
        "Total Operating Expenses": 8398,
        "Total revenue financing activities": 104,
        "Net profit from business activities": 624,
        "Profit": -263,
        "Profit before tax": 361,
        "Present corporate income tax expenses": 79,
        "Deferred income taxes expenses": "N/A",
        "The interests of minority shareholders": "N/A",
        "Total Cost of profits": 79,
        "Profit after tax corporate income": 282,
        "Volume": 3000000,
        "Close of Quarter": 7.0,
        "EPS": 1105.2,
        "Non-adjusted EPS": 1842,
        "PE": 3.8,
        "Book Price": 8.2
      }
    },
    {
      "quarter": "Q2 2014",
      "income status": {
        "Net sales": 194676,
        "Cost of goods sold": 182350,
        "Gross Profit": 12327,
        "Financial expenses": 6776,
        "Of which: Interest expense": 6747,
        "Cost of sales": "N/A",
        "Enterprise cost management": 5045,
        "Total Operating Expenses": 11821,
        "Total revenue financing activities": 188,
        "Net profit from business activities": 694,
        "Profit": -582,
        "Profit before tax": 112,
        "Present corporate income tax expenses": 25,
        "Deferred income taxes expenses": "N/A",
        "The interests of minority shareholders": "N/A",
        "Total Cost of profits": 25,
        "Profit after tax corporate income": 87,
        "Volume": 3000000,
        "Close of Quarter": 7.0,
        "EPS": 1215,
        "Non-adjusted EPS": 2025,
        "PE": 3.5,
        "Book Price": 8.2
      }
    },
    {
      "quarter": "Q1 2014",
      "income status": {
        "Net sales": 110293,
        "Cost of goods sold": 103529,
        "Gross Profit": 6764,
        "Financial expenses": 1709,
        "Of which: Interest expense": 1709,
        "Cost of sales": "N/A",
        "Enterprise cost management": 4566,
        "Total Operating Expenses": 6275,
        "Total revenue financing activities": 20,
        "Net profit from business activities": 509,
        "Profit": -234,
        "Profit before tax": 276,
        "Present corporate income tax expenses": 72,
        "Deferred income taxes expenses": "N/A",
        "The interests of minority shareholders": "N/A",
        "Total Cost of profits": 72,
        "Profit after tax corporate income": 203,
        "Volume": 3000000,
        "Close of Quarter": 7.6,
        "EPS": 1290.6,
        "Non-adjusted EPS": 2151,
        "PE": 3.5,
        "Book Price": 9.4
      }
    },
    {
      "quarter": "Q4 2013",
      "income status": {
        "Net sales": 274348,
        "Cost of goods sold": 260377,
        "Gross Profit": 13971,
        "Financial expenses": 4396,
        "Of which: Interest expense": 4396,
        "Cost of sales": "N/A",
        "Enterprise cost management": 4888,
        "Total Operating Expenses": 9284,
        "Total revenue financing activities": 122,
        "Net profit from business activities": 4808,
        "Profit": 2011,
        "Profit before tax": 6820,
        "Present corporate income tax expenses": 1865,
        "Deferred income taxes expenses": "N/A",
        "The interests of minority shareholders": "N/A",
        "Total Cost of profits": 1865,
        "Profit after tax corporate income": 4955,
        "Volume": 3000000,
        "Close of Quarter": 6.2,
        "EPS": 1288.2,
        "Non-adjusted EPS": 2147,
        "PE": 2.9,
        "Book Price": 9.4
      }
    },
    {
      "quarter": "Q3 2013",
      "income status": {
        "Net sales": 201800,
        "Cost of goods sold": 193812,
        "Gross Profit": 7988,
        "Financial expenses": 3123,
        "Of which: Interest expense": 3123,
        "Cost of sales": "N/A",
        "Enterprise cost management": 3800,
        "Total Operating Expenses": 6923,
        "Total revenue financing activities": 187,
        "Net profit from business activities": 1253,
        "Profit": -145,
        "Profit before tax": 1108,
        "Present corporate income tax expenses": 277,
        "Deferred income taxes expenses": "N/A",
        "The interests of minority shareholders": "N/A",
        "Total Cost of profits": 277,
        "Profit after tax corporate income": 831,
        "Volume": 3000000,
        "Close of Quarter": 5.9,
        "EPS": 896.4,
        "Non-adjusted EPS": 1494,
        "PE": 4.0,
        "Book Price": 8.4
      }
    },
    {
      "quarter": "Q2 2013",
      "income status": {
        "Net sales": 219617,
        "Cost of goods sold": 207794,
        "Gross Profit": 11823,
        "Financial expenses": 3363,
        "Of which: Interest expense": 3363,
        "Cost of sales": "N/A",
        "Enterprise cost management": 7560,
        "Total Operating Expenses": 10923,
        "Total revenue financing activities": 208,
        "Net profit from business activities": 1108,
        "Profit": -491,
        "Profit before tax": 617,
        "Present corporate income tax expenses": 154,
        "Deferred income taxes expenses": "N/A",
        "The interests of minority shareholders": "N/A",
        "Total Cost of profits": 154,
        "Profit after tax corporate income": 463,
        "Volume": 3000000,
        "Close of Quarter": 4.8,
        "EPS": 933,
        "Non-adjusted EPS": 1555,
        "PE": 3.1,
        "Book Price": 8.2
      }
    },
    {
      "quarter": "Q1 2013",
      "income status": {
        "Net sales": 26062,
        "Cost of goods sold": 23007,
        "Gross Profit": 3056,
        "Financial expenses": 1236,
        "Of which: Interest expense": 1236,
        "Cost of sales": "N/A",
        "Enterprise cost management": 1486,
        "Total Operating Expenses": 2722,
        "Total revenue financing activities": 10,
        "Net profit from business activities": 344,
        "Profit": -89,
        "Profit before tax": 255,
        "Present corporate income tax expenses": 64,
        "Deferred income taxes expenses": "N/A",
        "The interests of minority shareholders": "N/A",
        "Total Cost of profits": 64,
        "Profit after tax corporate income": 191,
        "Volume": 3000000,
        "Close of Quarter": 4.7,
        "EPS": 921,
        "Non-adjusted EPS": 1535,
        "PE": 3.1,
        "Book Price": 9.1
      }
    },
    {
      "quarter": "Q4 2012",
      "income status": {
        "Net sales": 187635,
        "Cost of goods sold": 166420,
        "Gross Profit": 21215,
        "Financial expenses": 8085,
        "Of which: Interest expense": 8085,
        "Cost of sales": "N/A",
        "Enterprise cost management": 9745,
        "Total Operating Expenses": 17830,
        "Total revenue financing activities": 326,
        "Net profit from business activities": 3712,
        "Profit": 86,
        "Profit before tax": 3798,
        "Present corporate income tax expenses": 802,
        "Deferred income taxes expenses": "N/A",
        "The interests of minority shareholders": "N/A",
        "Total Cost of profits": 802,
        "Profit after tax corporate income": 2996,
        "Volume": 3000000,
        "Close of Quarter": 4.9,
        "EPS": 1023.6,
        "Non-adjusted EPS": 1706,
        "PE": 2.9,
        "Book Price": 9.1
      }
    },
    {
      "quarter": "Q3 2012",
      "income status": {
        "Net sales": 71746,
        "Cost of goods sold": 63281,
        "Gross Profit": 8465,
        "Financial expenses": 3168,
        "Of which: Interest expense": 3168,
        "Cost of sales": "N/A",
        "Enterprise cost management": 4098,
        "Total Operating Expenses": 7266,
        "Total revenue financing activities": 67,
        "Net profit from business activities": 1266,
        "Profit": -35,
        "Profit before tax": 1231,
        "Present corporate income tax expenses": 215,
        "Deferred income taxes expenses": "N/A",
        "The interests of minority shareholders": "N/A",
        "Total Cost of profits": 215,
        "Profit after tax corporate income": 1015,
        "Volume": 3000000,
        "Close of Quarter": 4.7,
        "EPS": 784.2,
        "Non-adjusted EPS": 1307,
        "PE": 3.6,
        "Book Price": 8.5
      }
    },
    {
      "quarter": "Q2 2012",
      "income status": {
        "Net sales": 67025,
        "Cost of goods sold": 61357,
        "Gross Profit": 5667,
        "Financial expenses": 2411,
        "Of which: Interest expense": 2411,
        "Cost of sales": "N/A",
        "Enterprise cost management": 2802,
        "Total Operating Expenses": 5213,
        "Total revenue financing activities": 150,
        "Net profit from business activities": 605,
        "Profit": -66,
        "Profit before tax": 539,
        "Present corporate income tax expenses": 135,
        "Deferred income taxes expenses": "N/A",
        "The interests of minority shareholders": "N/A",
        "Total Cost of profits": 135,
        "Profit after tax corporate income": 404,
        "Volume": 3000000,
        "Close of Quarter": 4.5,
        "EPS": 733.8,
        "Non-adjusted EPS": 1223,
        "PE": 3.7,
        "Book Price": 8.2
      }
    },
    {
      "quarter": "Q1 2012",
      "income status": {
        "Net sales": 18788,
        "Cost of goods sold": 15859,
        "Gross Profit": 2929,
        "Financial expenses": 944,
        "Of which: Interest expense": 944,
        "Cost of sales": "N/A",
        "Enterprise cost management": 975,
        "Total Operating Expenses": 1919,
        "Total revenue financing activities": 6,
        "Net profit from business activities": 1015,
        "Profit": -79,
        "Profit before tax": 936,
        "Present corporate income tax expenses": 234,
        "Deferred income taxes expenses": "N/A",
        "The interests of minority shareholders": "N/A",
        "Total Cost of profits": 234,
        "Profit after tax corporate income": 702,
        "Volume": 3000000,
        "Close of Quarter": 4.3,
        "EPS": 1030.2,
        "Non-adjusted EPS": 1717,
        "PE": 2.5,
        "Book Price": 9.1
      }
    },
    {
      "quarter": "Q4 2011",
      "income status": {
        "Net sales": 145288,
        "Cost of goods sold": 130910,
        "Gross Profit": 14378,
        "Financial expenses": 7521,
        "Of which: Interest expense": 7521,
        "Cost of sales": "N/A",
        "Enterprise cost management": 4942,
        "Total Operating Expenses": 12463,
        "Total revenue financing activities": 151,
        "Net profit from business activities": 2066,
        "Profit": 920,
        "Profit before tax": 2986,
        "Present corporate income tax expenses": 1184,
        "Deferred income taxes expenses": "N/A",
        "The interests of minority shareholders": "N/A",
        "Total Cost of profits": 1184,
        "Profit after tax corporate income": 1801,
        "Volume": 3000000,
        "Close of Quarter": 5.4,
        "EPS": 1125.6,
        "Non-adjusted EPS": 1876,
        "PE": 2.9,
        "Book Price": 8.8
      }
    },
    {
      "quarter": "Q3 2011",
      "income status": {
        "Net sales": 55032,
        "Cost of goods sold": 48083,
        "Gross Profit": 6949,
        "Financial expenses": 2457,
        "Of which: Interest expense": 2457,
        "Cost of sales": "N/A",
        "Enterprise cost management": 3397,
        "Total Operating Expenses": 5854,
        "Total revenue financing activities": 19,
        "Net profit from business activities": 1114,
        "Profit": -98,
        "Profit before tax": 1016,
        "Present corporate income tax expenses": 254,
        "Deferred income taxes expenses": "N/A",
        "The interests of minority shareholders": "N/A",
        "Total Cost of profits": 254,
        "Profit after tax corporate income": 762,
        "Volume": 3000000,
        "Close of Quarter": 5.4,
        "EPS": 1593,
        "Non-adjusted EPS": 2655,
        "PE": 2.0,
        "Book Price": 8.7
      }
    },
    {
      "quarter": "Q2 2011",
      "income status": {
        "Net sales": 63904,
        "Cost of goods sold": 54361,
        "Gross Profit": 9543,
        "Financial expenses": 2153,
        "Of which: Interest expense": 2153,
        "Cost of sales": "N/A",
        "Enterprise cost management": 5464,
        "Total Operating Expenses": 7617,
        "Total revenue financing activities": 134,
        "Net profit from business activities": 2060,
        "Profit": 96,
        "Profit before tax": 2157,
        "Present corporate income tax expenses": 270,
        "Deferred income taxes expenses": "N/A",
        "The interests of minority shareholders": "N/A",
        "Total Cost of profits": 270,
        "Profit after tax corporate income": 1887,
        "Volume": 3000000,
        "Close of Quarter": 5.4,
        "EPS": 1651.8,
        "Non-adjusted EPS": 2753,
        "PE": 2.0,
        "Book Price": 8.6
      }
    },
    {
      "quarter": "Q1 2011",
      "income status": {
        "Net sales": 18963,
        "Cost of goods sold": 15919,
        "Gross Profit": 3044,
        "Financial expenses": 891,
        "Of which: Interest expense": 891,
        "Cost of sales": "N/A",
        "Enterprise cost management": 891,
        "Total Operating Expenses": 1782,
        "Total revenue financing activities": 14,
        "Net profit from business activities": 1276,
        "Profit": 71,
        "Profit before tax": 1347,
        "Present corporate income tax expenses": 168,
        "Deferred income taxes expenses": "N/A",
        "The interests of minority shareholders": "N/A",
        "Total Cost of profits": 168,
        "Profit after tax corporate income": 1179,
        "Volume": 3000000,
        "Close of Quarter": 6.9,
        "EPS": 1609.8,
        "Non-adjusted EPS": 2683,
        "PE": 2.6,
        "Book Price": 9.5
      }
    },
    {
      "quarter": "Q4 2010",
      "income status": {
        "Net sales": 166792,
        "Cost of goods sold": 152646,
        "Gross Profit": 14146,
        "Financial expenses": 5043,
        "Of which: Interest expense": 5043,
        "Cost of sales": "N/A",
        "Enterprise cost management": 7856,
        "Total Operating Expenses": 12899,
        "Total revenue financing activities": 152,
        "Net profit from business activities": 1400,
        "Profit": 3330,
        "Profit before tax": 4729,
        "Present corporate income tax expenses": 591,
        "Deferred income taxes expenses": "N/A",
        "The interests of minority shareholders": "N/A",
        "Total Cost of profits": 591,
        "Profit after tax corporate income": 4138,
        "Volume": 3000000,
        "Close of Quarter": 6.5,
        "EPS": 1618.2,
        "Non-adjusted EPS": 2697,
        "PE": 2.4,
        "Book Price": 9.4
      }
    },
    {
      "quarter": "Q3 2010",
      "income status": {
        "Net sales": 16909,
        "Cost of goods sold": 14519,
        "Gross Profit": 2389,
        "Financial expenses": 610,
        "Of which: Interest expense": 610,
        "Cost of sales": "N/A",
        "Enterprise cost management": 989,
        "Total Operating Expenses": 1599,
        "Total revenue financing activities": 12,
        "Net profit from business activities": 802,
        "Profit": 403,
        "Profit before tax": 1205,
        "Present corporate income tax expenses": 151,
        "Deferred income taxes expenses": "N/A",
        "The interests of minority shareholders": "N/A",
        "Total Cost of profits": 151,
        "Profit after tax corporate income": 1055,
        "Volume": 3000000,
        "Close of Quarter": 9.0,
        "EPS": 1217.4,
        "Non-adjusted EPS": 2029,
        "PE": 4.4,
        "Book Price": 8.6
      }
    },
    {
      "quarter": "Q2 2010",
      "income status": {
        "Net sales": 73122,
        "Cost of goods sold": 67155,
        "Gross Profit": 5968,
        "Financial expenses": 894,
        "Of which: Interest expense": 894,
        "Cost of sales": "N/A",
        "Enterprise cost management": 3239,
        "Total Operating Expenses": 4133,
        "Total revenue financing activities": 70,
        "Net profit from business activities": 1904,
        "Profit": 14,
        "Profit before tax": 1918,
        "Present corporate income tax expenses": 240,
        "Deferred income taxes expenses": "N/A",
        "The interests of minority shareholders": "N/A",
        "Total Cost of profits": 240,
        "Profit after tax corporate income": 1678,
        "Volume": 1500000,
        "Close of Quarter": 9.8,
        "EPS": 1412.7,
        "Non-adjusted EPS": 4709,
        "PE": 2.1,
        "Book Price": 8.4
      }
    },
    {
      "quarter": "Q1 2010",
      "income status": {
        "Net sales": 11784,
        "Cost of goods sold": 8939,
        "Gross Profit": 2845,
        "Financial expenses": 319,
        "Of which: Interest expense": 319,
        "Cost of sales": "N/A",
        "Enterprise cost management": 2044,
        "Total Operating Expenses": 2363,
        "Total revenue financing activities": 900,
        "Net profit from business activities": 1382,
        "Profit": 13,
        "Profit before tax": 1395,
        "Present corporate income tax expenses": 174,
        "Deferred income taxes expenses": "N/A",
        "The interests of minority shareholders": "N/A",
        "Total Cost of profits": 174,
        "Profit after tax corporate income": 1221,
        "Volume": 1500000,
        "Close of Quarter": 8.4,
        "EPS": 1577.1,
        "Non-adjusted EPS": 5257,
        "PE": 1.6,
        "Book Price": 5.1
      }
    },
    {
      "quarter": "Q4 2009",
      "income status": {
        "Net sales": 84458,
        "Cost of goods sold": 75796,
        "Gross Profit": 8661,
        "Financial expenses": 821,
        "Of which: Interest expense": "N/A",
        "Cost of sales": "N/A",
        "Enterprise cost management": 5941,
        "Total Operating Expenses": 6762,
        "Total revenue financing activities": 26,
        "Net profit from business activities": 1925,
        "Profit": 498,
        "Profit before tax": 2423,
        "Present corporate income tax expenses": 289,
        "Deferred income taxes expenses": "N/A",
        "The interests of minority shareholders": "N/A",
        "Total Cost of profits": 289,
        "Profit after tax corporate income": 2134,
        "Volume": 1500000,
        "Close of Quarter": 8.6,
        "EPS": 1435.5,
        "Non-adjusted EPS": 4785,
        "PE": 1.8,
        "Book Price": 4.6
      }
    },
    {
      "quarter": "Q3 2009",
      "income status": {
        "Net sales": 52612,
        "Cost of goods sold": 47514,
        "Gross Profit": 5099,
        "Financial expenses": 213,
        "Of which: Interest expense": "N/A",
        "Cost of sales": "N/A",
        "Enterprise cost management": 2320,
        "Total Operating Expenses": 2533,
        "Total revenue financing activities": 18,
        "Net profit from business activities": 2583,
        "Profit": -262,
        "Profit before tax": 2322,
        "Present corporate income tax expenses": 290,
        "Deferred income taxes expenses": "N/A",
        "The interests of minority shareholders": "N/A",
        "Total Cost of profits": 290,
        "Profit after tax corporate income": 2031,
        "Volume": 1500000,
        "Close of Quarter": 6.6,
        "EPS": 1274.1,
        "Non-adjusted EPS": 4247,
        "PE": 1.6,
        "Book Price": 4.6
      }
    },
    {
      "quarter": "Q2 2009",
      "income status": {
        "Net sales": 49329,
        "Cost of goods sold": 42943,
        "Gross Profit": 6386,
        "Financial expenses": 395,
        "Of which: Interest expense": "N/A",
        "Cost of sales": "N/A",
        "Enterprise cost management": 3269,
        "Total Operating Expenses": 3664,
        "Total revenue financing activities": 83,
        "Net profit from business activities": 2804,
        "Profit": 53,
        "Profit before tax": 2857,
        "Present corporate income tax expenses": 357,
        "Deferred income taxes expenses": "N/A",
        "The interests of minority shareholders": "N/A",
        "Total Cost of profits": 357,
        "Profit after tax corporate income": 2500,
        "Volume": 1500000,
        "Close of Quarter": 4,
        "EPS": 1120.5,
        "Non-adjusted EPS": 3735,
        "PE": 1.1,
        "Book Price": 4.2
      }
    },
    {
      "quarter": "Q1 2009",
      "income status": {
        "Net sales": 13718,
        "Cost of goods sold": 12116,
        "Gross Profit": 1602,
        "Financial expenses": 218,
        "Of which: Interest expense": "N/A",
        "Cost of sales": "N/A",
        "Enterprise cost management": 1573,
        "Total Operating Expenses": 1791,
        "Total revenue financing activities": 790,
        "Net profit from business activities": 601,
        "Profit": -16,
        "Profit before tax": 585,
        "Present corporate income tax expenses": 73,
        "Deferred income taxes expenses": "N/A",
        "The interests of minority shareholders": "N/A",
        "Total Cost of profits": 73,
        "Profit after tax corporate income": 512,
        "Volume": 1500000,
        "Close of Quarter": 2.8,
        "EPS": 1010.4,
        "Non-adjusted EPS": 3368,
        "PE": 0.8,
        "Book Price": 4.1
      }
    },
    {
      "quarter": "Q4 2008",
      "income status": {
        "Net sales": 67180,
        "Cost of goods sold": 61518,
        "Gross Profit": 5662,
        "Financial expenses": 947,
        "Of which: Interest expense": "N/A",
        "Cost of sales": "N/A",
        "Enterprise cost management": 4373,
        "Total Operating Expenses": 5320,
        "Total revenue financing activities": 1114,
        "Net profit from business activities": 1456,
        "Profit": 89,
        "Profit before tax": 1545,
        "Present corporate income tax expenses": 216,
        "Deferred income taxes expenses": "N/A",
        "The interests of minority shareholders": "N/A",
        "Total Cost of profits": 216,
        "Profit after tax corporate income": 1328,
        "Volume": 1500000,
        "Close of Quarter": 2.7,
        "EPS": 1067.1,
        "Non-adjusted EPS": 3557,
        "PE": 0.8,
        "Book Price": 4.0
      }
    },
    {
      "quarter": "Q3 2008",
      "income status": {
        "Net sales": 37015,
        "Cost of goods sold": 33298,
        "Gross Profit": 3716,
        "Financial expenses": 1025,
        "Of which: Interest expense": 1025,
        "Cost of sales": "N/A",
        "Enterprise cost management": 1275,
        "Total Operating Expenses": 2300,
        "Total revenue financing activities": 32,
        "Net profit from business activities": 1449,
        "Profit": "N/A",
        "Profit before tax": 1449,
        "Present corporate income tax expenses": 186,
        "Deferred income taxes expenses": "N/A",
        "The interests of minority shareholders": "N/A",
        "Total Cost of profits": 186,
        "Profit after tax corporate income": 1263,
        "Volume": 1500000,
        "Close of Quarter": 3.7,
        "EPS": 801.3,
        "Non-adjusted EPS": 2671,
        "PE": 1.4,
        "Book Price": 3.8
      }
    },
    {
      "quarter": "Q2 2008",
      "income status": {
        "Net sales": 58206,
        "Cost of goods sold": 51728,
        "Gross Profit": 6478,
        "Financial expenses": 1877,
        "Of which: Interest expense": 1877,
        "Cost of sales": "N/A",
        "Enterprise cost management": 2359,
        "Total Operating Expenses": 4236,
        "Total revenue financing activities": 21,
        "Net profit from business activities": 2264,
        "Profit": 3,
        "Profit before tax": 2266,
        "Present corporate income tax expenses": 317,
        "Deferred income taxes expenses": "N/A",
        "The interests of minority shareholders": "N/A",
        "Total Cost of profits": 317,
        "Profit after tax corporate income": 1949,
        "Volume": 1500000,
        "Close of Quarter": 4.6,
        "EPS": 548.7,
        "Non-adjusted EPS": 1829,
        "PE": 2.5,
        "Book Price": 3.9
      }
    },
    {
      "quarter": "Q1 2008",
      "income status": {
        "Net sales": 16555,
        "Cost of goods sold": 14778,
        "Gross Profit": 1777,
        "Financial expenses": 318,
        "Of which: Interest expense": 318,
        "Cost of sales": "N/A",
        "Enterprise cost management": 758,
        "Total Operating Expenses": 1076,
        "Total revenue financing activities": 20,
        "Net profit from business activities": 721,
        "Profit": 204,
        "Profit before tax": 924,
        "Present corporate income tax expenses": 129,
        "Deferred income taxes expenses": "N/A",
        "The interests of minority shareholders": "N/A",
        "Total Cost of profits": 129,
        "Profit after tax corporate income": 795,
        "Volume": 1500000,
        "Close of Quarter": 6.5,
        "EPS": 159,
        "Non-adjusted EPS": 530,
        "PE": 12.3,
        "Book Price": 3.8
      }
    }
  ]
}