{
  "ticker": "COM",
  "data": [
    {
      "quarter": "Q1 2017",
      "income status": {
        "Net sales": 931733,
        "Cost of goods sold": 852797,
        "Gross Profit": 78936,
        "Financial expenses": 936,
        "Of which: Interest expense": 35,
        "Cost of sales": 47484,
        "Enterprise cost management": 5848,
        "Total Operating Expenses": 54268,
        "Total revenue financing activities": 100,
        "Net profit from business activities": 24767,
        "Profit": 241,
        "Profit before tax": 25008,
        "Present corporate income tax expenses": 5010,
        "Deferred income taxes expenses": "N/A",
        "The interests of minority shareholders": "N/A",
        "Total Cost of profits": 5010,
        "Profit after tax corporate income": 19998,
        "Volume": 13752368,
        "Close of Quarter": 69,
        "EPS": 8590,
        "Non-adjusted EPS": 8590,
        "PE": 8.0,
        "Book Price": 32.4
      }
    },
    {
      "quarter": "Q4 2016",
      "income status": {
        "Net sales": 926923,
        "Cost of goods sold": 852980,
        "Gross Profit": 73944,
        "Financial expenses": -1615,
        "Of which: Interest expense": "N/A",
        "Cost of sales": 30959,
        "Enterprise cost management": 2193,
        "Total Operating Expenses": 31537,
        "Total revenue financing activities": 660,
        "Net profit from business activities": 43067,
        "Profit": 285,
        "Profit before tax": 43352,
        "Present corporate income tax expenses": 8586,
        "Deferred income taxes expenses": "N/A",
        "The interests of minority shareholders": "N/A",
        "Total Cost of profits": 8586,
        "Profit after tax corporate income": 34766,
        "Volume": 13752368,
        "Close of Quarter": 51,
        "EPS": 7979,
        "Non-adjusted EPS": 7979,
        "PE": 6.4,
        "Book Price": 30.9
      }
    },
    {
      "quarter": "Q3 2016",
      "income status": {
        "Net sales": 869735,
        "Cost of goods sold": 795656,
        "Gross Profit": 74079,
        "Financial expenses": -592,
        "Of which: Interest expense": "N/A",
        "Cost of sales": 27783,
        "Enterprise cost management": 3659,
        "Total Operating Expenses": 30850,
        "Total revenue financing activities": 384,
        "Net profit from business activities": 43614,
        "Profit": 10,
        "Profit before tax": 43624,
        "Present corporate income tax expenses": 8701,
        "Deferred income taxes expenses": "N/A",
        "The interests of minority shareholders": "N/A",
        "Total Cost of profits": 8701,
        "Profit after tax corporate income": 34923,
        "Volume": 13752368,
        "Close of Quarter": 44.6,
        "EPS": 6923,
        "Non-adjusted EPS": 6923,
        "PE": 6.5,
        "Book Price": 32.5
      }
    },
    {
      "quarter": "Q2 2016",
      "income status": {
        "Net sales": 887688,
        "Cost of goods sold": 810889,
        "Gross Profit": 76798,
        "Financial expenses": -369,
        "Of which: Interest expense": "N/A",
        "Cost of sales": 35449,
        "Enterprise cost management": 7123,
        "Total Operating Expenses": 42203,
        "Total revenue financing activities": 966,
        "Net profit from business activities": 35562,
        "Profit": -218,
        "Profit before tax": 35344,
        "Present corporate income tax expenses": -2900,
        "Deferred income taxes expenses": 9806,
        "The interests of minority shareholders": "N/A",
        "Total Cost of profits": 6906,
        "Profit after tax corporate income": 28439,
        "Volume": 13752368,
        "Close of Quarter": 39.8,
        "EPS": 6498,
        "Non-adjusted EPS": 6498,
        "PE": 6.1,
        "Book Price": 31
      }
    },
    {
      "quarter": "Q1 2016",
      "income status": {
        "Net sales": 787051,
        "Cost of goods sold": 726988,
        "Gross Profit": 60063,
        "Financial expenses": 970,
        "Of which: Interest expense": "N/A",
        "Cost of sales": 41426,
        "Enterprise cost management": 3467,
        "Total Operating Expenses": 45863,
        "Total revenue financing activities": 186,
        "Net profit from business activities": 14386,
        "Profit": 115,
        "Profit before tax": 14501,
        "Present corporate income tax expenses": 2900,
        "Deferred income taxes expenses": "N/A",
        "The interests of minority shareholders": "N/A",
        "Total Cost of profits": 2900,
        "Profit after tax corporate income": 11601,
        "Volume": 13752368,
        "Close of Quarter": 41.7,
        "EPS": 7275,
        "Non-adjusted EPS": 7275,
        "PE": 5.7,
        "Book Price": 29.6
      }
    },
    {
      "quarter": "Q4 2015",
      "income status": {
        "Net sales": 942528,
        "Cost of goods sold": 886944,
        "Gross Profit": 55584,
        "Financial expenses": -407,
        "Of which: Interest expense": "N/A",
        "Cost of sales": 29249,
        "Enterprise cost management": 1568,
        "Total Operating Expenses": 30410,
        "Total revenue financing activities": 670,
        "Net profit from business activities": 25846,
        "Profit": 2,
        "Profit before tax": 25848,
        "Present corporate income tax expenses": 5599,
        "Deferred income taxes expenses": "N/A",
        "The interests of minority shareholders": "N/A",
        "Total Cost of profits": 5599,
        "Profit after tax corporate income": 20249,
        "Volume": 13752368,
        "Close of Quarter": 48.3,
        "EPS": 7272,
        "Non-adjusted EPS": 7272,
        "PE": 6.6,
        "Book Price": 28.8
      }
    },
    {
      "quarter": "Q3 2015",
      "income status": {
        "Net sales": 1217404,
        "Cost of goods sold": 1147756,
        "Gross Profit": 69648,
        "Financial expenses": 715,
        "Of which: Interest expense": "N/A",
        "Cost of sales": 31397,
        "Enterprise cost management": 1741,
        "Total Operating Expenses": 33853,
        "Total revenue financing activities": 852,
        "Net profit from business activities": 36648,
        "Profit": 479,
        "Profit before tax": 37127,
        "Present corporate income tax expenses": 8054,
        "Deferred income taxes expenses": "N/A",
        "The interests of minority shareholders": "N/A",
        "Total Cost of profits": 8054,
        "Profit after tax corporate income": 29073,
        "Volume": 13752368,
        "Close of Quarter": 32.3,
        "EPS": 6814,
        "Non-adjusted EPS": 6814,
        "PE": 4.7,
        "Book Price": 31.4
      }
    },
    {
      "quarter": "Q2 2015",
      "income status": {
        "Net sales": 1121510,
        "Cost of goods sold": 1012572,
        "Gross Profit": 108938,
        "Financial expenses": 184,
        "Of which: Interest expense": 543,
        "Cost of sales": 55418,
        "Enterprise cost management": 8347,
        "Total Operating Expenses": 63949,
        "Total revenue financing activities": 5298,
        "Net profit from business activities": 50286,
        "Profit": -237,
        "Profit before tax": 50049,
        "Present corporate income tax expenses": 10926,
        "Deferred income taxes expenses": "N/A",
        "The interests of minority shareholders": "N/A",
        "Total Cost of profits": 10926,
        "Profit after tax corporate income": 39123,
        "Volume": 13752368,
        "Close of Quarter": 29.8,
        "EPS": 5417,
        "Non-adjusted EPS": 5417,
        "PE": 5.5,
        "Book Price": 30.9
      }
    },
    {
      "quarter": "Q1 2015",
      "income status": {
        "Net sales": 927043,
        "Cost of goods sold": 865292,
        "Gross Profit": 61751,
        "Financial expenses": -35,
        "Of which: Interest expense": 30,
        "Cost of sales": 31949,
        "Enterprise cost management": 15460,
        "Total Operating Expenses": 47374,
        "Total revenue financing activities": 218,
        "Net profit from business activities": 14594,
        "Profit": 196,
        "Profit before tax": 14791,
        "Present corporate income tax expenses": 3234,
        "Deferred income taxes expenses": "N/A",
        "The interests of minority shareholders": "N/A",
        "Total Cost of profits": 3234,
        "Profit after tax corporate income": 11556,
        "Volume": 13752368,
        "Close of Quarter": 32.8,
        "EPS": 3355,
        "Non-adjusted EPS": 3355,
        "PE": 9.8,
        "Book Price": 28.3
      }
    },
    {
      "quarter": "Q4 2014",
      "income status": {
        "Net sales": 1314936,
        "Cost of goods sold": 1264053,
        "Gross Profit": 50883,
        "Financial expenses": -687,
        "Of which: Interest expense": 64,
        "Cost of sales": 33340,
        "Enterprise cost management": 3770,
        "Total Operating Expenses": 36423,
        "Total revenue financing activities": 2746,
        "Net profit from business activities": 17205,
        "Profit": -1,
        "Profit before tax": 17204,
        "Present corporate income tax expenses": 3250,
        "Deferred income taxes expenses": "N/A",
        "The interests of minority shareholders": "N/A",
        "Total Cost of profits": 3250,
        "Profit after tax corporate income": 13955,
        "Volume": 13752368,
        "Close of Quarter": 24.0,
        "EPS": 3055,
        "Non-adjusted EPS": 3055,
        "PE": 7.8,
        "Book Price": 28.3
      }
    },
    {
      "quarter": "Q3 2014",
      "income status": {
        "Net sales": 1380810,
        "Cost of goods sold": 1339571,
        "Gross Profit": 41239,
        "Financial expenses": 1085,
        "Of which: Interest expense": 669,
        "Cost of sales": 27290,
        "Enterprise cost management": 3506,
        "Total Operating Expenses": 31881,
        "Total revenue financing activities": 2597,
        "Net profit from business activities": 11956,
        "Profit": 6,
        "Profit before tax": 11962,
        "Present corporate income tax expenses": 2098,
        "Deferred income taxes expenses": "N/A",
        "The interests of minority shareholders": "N/A",
        "Total Cost of profits": 2098,
        "Profit after tax corporate income": 9864,
        "Volume": 13752368,
        "Close of Quarter": 28.4,
        "EPS": 2489,
        "Non-adjusted EPS": 2489,
        "PE": 11.4,
        "Book Price": 27.3
      }
    },
    {
      "quarter": "Q2 2014",
      "income status": {
        "Net sales": 1493401,
        "Cost of goods sold": 1450926,
        "Gross Profit": 42476,
        "Financial expenses": 1349,
        "Of which: Interest expense": 1444,
        "Cost of sales": 26970,
        "Enterprise cost management": 3562,
        "Total Operating Expenses": 31881,
        "Total revenue financing activities": 2539,
        "Net profit from business activities": 13134,
        "Profit": 2,
        "Profit before tax": 13136,
        "Present corporate income tax expenses": 2368,
        "Deferred income taxes expenses": "N/A",
        "The interests of minority shareholders": "N/A",
        "Total Cost of profits": 2368,
        "Profit after tax corporate income": 10768,
        "Volume": 13752368,
        "Close of Quarter": 25.3,
        "EPS": 2267,
        "Non-adjusted EPS": 2267,
        "PE": 11.2,
        "Book Price": 27.6
      }
    },
    {
      "quarter": "Q1 2014",
      "income status": {
        "Net sales": 1266039,
        "Cost of goods sold": 1217829,
        "Gross Profit": 48210,
        "Financial expenses": 3525,
        "Of which: Interest expense": 1224,
        "Cost of sales": 26007,
        "Enterprise cost management": 12047,
        "Total Operating Expenses": 41579,
        "Total revenue financing activities": 2314,
        "Net profit from business activities": 8946,
        "Profit": -30,
        "Profit before tax": 8916,
        "Present corporate income tax expenses": 1484,
        "Deferred income taxes expenses": "N/A",
        "The interests of minority shareholders": "N/A",
        "Total Cost of profits": 1484,
        "Profit after tax corporate income": 7431,
        "Volume": 13752368,
        "Close of Quarter": 27.6,
        "EPS": 1986,
        "Non-adjusted EPS": 1986,
        "PE": 13.9,
        "Book Price": 26.1
      }
    },
    {
      "quarter": "Q4 2013",
      "income status": {
        "Net sales": 1400976,
        "Cost of goods sold": 1361591,
        "Gross Profit": 39385,
        "Financial expenses": 2362,
        "Of which: Interest expense": 1084,
        "Cost of sales": 30682,
        "Enterprise cost management": 3546,
        "Total Operating Expenses": 36590,
        "Total revenue financing activities": 4557,
        "Net profit from business activities": 7352,
        "Profit": 231,
        "Profit before tax": 7583,
        "Present corporate income tax expenses": 1422,
        "Deferred income taxes expenses": "N/A",
        "The interests of minority shareholders": "N/A",
        "Total Cost of profits": 1422,
        "Profit after tax corporate income": 6161,
        "Volume": 13752368,
        "Close of Quarter": 20.9,
        "EPS": 1856,
        "Non-adjusted EPS": 1856,
        "PE": 11.3,
        "Book Price": 26.2
      }
    },
    {
      "quarter": "Q3 2013",
      "income status": {
        "Net sales": 1332178,
        "Cost of goods sold": 1290144,
        "Gross Profit": 42034,
        "Financial expenses": 8554,
        "Of which: Interest expense": 1364,
        "Cost of sales": 24808,
        "Enterprise cost management": 3334,
        "Total Operating Expenses": 36696,
        "Total revenue financing activities": 1783,
        "Net profit from business activities": 7120,
        "Profit": 1046,
        "Profit before tax": 8166,
        "Present corporate income tax expenses": 1353,
        "Deferred income taxes expenses": "N/A",
        "The interests of minority shareholders": "N/A",
        "Total Cost of profits": 1353,
        "Profit after tax corporate income": 6812,
        "Volume": 13752368,
        "Close of Quarter": 21.7,
        "EPS": 2028,
        "Non-adjusted EPS": 2028,
        "PE": 10.7,
        "Book Price": 25.7
      }
    },
    {
      "quarter": "Q2 2013",
      "income status": {
        "Net sales": 1300216,
        "Cost of goods sold": 1255165,
        "Gross Profit": 45050,
        "Financial expenses": 12188,
        "Of which: Interest expense": 1396,
        "Cost of sales": 21999,
        "Enterprise cost management": 2972,
        "Total Operating Expenses": 37159,
        "Total revenue financing activities": 878,
        "Net profit from business activities": 8769,
        "Profit": 53,
        "Profit before tax": 8822,
        "Present corporate income tax expenses": -1885,
        "Deferred income taxes expenses": 3802,
        "The interests of minority shareholders": "N/A",
        "Total Cost of profits": 1917,
        "Profit after tax corporate income": 6904,
        "Volume": 13752368,
        "Close of Quarter": 19.2,
        "EPS": 1573,
        "Non-adjusted EPS": 1573,
        "PE": 12.2,
        "Book Price": 26.2
      }
    },
    {
      "quarter": "Q1 2013",
      "income status": {
        "Net sales": 1197362,
        "Cost of goods sold": 1169572,
        "Gross Profit": 27790,
        "Financial expenses": 1820,
        "Of which: Interest expense": 1717,
        "Cost of sales": 17001,
        "Enterprise cost management": 1830,
        "Total Operating Expenses": 20651,
        "Total revenue financing activities": 435,
        "Net profit from business activities": 7574,
        "Profit": -36,
        "Profit before tax": 7538,
        "Present corporate income tax expenses": 1885,
        "Deferred income taxes expenses": "N/A",
        "The interests of minority shareholders": "N/A",
        "Total Cost of profits": 1885,
        "Profit after tax corporate income": 5654,
        "Volume": 13752368,
        "Close of Quarter": 22.3,
        "EPS": 1716,
        "Non-adjusted EPS": 1716,
        "PE": 13.0,
        "Book Price": 25.9
      }
    },
    {
      "quarter": "Q4 2012",
      "income status": {
        "Net sales": 1333462,
        "Cost of goods sold": 1293113,
        "Gross Profit": 40350,
        "Financial expenses": -613,
        "Of which: Interest expense": 435,
        "Cost of sales": 26396,
        "Enterprise cost management": 3591,
        "Total Operating Expenses": 29374,
        "Total revenue financing activities": 348,
        "Net profit from business activities": 11323,
        "Profit": -35,
        "Profit before tax": 11288,
        "Present corporate income tax expenses": 2768,
        "Deferred income taxes expenses": "N/A",
        "The interests of minority shareholders": "N/A",
        "Total Cost of profits": 2768,
        "Profit after tax corporate income": 8520,
        "Volume": 13752368,
        "Close of Quarter": 20.8,
        "EPS": 1783,
        "Non-adjusted EPS": 1783,
        "PE": 11.7,
        "Book Price": 26
      }
    },
    {
      "quarter": "Q3 2012",
      "income status": {
        "Net sales": 1147680,
        "Cost of goods sold": 1106051,
        "Gross Profit": 41629,
        "Financial expenses": 19306,
        "Of which: Interest expense": 1439,
        "Cost of sales": 20239,
        "Enterprise cost management": 2391,
        "Total Operating Expenses": 41936,
        "Total revenue financing activities": 689,
        "Net profit from business activities": 382,
        "Profit": 159,
        "Profit before tax": 541,
        "Present corporate income tax expenses": -18,
        "Deferred income taxes expenses": "N/A",
        "The interests of minority shareholders": "N/A",
        "Total Cost of profits": -18,
        "Profit after tax corporate income": 559,
        "Volume": 13752368,
        "Close of Quarter": 20.6,
        "EPS": 1810,
        "Non-adjusted EPS": 1810,
        "PE": 11.4,
        "Book Price": 26.1
      }
    },
    {
      "quarter": "Q2 2012",
      "income status": {
        "Net sales": 1166152,
        "Cost of goods sold": 1136485,
        "Gross Profit": 29667,
        "Financial expenses": -1191,
        "Of which: Interest expense": 1830,
        "Cost of sales": 17758,
        "Enterprise cost management": 2418,
        "Total Operating Expenses": 18985,
        "Total revenue financing activities": 906,
        "Net profit from business activities": 11588,
        "Profit": -13,
        "Profit before tax": 11575,
        "Present corporate income tax expenses": 2711,
        "Deferred income taxes expenses": "N/A",
        "The interests of minority shareholders": "N/A",
        "Total Cost of profits": 2711,
        "Profit after tax corporate income": 8864,
        "Volume": 13752368,
        "Close of Quarter": 20.0,
        "EPS": 2507,
        "Non-adjusted EPS": 2507,
        "PE": 8.0,
        "Book Price": 26
      }
    },
    {
      "quarter": "Q1 2012",
      "income status": {
        "Net sales": 1309156,
        "Cost of goods sold": 1272599,
        "Gross Profit": 36557,
        "Financial expenses": 5393,
        "Of which: Interest expense": 3200,
        "Cost of sales": 21292,
        "Enterprise cost management": 2585,
        "Total Operating Expenses": 29270,
        "Total revenue financing activities": 1254,
        "Net profit from business activities": 8542,
        "Profit": "N/A",
        "Profit before tax": 8542,
        "Present corporate income tax expenses": 1960,
        "Deferred income taxes expenses": "N/A",
        "The interests of minority shareholders": "N/A",
        "Total Cost of profits": 1960,
        "Profit after tax corporate income": 6582,
        "Volume": 13752368,
        "Close of Quarter": 17.5,
        "EPS": 2252,
        "Non-adjusted EPS": 2252,
        "PE": 7.8,
        "Book Price": 26.5
      }
    },
    {
      "quarter": "Q4 2011",
      "income status": {
        "Net sales": 1245256,
        "Cost of goods sold": 1218579,
        "Gross Profit": 26677,
        "Financial expenses": 2674,
        "Of which: Interest expense": 416,
        "Cost of sales": 12301,
        "Enterprise cost management": 1821,
        "Total Operating Expenses": 16796,
        "Total revenue financing activities": 589,
        "Net profit from business activities": 10469,
        "Profit": 730,
        "Profit before tax": 42874,
        "Present corporate income tax expenses": 2314,
        "Deferred income taxes expenses": "N/A",
        "The interests of minority shareholders": "N/A",
        "Total Cost of profits": 2314,
        "Profit after tax corporate income": 8885,
        "Volume": 13752368,
        "Close of Quarter": 18.5,
        "EPS": 2419,
        "Non-adjusted EPS": 2419,
        "PE": 7.6,
        "Book Price": 26
      }
    },
    {
      "quarter": "Q3 2011",
      "income status": {
        "Net sales": 1209020,
        "Cost of goods sold": 1175405,
        "Gross Profit": 33615,
        "Financial expenses": -5207,
        "Of which: Interest expense": 347,
        "Cost of sales": 23148,
        "Enterprise cost management": 4294,
        "Total Operating Expenses": 22235,
        "Total revenue financing activities": 1925,
        "Net profit from business activities": 13306,
        "Profit": "N/A",
        "Profit before tax": 13306,
        "Present corporate income tax expenses": 3157,
        "Deferred income taxes expenses": "N/A",
        "The interests of minority shareholders": "N/A",
        "Total Cost of profits": 3157,
        "Profit after tax corporate income": 10149,
        "Volume": 13752368,
        "Close of Quarter": 21.7,
        "EPS": 2484,
        "Non-adjusted EPS": 2484,
        "PE": 8.7,
        "Book Price": 26
      }
    },
    {
      "quarter": "Q2 2011",
      "income status": {
        "Net sales": 1209039,
        "Cost of goods sold": 1179557,
        "Gross Profit": 29482,
        "Financial expenses": 13214,
        "Of which: Interest expense": 3249,
        "Cost of sales": 10471,
        "Enterprise cost management": 1147,
        "Total Operating Expenses": 24832,
        "Total revenue financing activities": 1150,
        "Net profit from business activities": 5799,
        "Profit": 1027,
        "Profit before tax": 6826,
        "Present corporate income tax expenses": 1476,
        "Deferred income taxes expenses": "N/A",
        "The interests of minority shareholders": "N/A",
        "Total Cost of profits": 1476,
        "Profit after tax corporate income": 5350,
        "Volume": 13752368,
        "Close of Quarter": 20.4,
        "EPS": 2447,
        "Non-adjusted EPS": 2447,
        "PE": 8.3,
        "Book Price": 25.5
      }
    },
    {
      "quarter": "Q1 2011",
      "income status": {
        "Net sales": 1069333,
        "Cost of goods sold": 1027184,
        "Gross Profit": 42148,
        "Financial expenses": 2647,
        "Of which: Interest expense": 2647,
        "Cost of sales": 27309,
        "Enterprise cost management": 1874,
        "Total Operating Expenses": 31830,
        "Total revenue financing activities": 1225,
        "Net profit from business activities": 11542,
        "Profit": "N/A",
        "Profit before tax": 11542,
        "Present corporate income tax expenses": 2655,
        "Deferred income taxes expenses": "N/A",
        "The interests of minority shareholders": "N/A",
        "Total Cost of profits": 2655,
        "Profit after tax corporate income": 8887,
        "Volume": 13752368,
        "Close of Quarter": 21.8,
        "EPS": 2685,
        "Non-adjusted EPS": 2685,
        "PE": 8.1,
        "Book Price": 25.7
      }
    },
    {
      "quarter": "Q4 2010",
      "income status": {
        "Net sales": 977111,
        "Cost of goods sold": 941358,
        "Gross Profit": 35753,
        "Financial expenses": -1712,
        "Of which: Interest expense": "N/A",
        "Cost of sales": 21019,
        "Enterprise cost management": 6409,
        "Total Operating Expenses": 25716,
        "Total revenue financing activities": 2841,
        "Net profit from business activities": 12878,
        "Profit": "N/A",
        "Profit before tax": 12878,
        "Present corporate income tax expenses": 3098,
        "Deferred income taxes expenses": "N/A",
        "The interests of minority shareholders": "N/A",
        "Total Cost of profits": 3098,
        "Profit after tax corporate income": 9780,
        "Volume": 13752368,
        "Close of Quarter": 24.8,
        "EPS": 2685,
        "Non-adjusted EPS": 2685,
        "PE": 9.2,
        "Book Price": 26
      }
    },
    {
      "quarter": "Q3 2010",
      "income status": {
        "Net sales": 893921,
        "Cost of goods sold": 853520,
        "Gross Profit": 40401,
        "Financial expenses": 2733,
        "Of which: Interest expense": "N/A",
        "Cost of sales": 23634,
        "Enterprise cost management": 2562,
        "Total Operating Expenses": 28929,
        "Total revenue financing activities": 1277,
        "Net profit from business activities": 12749,
        "Profit": "N/A",
        "Profit before tax": 12749,
        "Present corporate income tax expenses": 3111,
        "Deferred income taxes expenses": "N/A",
        "The interests of minority shareholders": "N/A",
        "Total Cost of profits": 3111,
        "Profit after tax corporate income": 9638,
        "Volume": 9168245,
        "Close of Quarter": 25.1,
        "EPS": 4384.7,
        "Non-adjusted EPS": 6577,
        "PE": 3.8,
        "Book Price": 25.9
      }
    },
    {
      "quarter": "Q2 2010",
      "income status": {
        "Net sales": 910786,
        "Cost of goods sold": 883148,
        "Gross Profit": 27638,
        "Financial expenses": 1063,
        "Of which: Interest expense": 1457,
        "Cost of sales": 16762,
        "Enterprise cost management": 1699,
        "Total Operating Expenses": 19524,
        "Total revenue financing activities": 3036,
        "Net profit from business activities": 11150,
        "Profit": "N/A",
        "Profit before tax": 11150,
        "Present corporate income tax expenses": 2531,
        "Deferred income taxes expenses": "N/A",
        "The interests of minority shareholders": "N/A",
        "Total Cost of profits": 2531,
        "Profit after tax corporate income": 8618,
        "Volume": 9113670,
        "Close of Quarter": 24.1,
        "EPS": 4701.8,
        "Non-adjusted EPS": 7095,
        "PE": 3.4,
        "Book Price": 25.1
      }
    },
    {
      "quarter": "Q1 2010",
      "income status": {
        "Net sales": 834982,
        "Cost of goods sold": 791514,
        "Gross Profit": 43469,
        "Financial expenses": 1128,
        "Of which: Interest expense": "N/A",
        "Cost of sales": 29268,
        "Enterprise cost management": 1647,
        "Total Operating Expenses": 32043,
        "Total revenue financing activities": 417,
        "Net profit from business activities": 11844,
        "Profit": "N/A",
        "Profit before tax": 11844,
        "Present corporate income tax expenses": 2961,
        "Deferred income taxes expenses": "N/A",
        "The interests of minority shareholders": "N/A",
        "Total Cost of profits": 2961,
        "Profit after tax corporate income": 8883,
        "Volume": 9113670,
        "Close of Quarter": 23.5,
        "EPS": 4875.5,
        "Non-adjusted EPS": 7357,
        "PE": 3.2,
        "Book Price": 25.1
      }
    },
    {
      "quarter": "Q4 2009",
      "income status": {
        "Net sales": 843559,
        "Cost of goods sold": 803394,
        "Gross Profit": 40166,
        "Financial expenses": 435,
        "Of which: Interest expense": "N/A",
        "Cost of sales": 27056,
        "Enterprise cost management": 2215,
        "Total Operating Expenses": 29706,
        "Total revenue financing activities": 15124,
        "Net profit from business activities": 25583,
        "Profit": 18010,
        "Profit before tax": 43593,
        "Present corporate income tax expenses": 10429,
        "Deferred income taxes expenses": "N/A",
        "The interests of minority shareholders": "N/A",
        "Total Cost of profits": 10429,
        "Profit after tax corporate income": 33164,
        "Volume": 8361165,
        "Close of Quarter": 23.1,
        "EPS": 4800,
        "Non-adjusted EPS": 7895,
        "PE": 2.9,
        "Book Price": 25.4
      }
    },
    {
      "quarter": "Q3 2009",
      "income status": {
        "Net sales": 773385,
        "Cost of goods sold": 725675,
        "Gross Profit": 47710,
        "Financial expenses": 1104,
        "Of which: Interest expense": 1104,
        "Cost of sales": 27992,
        "Enterprise cost management": 2048,
        "Total Operating Expenses": 31144,
        "Total revenue financing activities": 1967,
        "Net profit from business activities": 18533,
        "Profit": "N/A",
        "Profit before tax": 18533,
        "Present corporate income tax expenses": 4534,
        "Deferred income taxes expenses": "N/A",
        "The interests of minority shareholders": "N/A",
        "Total Cost of profits": 4534,
        "Profit after tax corporate income": 13999,
        "Volume": 8539213,
        "Close of Quarter": 20.4,
        "EPS": 2681.8,
        "Non-adjusted EPS": 4319,
        "PE": 4.7,
        "Book Price": 23.3
      }
    },
    {
      "quarter": "Q2 2009",
      "income status": {
        "Net sales": 633265,
        "Cost of goods sold": 600021,
        "Gross Profit": 33244,
        "Financial expenses": "N/A",
        "Of which: Interest expense": "N/A",
        "Cost of sales": 16830,
        "Enterprise cost management": 3742,
        "Total Operating Expenses": 20572,
        "Total revenue financing activities": 1822,
        "Net profit from business activities": 14495,
        "Profit": "N/A",
        "Profit before tax": 14495,
        "Present corporate income tax expenses": 3495,
        "Deferred income taxes expenses": "N/A",
        "The interests of minority shareholders": "N/A",
        "Total Cost of profits": 3495,
        "Profit after tax corporate income": 11000,
        "Volume": 8367213,
        "Close of Quarter": 18,
        "EPS": 2103.9,
        "Non-adjusted EPS": 3458,
        "PE": 5.2,
        "Book Price": 22.3
      }
    },
    {
      "quarter": "Q1 2009",
      "income status": {
        "Net sales": 571041,
        "Cost of goods sold": 529009,
        "Gross Profit": 42032,
        "Financial expenses": "N/A",
        "Of which: Interest expense": "N/A",
        "Cost of sales": 29392,
        "Enterprise cost management": 4373,
        "Total Operating Expenses": 33765,
        "Total revenue financing activities": 2199,
        "Net profit from business activities": 10466,
        "Profit": "N/A",
        "Profit before tax": 10466,
        "Present corporate income tax expenses": 2616,
        "Deferred income taxes expenses": "N/A",
        "The interests of minority shareholders": "N/A",
        "Total Cost of profits": 2616,
        "Profit after tax corporate income": 7849,
        "Volume": 8367213,
        "Close of Quarter": 13.9,
        "EPS": 1588.6,
        "Non-adjusted EPS": 2611,
        "PE": 5.3,
        "Book Price": 21.6
      }
    },
    {
      "quarter": "Q4 2008",
      "income status": {
        "Net sales": 692080,
        "Cost of goods sold": 657902,
        "Gross Profit": 34178,
        "Financial expenses": 12933,
        "Of which: Interest expense": "N/A",
        "Cost of sales": 21270,
        "Enterprise cost management": 929,
        "Total Operating Expenses": 35132,
        "Total revenue financing activities": 5664,
        "Net profit from business activities": 4710,
        "Profit": "N/A",
        "Profit before tax": 4710,
        "Present corporate income tax expenses": 678,
        "Deferred income taxes expenses": "N/A",
        "The interests of minority shareholders": "N/A",
        "Total Cost of profits": 678,
        "Profit after tax corporate income": 4031,
        "Volume": 8367213,
        "Close of Quarter": 13.8,
        "EPS": 1381.7,
        "Non-adjusted EPS": 2271,
        "PE": 6.1,
        "Book Price": 21.1
      }
    },
    {
      "quarter": "Q3 2008",
      "income status": {
        "Net sales": 882651,
        "Cost of goods sold": 848248,
        "Gross Profit": 34403,
        "Financial expenses": "N/A",
        "Of which: Interest expense": "N/A",
        "Cost of sales": 28257,
        "Enterprise cost management": 873,
        "Total Operating Expenses": 29130,
        "Total revenue financing activities": 3140,
        "Net profit from business activities": 8414,
        "Profit": "N/A",
        "Profit before tax": 8414,
        "Present corporate income tax expenses": 2356,
        "Deferred income taxes expenses": "N/A",
        "The interests of minority shareholders": "N/A",
        "Total Cost of profits": 2356,
        "Profit after tax corporate income": 6058,
        "Volume": 8367213,
        "Close of Quarter": 13.0,
        "EPS": 1393.3,
        "Non-adjusted EPS": 2290,
        "PE": 5.7,
        "Book Price": 21.7
      }
    },
    {
      "quarter": "Q2 2008",
      "income status": {
        "Net sales": 801856,
        "Cost of goods sold": 785251,
        "Gross Profit": 16605,
        "Financial expenses": 6091,
        "Of which: Interest expense": "N/A",
        "Cost of sales": 6190,
        "Enterprise cost management": 430,
        "Total Operating Expenses": 12711,
        "Total revenue financing activities": 1529,
        "Net profit from business activities": 5424,
        "Profit": "N/A",
        "Profit before tax": 5424,
        "Present corporate income tax expenses": 1519,
        "Deferred income taxes expenses": "N/A",
        "The interests of minority shareholders": "N/A",
        "Total Cost of profits": 1519,
        "Profit after tax corporate income": 3905,
        "Volume": 7755130,
        "Close of Quarter": 10.5,
        "EPS": 1196.1,
        "Non-adjusted EPS": 2121,
        "PE": 5.0,
        "Book Price": 21.0
      }
    },
    {
      "quarter": "Q1 2008",
      "income status": {
        "Net sales": 695009,
        "Cost of goods sold": 666642,
        "Gross Profit": 28367,
        "Financial expenses": 6,
        "Of which: Interest expense": 6,
        "Cost of sales": 17846,
        "Enterprise cost management": 4208,
        "Total Operating Expenses": 22060,
        "Total revenue financing activities": 685,
        "Net profit from business activities": 6991,
        "Profit": -38,
        "Profit before tax": 6954,
        "Present corporate income tax expenses": 1947,
        "Deferred income taxes expenses": "N/A",
        "The interests of minority shareholders": "N/A",
        "Total Cost of profits": 1947,
        "Profit after tax corporate income": 5007,
        "Volume": 7999917,
        "Close of Quarter": 13.4,
        "EPS": 1172.7,
        "Non-adjusted EPS": 2016,
        "PE": 6.6,
        "Book Price": 20.8
      }
    },
    {
      "quarter": "Q4 2007",
      "income status": {
        "Net sales": 591683,
        "Cost of goods sold": 566776,
        "Gross Profit": 24907,
        "Financial expenses": 1647,
        "Of which: Interest expense": 1647,
        "Cost of sales": 16634,
        "Enterprise cost management": 2344,
        "Total Operating Expenses": 20625,
        "Total revenue financing activities": 595,
        "Net profit from business activities": 4876,
        "Profit": "N/A",
        "Profit before tax": 4876,
        "Present corporate income tax expenses": 683,
        "Deferred income taxes expenses": "N/A",
        "The interests of minority shareholders": "N/A",
        "Total Cost of profits": 683,
        "Profit after tax corporate income": 4194,
        "Volume": 3400000,
        "Close of Quarter": 20.0,
        "EPS": 1106.1,
        "Non-adjusted EPS": 4474,
        "PE": 4.5,
        "Book Price": 20.7
      }
    },
    {
      "quarter": "Q3 2007",
      "income status": {
        "Net sales": 520260,
        "Cost of goods sold": 506690,
        "Gross Profit": 13569,
        "Financial expenses": 447,
        "Of which: Interest expense": 447,
        "Cost of sales": 7579,
        "Enterprise cost management": 1979,
        "Total Operating Expenses": 10005,
        "Total revenue financing activities": 320,
        "Net profit from business activities": 3885,
        "Profit": "N/A",
        "Profit before tax": 3885,
        "Present corporate income tax expenses": 544,
        "Deferred income taxes expenses": "N/A",
        "The interests of minority shareholders": "N/A",
        "Total Cost of profits": 544,
        "Profit after tax corporate income": 3341,
        "Volume": 3400000,
        "Close of Quarter": 19.2,
        "EPS": 1078.4,
        "Non-adjusted EPS": 4362,
        "PE": 4.4,
        "Book Price": 6.6
      }
    },
    {
      "quarter": "Q2 2007",
      "income status": {
        "Net sales": 512426,
        "Cost of goods sold": 497623,
        "Gross Profit": 14802,
        "Financial expenses": 999,
        "Of which: Interest expense": 999,
        "Cost of sales": 7680,
        "Enterprise cost management": 2053,
        "Total Operating Expenses": 10732,
        "Total revenue financing activities": 102,
        "Net profit from business activities": 4172,
        "Profit": "N/A",
        "Profit before tax": 4172,
        "Present corporate income tax expenses": 584,
        "Deferred income taxes expenses": "N/A",
        "The interests of minority shareholders": "N/A",
        "Total Cost of profits": 584,
        "Profit after tax corporate income": 3588,
        "Volume": 3400000,
        "Close of Quarter": 16.6,
        "EPS": 1042.6,
        "Non-adjusted EPS": 4217,
        "PE": 4.0,
        "Book Price": 6.3
      }
    },
    {
      "quarter": "Q1 2007",
      "income status": {
        "Net sales": 463690,
        "Cost of goods sold": 444767,
        "Gross Profit": 18923,
        "Financial expenses": 567,
        "Of which: Interest expense": 567,
        "Cost of sales": 12023,
        "Enterprise cost management": 1685,
        "Total Operating Expenses": 14275,
        "Total revenue financing activities": 89,
        "Net profit from business activities": 4737,
        "Profit": 15,
        "Profit before tax": 4752,
        "Present corporate income tax expenses": 665,
        "Deferred income taxes expenses": "N/A",
        "The interests of minority shareholders": "N/A",
        "Total Cost of profits": 665,
        "Profit after tax corporate income": 4087,
        "Volume": 3400000,
        "Close of Quarter": 17.4,
        "EPS": 990.9,
        "Non-adjusted EPS": 4008,
        "PE": 4.3,
        "Book Price": 6.1
      }
    },
    {
      "quarter": "Q4 2006",
      "income status": {
        "Net sales": 468884,
        "Cost of goods sold": 454549,
        "Gross Profit": 14334,
        "Financial expenses": 383,
        "Of which: Interest expense": 383,
        "Cost of sales": 7500,
        "Enterprise cost management": 2203,
        "Total Operating Expenses": 10086,
        "Total revenue financing activities": 68,
        "Net profit from business activities": 4316,
        "Profit": 122,
        "Profit before tax": 4438,
        "Present corporate income tax expenses": 621,
        "Deferred income taxes expenses": "N/A",
        "The interests of minority shareholders": "N/A",
        "Total Cost of profits": 621,
        "Profit after tax corporate income": 3816,
        "Volume": 3400000,
        "Close of Quarter": 10.1,
        "EPS": 886.8,
        "Non-adjusted EPS": 3587,
        "PE": 2.8,
        "Book Price": 5.7
      }
    },
    {
      "quarter": "Q3 2006",
      "income status": {
        "Net sales": 454766,
        "Cost of goods sold": 439403,
        "Gross Profit": 15363,
        "Financial expenses": 677,
        "Of which: Interest expense": "N/A",
        "Cost of sales": 9845,
        "Enterprise cost management": 1570,
        "Total Operating Expenses": 12092,
        "Total revenue financing activities": 39,
        "Net profit from business activities": 3311,
        "Profit": "N/A",
        "Profit before tax": 3311,
        "Present corporate income tax expenses": 463,
        "Deferred income taxes expenses": "N/A",
        "The interests of minority shareholders": "N/A",
        "Total Cost of profits": 463,
        "Profit after tax corporate income": 2847,
        "Volume": 3400000,
        "Close of Quarter": 11.0,
        "EPS": 609.4,
        "Non-adjusted EPS": 2465,
        "PE": 4.5,
        "Book Price": 5.9
      }
    },
    {
      "quarter": "Q2 2006",
      "income status": {
        "Net sales": 416372,
        "Cost of goods sold": 402839,
        "Gross Profit": 13532,
        "Financial expenses": 559,
        "Of which: Interest expense": 518,
        "Cost of sales": 7986,
        "Enterprise cost management": 1685,
        "Total Operating Expenses": 10230,
        "Total revenue financing activities": 43,
        "Net profit from business activities": 3345,
        "Profit": 1,
        "Profit before tax": 3346,
        "Present corporate income tax expenses": 468,
        "Deferred income taxes expenses": "N/A",
        "The interests of minority shareholders": "N/A",
        "Total Cost of profits": 468,
        "Profit after tax corporate income": 2878,
        "Volume": 3400000,
        "Close of Quarter": "N/A",
        "EPS": 402.2,
        "Non-adjusted EPS": 1627,
        "PE": "N/A",
        "Book Price": 5.7
      }
    },
    {
      "quarter": "Q1 2006",
      "income status": {
        "Net sales": 365285,
        "Cost of goods sold": 354017,
        "Gross Profit": 11268,
        "Financial expenses": 494,
        "Of which: Interest expense": 494,
        "Cost of sales": 6372,
        "Enterprise cost management": 1367,
        "Total Operating Expenses": 8233,
        "Total revenue financing activities": 52,
        "Net profit from business activities": 3087,
        "Profit": "N/A",
        "Profit before tax": 3087,
        "Present corporate income tax expenses": 432,
        "Deferred income taxes expenses": "N/A",
        "The interests of minority shareholders": "N/A",
        "Total Cost of profits": 432,
        "Profit after tax corporate income": 2655,
        "Volume": 3400000,
        "Close of Quarter": "N/A",
        "EPS": 193.1,
        "Non-adjusted EPS": 781,
        "PE": "N/A",
        "Book Price": 5.5
      }
    }
  ]
}