{
  "ticker": "VTS",
  "data": [
    {
      "quarter": "Q1 2017",
      "income status": {
        "Net sales": 9393,
        "Cost of goods sold": 7106,
        "Gross Profit": 2287,
        "Financial expenses": 50,
        "Of which: Interest expense": 50,
        "Cost of sales": 408,
        "Enterprise cost management": 926,
        "Total Operating Expenses": 1384,
        "Total revenue financing activities": 15,
        "Net profit from business activities": 918,
        "Profit": -458,
        "Profit before tax": 460,
        "Present corporate income tax expenses": 110,
        "Deferred income taxes expenses": "N/A",
        "The interests of minority shareholders": "N/A",
        "Total Cost of profits": 110,
        "Profit after tax corporate income": 351,
        "Volume": 2000205,
        "Close of Quarter": 11.5,
        "EPS": 717,
        "Non-adjusted EPS": 717,
        "PE": 16.0,
        "Book Price": 23.3
      }
    },
    {
      "quarter": "Q4 2016",
      "income status": {
        "Net sales": 14196,
        "Cost of goods sold": 9741,
        "Gross Profit": 4455,
        "Financial expenses": 55,
        "Of which: Interest expense": 55,
        "Cost of sales": 408,
        "Enterprise cost management": 4264,
        "Total Operating Expenses": 4727,
        "Total revenue financing activities": 746,
        "Net profit from business activities": 475,
        "Profit": -98,
        "Profit before tax": 377,
        "Present corporate income tax expenses": 104,
        "Deferred income taxes expenses": "N/A",
        "The interests of minority shareholders": "N/A",
        "Total Cost of profits": 104,
        "Profit after tax corporate income": 273,
        "Volume": 2000205,
        "Close of Quarter": 11.8,
        "EPS": 420,
        "Non-adjusted EPS": 420,
        "PE": 28.1,
        "Book Price": 23.2
      }
    },
    {
      "quarter": "Q3 2016",
      "income status": {
        "Net sales": 11817,
        "Cost of goods sold": 9227,
        "Gross Profit": 2590,
        "Financial expenses": 55,
        "Of which: Interest expense": 55,
        "Cost of sales": 601,
        "Enterprise cost management": 1265,
        "Total Operating Expenses": 1921,
        "Total revenue financing activities": -17,
        "Net profit from business activities": 652,
        "Profit": -102,
        "Profit before tax": 550,
        "Present corporate income tax expenses": 136,
        "Deferred income taxes expenses": "N/A",
        "The interests of minority shareholders": "N/A",
        "Total Cost of profits": 136,
        "Profit after tax corporate income": 414,
        "Volume": 2000205,
        "Close of Quarter": 10.2,
        "EPS": 462,
        "Non-adjusted EPS": 462,
        "PE": 22.1,
        "Book Price": 23
      }
    },
    {
      "quarter": "Q2 2016",
      "income status": {
        "Net sales": 20833,
        "Cost of goods sold": 17469,
        "Gross Profit": 3364,
        "Financial expenses": 395,
        "Of which: Interest expense": 135,
        "Cost of sales": 907,
        "Enterprise cost management": 1847,
        "Total Operating Expenses": 3149,
        "Total revenue financing activities": 330,
        "Net profit from business activities": 545,
        "Profit": -102,
        "Profit before tax": 443,
        "Present corporate income tax expenses": 46,
        "Deferred income taxes expenses": "N/A",
        "The interests of minority shareholders": "N/A",
        "Total Cost of profits": 46,
        "Profit after tax corporate income": 396,
        "Volume": 2000205,
        "Close of Quarter": 10.6,
        "EPS": 100,
        "Non-adjusted EPS": 100,
        "PE": 106,
        "Book Price": 22.8
      }
    },
    {
      "quarter": "Q1 2016",
      "income status": {
        "Net sales": 11252,
        "Cost of goods sold": 9965,
        "Gross Profit": 1287,
        "Financial expenses": 92,
        "Of which: Interest expense": 125,
        "Cost of sales": 398,
        "Enterprise cost management": 1127,
        "Total Operating Expenses": 1617,
        "Total revenue financing activities": 193,
        "Net profit from business activities": -136,
        "Profit": -106,
        "Profit before tax": -242,
        "Present corporate income tax expenses": "N/A",
        "Deferred income taxes expenses": "N/A",
        "The interests of minority shareholders": "N/A",
        "Total Cost of profits": 0,
        "Profit after tax corporate income": -242,
        "Volume": 2000205,
        "Close of Quarter": 9.5,
        "EPS": -60,
        "Non-adjusted EPS": -60,
        "PE": -158.3,
        "Book Price": 22.6
      }
    },
    {
      "quarter": "Q4 2015",
      "income status": {
        "Net sales": 15955,
        "Cost of goods sold": 14500,
        "Gross Profit": 1455,
        "Financial expenses": 150,
        "Of which: Interest expense": 150,
        "Cost of sales": 529,
        "Enterprise cost management": 1307,
        "Total Operating Expenses": 1986,
        "Total revenue financing activities": 191,
        "Net profit from business activities": -341,
        "Profit": 697,
        "Profit before tax": 356,
        "Present corporate income tax expenses": "N/A",
        "Deferred income taxes expenses": "N/A",
        "The interests of minority shareholders": "N/A",
        "Total Cost of profits": 0,
        "Profit after tax corporate income": 356,
        "Volume": 2000205,
        "Close of Quarter": 8.2,
        "EPS": 31,
        "Non-adjusted EPS": 31,
        "PE": 264.5,
        "Book Price": 22.7
      }
    },
    {
      "quarter": "Q3 2015",
      "income status": {
        "Net sales": 14010,
        "Cost of goods sold": 12221,
        "Gross Profit": 1790,
        "Financial expenses": 143,
        "Of which: Interest expense": 143,
        "Cost of sales": 495,
        "Enterprise cost management": 1529,
        "Total Operating Expenses": 2167,
        "Total revenue financing activities": 177,
        "Net profit from business activities": -200,
        "Profit": -109,
        "Profit before tax": -309,
        "Present corporate income tax expenses": "N/A",
        "Deferred income taxes expenses": "N/A",
        "The interests of minority shareholders": "N/A",
        "Total Cost of profits": 0,
        "Profit after tax corporate income": -309,
        "Volume": 2000205,
        "Close of Quarter": 7.6,
        "EPS": 184,
        "Non-adjusted EPS": 184,
        "PE": 41.3,
        "Book Price": 22.6
      }
    },
    {
      "quarter": "Q2 2015",
      "income status": {
        "Net sales": 14195,
        "Cost of goods sold": 12032,
        "Gross Profit": 2163,
        "Financial expenses": -316,
        "Of which: Interest expense": 334,
        "Cost of sales": 492,
        "Enterprise cost management": 1866,
        "Total Operating Expenses": 2042,
        "Total revenue financing activities": 78,
        "Net profit from business activities": 199,
        "Profit": -125,
        "Profit before tax": 74,
        "Present corporate income tax expenses": "N/A",
        "Deferred income taxes expenses": "N/A",
        "The interests of minority shareholders": "N/A",
        "Total Cost of profits": 0,
        "Profit after tax corporate income": 74,
        "Volume": 2000205,
        "Close of Quarter": 8.7,
        "EPS": 354,
        "Non-adjusted EPS": 354,
        "PE": 24.6,
        "Book Price": 22.7
      }
    },
    {
      "quarter": "Q1 2015",
      "income status": {
        "Net sales": 6411,
        "Cost of goods sold": 4910,
        "Gross Profit": 1501,
        "Financial expenses": 199,
        "Of which: Interest expense": 199,
        "Cost of sales": 247,
        "Enterprise cost management": 1337,
        "Total Operating Expenses": 1783,
        "Total revenue financing activities": 19,
        "Net profit from business activities": -262,
        "Profit": 203,
        "Profit before tax": -59,
        "Present corporate income tax expenses": "N/A",
        "Deferred income taxes expenses": "N/A",
        "The interests of minority shareholders": "N/A",
        "Total Cost of profits": 0,
        "Profit after tax corporate income": -59,
        "Volume": 2000205,
        "Close of Quarter": 8.3,
        "EPS": 544,
        "Non-adjusted EPS": 544,
        "PE": 15.3,
        "Book Price": 22.7
      }
    },
    {
      "quarter": "Q4 2014",
      "income status": {
        "Net sales": 11247,
        "Cost of goods sold": 8311,
        "Gross Profit": 2936,
        "Financial expenses": 334,
        "Of which: Interest expense": 334,
        "Cost of sales": 754,
        "Enterprise cost management": 1876,
        "Total Operating Expenses": 2964,
        "Total revenue financing activities": 127,
        "Net profit from business activities": 98,
        "Profit": 565,
        "Profit before tax": 663,
        "Present corporate income tax expenses": "N/A",
        "Deferred income taxes expenses": "N/A",
        "The interests of minority shareholders": "N/A",
        "Total Cost of profits": 0,
        "Profit after tax corporate income": 663,
        "Volume": 2000205,
        "Close of Quarter": 9,
        "EPS": 365,
        "Non-adjusted EPS": 365,
        "PE": 24.7,
        "Book Price": 22.7
      }
    },
    {
      "quarter": "Q3 2014",
      "income status": {
        "Net sales": 11684,
        "Cost of goods sold": 9698,
        "Gross Profit": 1986,
        "Financial expenses": 270,
        "Of which: Interest expense": 270,
        "Cost of sales": 105,
        "Enterprise cost management": 1503,
        "Total Operating Expenses": 1878,
        "Total revenue financing activities": 55,
        "Net profit from business activities": 164,
        "Profit": -132,
        "Profit before tax": 31,
        "Present corporate income tax expenses": "N/A",
        "Deferred income taxes expenses": "N/A",
        "The interests of minority shareholders": "N/A",
        "Total Cost of profits": 0,
        "Profit after tax corporate income": 31,
        "Volume": 2000205,
        "Close of Quarter": 10.1,
        "EPS": -654,
        "Non-adjusted EPS": -654,
        "PE": -15.4,
        "Book Price": 22.4
      }
    },
    {
      "quarter": "Q2 2014",
      "income status": {
        "Net sales": 21632,
        "Cost of goods sold": 18399,
        "Gross Profit": 3232,
        "Financial expenses": 501,
        "Of which: Interest expense": 263,
        "Cost of sales": 139,
        "Enterprise cost management": 1999,
        "Total Operating Expenses": 2639,
        "Total revenue financing activities": 91,
        "Net profit from business activities": 684,
        "Profit": -230,
        "Profit before tax": 454,
        "Present corporate income tax expenses": "N/A",
        "Deferred income taxes expenses": "N/A",
        "The interests of minority shareholders": "N/A",
        "Total Cost of profits": 0,
        "Profit after tax corporate income": 454,
        "Volume": 2000205,
        "Close of Quarter": 9.8,
        "EPS": -396,
        "Non-adjusted EPS": -396,
        "PE": -24.8,
        "Book Price": 22.4
      }
    },
    {
      "quarter": "Q1 2014",
      "income status": {
        "Net sales": 8731,
        "Cost of goods sold": 6866,
        "Gross Profit": 1865,
        "Financial expenses": 314,
        "Of which: Interest expense": 314,
        "Cost of sales": 430,
        "Enterprise cost management": 1410,
        "Total Operating Expenses": 2154,
        "Total revenue financing activities": 62,
        "Net profit from business activities": -227,
        "Profit": -189,
        "Profit before tax": -417,
        "Present corporate income tax expenses": "N/A",
        "Deferred income taxes expenses": "N/A",
        "The interests of minority shareholders": "N/A",
        "Total Cost of profits": 0,
        "Profit after tax corporate income": -417,
        "Volume": 2000205,
        "Close of Quarter": 13,
        "EPS": -1877,
        "Non-adjusted EPS": -1877,
        "PE": -6.9,
        "Book Price": 22.1
      }
    },
    {
      "quarter": "Q4 2013",
      "income status": {
        "Net sales": 9562,
        "Cost of goods sold": 7670,
        "Gross Profit": 1892,
        "Financial expenses": -197,
        "Of which: Interest expense": 141,
        "Cost of sales": 580,
        "Enterprise cost management": 1326,
        "Total Operating Expenses": 1709,
        "Total revenue financing activities": 22,
        "Net profit from business activities": 205,
        "Profit": -1581,
        "Profit before tax": -1376,
        "Present corporate income tax expenses": "N/A",
        "Deferred income taxes expenses": "N/A",
        "The interests of minority shareholders": "N/A",
        "Total Cost of profits": 0,
        "Profit after tax corporate income": -1376,
        "Volume": 2000205,
        "Close of Quarter": 11.4,
        "EPS": -1781,
        "Non-adjusted EPS": -1781,
        "PE": -6.4,
        "Book Price": 22.3
      }
    },
    {
      "quarter": "Q3 2013",
      "income status": {
        "Net sales": 18179,
        "Cost of goods sold": 15929,
        "Gross Profit": 2250,
        "Financial expenses": 241,
        "Of which: Interest expense": 241,
        "Cost of sales": 675,
        "Enterprise cost management": 1218,
        "Total Operating Expenses": 2134,
        "Total revenue financing activities": 408,
        "Net profit from business activities": 524,
        "Profit": 22,
        "Profit before tax": 547,
        "Present corporate income tax expenses": "N/A",
        "Deferred income taxes expenses": "N/A",
        "The interests of minority shareholders": "N/A",
        "Total Cost of profits": 0,
        "Profit after tax corporate income": 547,
        "Volume": 2000205,
        "Close of Quarter": 10,
        "EPS": -1296,
        "Non-adjusted EPS": -1296,
        "PE": -7.7,
        "Book Price": 23.7
      }
    },
    {
      "quarter": "Q2 2013",
      "income status": {
        "Net sales": 17340,
        "Cost of goods sold": 14396,
        "Gross Profit": 2944,
        "Financial expenses": 2275,
        "Of which: Interest expense": 585,
        "Cost of sales": 690,
        "Enterprise cost management": 2585,
        "Total Operating Expenses": 5550,
        "Total revenue financing activities": 291,
        "Net profit from business activities": -2315,
        "Profit": -193,
        "Profit before tax": -2508,
        "Present corporate income tax expenses": "N/A",
        "Deferred income taxes expenses": "N/A",
        "The interests of minority shareholders": "N/A",
        "Total Cost of profits": 0,
        "Profit after tax corporate income": -2508,
        "Volume": 2000205,
        "Close of Quarter": 10,
        "EPS": -1380,
        "Non-adjusted EPS": -1380,
        "PE": -7.3,
        "Book Price": 23.5
      }
    },
    {
      "quarter": "Q1 2013",
      "income status": {
        "Net sales": 9494,
        "Cost of goods sold": 7597,
        "Gross Profit": 1896,
        "Financial expenses": 412,
        "Of which: Interest expense": 412,
        "Cost of sales": 419,
        "Enterprise cost management": 952,
        "Total Operating Expenses": 1783,
        "Total revenue financing activities": 160,
        "Net profit from business activities": 273,
        "Profit": -498,
        "Profit before tax": -225,
        "Present corporate income tax expenses": "N/A",
        "Deferred income taxes expenses": "N/A",
        "The interests of minority shareholders": "N/A",
        "Total Cost of profits": 0,
        "Profit after tax corporate income": -225,
        "Volume": 2000205,
        "Close of Quarter": 12,
        "EPS": -84,
        "Non-adjusted EPS": -84,
        "PE": -142.9,
        "Book Price": 24.7
      }
    },
    {
      "quarter": "Q4 2012",
      "income status": {
        "Net sales": 16728,
        "Cost of goods sold": 13233,
        "Gross Profit": 3495,
        "Financial expenses": 673,
        "Of which: Interest expense": 655,
        "Cost of sales": 747,
        "Enterprise cost management": 2860,
        "Total Operating Expenses": 4280,
        "Total revenue financing activities": 428,
        "Net profit from business activities": -357,
        "Profit": -203,
        "Profit before tax": -560,
        "Present corporate income tax expenses": -153,
        "Deferred income taxes expenses": "N/A",
        "The interests of minority shareholders": "N/A",
        "Total Cost of profits": -153,
        "Profit after tax corporate income": -407,
        "Volume": 2000205,
        "Close of Quarter": 11.6,
        "EPS": 219,
        "Non-adjusted EPS": 219,
        "PE": 53.0,
        "Book Price": 24.9
      }
    },
    {
      "quarter": "Q3 2012",
      "income status": {
        "Net sales": 15197,
        "Cost of goods sold": 11510,
        "Gross Profit": 3687,
        "Financial expenses": 360,
        "Of which: Interest expense": 323,
        "Cost of sales": 681,
        "Enterprise cost management": 2213,
        "Total Operating Expenses": 3254,
        "Total revenue financing activities": 170,
        "Net profit from business activities": 603,
        "Profit": -96,
        "Profit before tax": 507,
        "Present corporate income tax expenses": 127,
        "Deferred income taxes expenses": "N/A",
        "The interests of minority shareholders": "N/A",
        "Total Cost of profits": 127,
        "Profit after tax corporate income": 380,
        "Volume": 2000205,
        "Close of Quarter": 13.7,
        "EPS": 1990,
        "Non-adjusted EPS": 1990,
        "PE": 6.9,
        "Book Price": 25.1
      }
    },
    {
      "quarter": "Q2 2012",
      "income status": {
        "Net sales": 16509,
        "Cost of goods sold": 11634,
        "Gross Profit": 4875,
        "Financial expenses": 531,
        "Of which: Interest expense": 531,
        "Cost of sales": 785,
        "Enterprise cost management": 2699,
        "Total Operating Expenses": 4015,
        "Total revenue financing activities": 315,
        "Net profit from business activities": 1175,
        "Profit": -1041,
        "Profit before tax": 134,
        "Present corporate income tax expenses": 51,
        "Deferred income taxes expenses": "N/A",
        "The interests of minority shareholders": "N/A",
        "Total Cost of profits": 51,
        "Profit after tax corporate income": 83,
        "Volume": 2000205,
        "Close of Quarter": 16,
        "EPS": 2944,
        "Non-adjusted EPS": 2944,
        "PE": 5.4,
        "Book Price": 24.9
      }
    },
    {
      "quarter": "Q1 2012",
      "income status": {
        "Net sales": 9738,
        "Cost of goods sold": 6799,
        "Gross Profit": 2939,
        "Financial expenses": 420,
        "Of which: Interest expense": 420,
        "Cost of sales": 471,
        "Enterprise cost management": 1984,
        "Total Operating Expenses": 2875,
        "Total revenue financing activities": 425,
        "Net profit from business activities": 490,
        "Profit": 21,
        "Profit before tax": 511,
        "Present corporate income tax expenses": 128,
        "Deferred income taxes expenses": "N/A",
        "The interests of minority shareholders": "N/A",
        "Total Cost of profits": 128,
        "Profit after tax corporate income": 383,
        "Volume": 2000205,
        "Close of Quarter": 15.7,
        "EPS": 5001,
        "Non-adjusted EPS": 5001,
        "PE": 3.1,
        "Book Price": 24.9
      }
    },
    {
      "quarter": "Q4 2011",
      "income status": {
        "Net sales": 15564,
        "Cost of goods sold": 9982,
        "Gross Profit": 5582,
        "Financial expenses": 135,
        "Of which: Interest expense": 126,
        "Cost of sales": 1222,
        "Enterprise cost management": 2521,
        "Total Operating Expenses": 3878,
        "Total revenue financing activities": 1343,
        "Net profit from business activities": 3048,
        "Profit": -353,
        "Profit before tax": 2694,
        "Present corporate income tax expenses": -440,
        "Deferred income taxes expenses": "N/A",
        "The interests of minority shareholders": "N/A",
        "Total Cost of profits": -440,
        "Profit after tax corporate income": 3135,
        "Volume": 2000205,
        "Close of Quarter": 13.7,
        "EPS": 6126,
        "Non-adjusted EPS": 6126,
        "PE": 2.2,
        "Book Price": 27.2
      }
    },
    {
      "quarter": "Q3 2011",
      "income status": {
        "Net sales": 16554,
        "Cost of goods sold": 10667,
        "Gross Profit": 5887,
        "Financial expenses": 59,
        "Of which: Interest expense": 59,
        "Cost of sales": 583,
        "Enterprise cost management": 2675,
        "Total Operating Expenses": 3317,
        "Total revenue financing activities": 103,
        "Net profit from business activities": 2673,
        "Profit": 376,
        "Profit before tax": 3049,
        "Present corporate income tax expenses": 762,
        "Deferred income taxes expenses": "N/A",
        "The interests of minority shareholders": "N/A",
        "Total Cost of profits": 762,
        "Profit after tax corporate income": 2287,
        "Volume": 2000205,
        "Close of Quarter": 17.5,
        "EPS": 6891,
        "Non-adjusted EPS": 6891,
        "PE": 2.5,
        "Book Price": 25.7
      }
    },
    {
      "quarter": "Q2 2011",
      "income status": {
        "Net sales": 30877,
        "Cost of goods sold": 21502,
        "Gross Profit": 9375,
        "Financial expenses": 225,
        "Of which: Interest expense": 172,
        "Cost of sales": 1008,
        "Enterprise cost management": 3544,
        "Total Operating Expenses": 4777,
        "Total revenue financing activities": 936,
        "Net profit from business activities": 5534,
        "Profit": 64,
        "Profit before tax": 5598,
        "Present corporate income tax expenses": 1399,
        "Deferred income taxes expenses": "N/A",
        "The interests of minority shareholders": "N/A",
        "Total Cost of profits": 1399,
        "Profit after tax corporate income": 4198,
        "Volume": 1290455,
        "Close of Quarter": 20.3,
        "EPS": 7459.4,
        "Non-adjusted EPS": 11562,
        "PE": 1.8,
        "Book Price": 21.0
      }
    },
    {
      "quarter": "Q1 2011",
      "income status": {
        "Net sales": 19646,
        "Cost of goods sold": 13923,
        "Gross Profit": 5723,
        "Financial expenses": 793,
        "Of which: Interest expense": 241,
        "Cost of sales": 682,
        "Enterprise cost management": 1298,
        "Total Operating Expenses": 2773,
        "Total revenue financing activities": 537,
        "Net profit from business activities": 3487,
        "Profit": 23,
        "Profit before tax": 3510,
        "Present corporate income tax expenses": 878,
        "Deferred income taxes expenses": "N/A",
        "The interests of minority shareholders": "N/A",
        "Total Cost of profits": 878,
        "Profit after tax corporate income": 2633,
        "Volume": 1290455,
        "Close of Quarter": 24.5,
        "EPS": 8178.1,
        "Non-adjusted EPS": 12676,
        "PE": 1.9,
        "Book Price": 18.8
      }
    },
    {
      "quarter": "Q4 2010",
      "income status": {
        "Net sales": 20976,
        "Cost of goods sold": 13861,
        "Gross Profit": 7115,
        "Financial expenses": -56,
        "Of which: Interest expense": 378,
        "Cost of sales": 735,
        "Enterprise cost management": 1634,
        "Total Operating Expenses": 2313,
        "Total revenue financing activities": 609,
        "Net profit from business activities": 5409,
        "Profit": 37,
        "Profit before tax": 5447,
        "Present corporate income tax expenses": 780,
        "Deferred income taxes expenses": "N/A",
        "The interests of minority shareholders": "N/A",
        "Total Cost of profits": 780,
        "Profit after tax corporate income": 4666,
        "Volume": 1290455,
        "Close of Quarter": 26.8,
        "EPS": 8000,
        "Non-adjusted EPS": 12400,
        "PE": 2.2,
        "Book Price": 21.8
      }
    },
    {
      "quarter": "Q3 2010",
      "income status": {
        "Net sales": 22622,
        "Cost of goods sold": 14647,
        "Gross Profit": 7975,
        "Financial expenses": 706,
        "Of which: Interest expense": 239,
        "Cost of sales": 2157,
        "Enterprise cost management": 1713,
        "Total Operating Expenses": 4576,
        "Total revenue financing activities": 591,
        "Net profit from business activities": 3990,
        "Profit": 8,
        "Profit before tax": 3998,
        "Present corporate income tax expenses": 575,
        "Deferred income taxes expenses": "N/A",
        "The interests of minority shareholders": "N/A",
        "Total Cost of profits": 575,
        "Profit after tax corporate income": 3423,
        "Volume": 1290455,
        "Close of Quarter": 28.0,
        "EPS": 8164.5,
        "Non-adjusted EPS": 12655,
        "PE": 2.2,
        "Book Price": 19.5
      }
    },
    {
      "quarter": "Q2 2010",
      "income status": {
        "Net sales": 23337,
        "Cost of goods sold": 14523,
        "Gross Profit": 8815,
        "Financial expenses": 524,
        "Of which: Interest expense": 399,
        "Cost of sales": 812,
        "Enterprise cost management": 1674,
        "Total Operating Expenses": 3010,
        "Total revenue financing activities": 763,
        "Net profit from business activities": 6569,
        "Profit": 32,
        "Profit before tax": 6601,
        "Present corporate income tax expenses": 965,
        "Deferred income taxes expenses": "N/A",
        "The interests of minority shareholders": "N/A",
        "Total Cost of profits": 965,
        "Profit after tax corporate income": 5636,
        "Volume": 1290455,
        "Close of Quarter": 32.7,
        "EPS": 8734.8,
        "Non-adjusted EPS": 13539,
        "PE": 2.4,
        "Book Price": 17.8
      }
    },
    {
      "quarter": "Q1 2010",
      "income status": {
        "Net sales": 12272,
        "Cost of goods sold": 7231,
        "Gross Profit": 5041,
        "Financial expenses": 251,
        "Of which: Interest expense": 251,
        "Cost of sales": 831,
        "Enterprise cost management": 1732,
        "Total Operating Expenses": 2814,
        "Total revenue financing activities": 360,
        "Net profit from business activities": 2586,
        "Profit": 14,
        "Profit before tax": 2601,
        "Present corporate income tax expenses": 325,
        "Deferred income taxes expenses": "N/A",
        "The interests of minority shareholders": "N/A",
        "Total Cost of profits": 325,
        "Profit after tax corporate income": 2276,
        "Volume": 1290455,
        "Close of Quarter": 38.3,
        "EPS": 8752.9,
        "Non-adjusted EPS": 13567,
        "PE": 2.8,
        "Book Price": 15.9
      }
    },
    {
      "quarter": "Q4 2009",
      "income status": {
        "Net sales": 15633,
        "Cost of goods sold": 8431,
        "Gross Profit": 7202,
        "Financial expenses": 105,
        "Of which: Interest expense": "N/A",
        "Cost of sales": 592,
        "Enterprise cost management": 1485,
        "Total Operating Expenses": 2182,
        "Total revenue financing activities": 641,
        "Net profit from business activities": 5661,
        "Profit": 64,
        "Profit before tax": 5724,
        "Present corporate income tax expenses": 729,
        "Deferred income taxes expenses": "N/A",
        "The interests of minority shareholders": "N/A",
        "Total Cost of profits": 729,
        "Profit after tax corporate income": 4996,
        "Volume": 1290455,
        "Close of Quarter": 37.6,
        "EPS": 9289.7,
        "Non-adjusted EPS": 14399,
        "PE": 2.6,
        "Book Price": 15.4
      }
    },
    {
      "quarter": "Q3 2009",
      "income status": {
        "Net sales": 20859,
        "Cost of goods sold": 12526,
        "Gross Profit": 8333,
        "Financial expenses": 109,
        "Of which: Interest expense": "N/A",
        "Cost of sales": 1392,
        "Enterprise cost management": 1921,
        "Total Operating Expenses": 3422,
        "Total revenue financing activities": 310,
        "Net profit from business activities": 5220,
        "Profit": -6,
        "Profit before tax": 5215,
        "Present corporate income tax expenses": 652,
        "Deferred income taxes expenses": "N/A",
        "The interests of minority shareholders": "N/A",
        "Total Cost of profits": 652,
        "Profit after tax corporate income": 4563,
        "Volume": 1290455,
        "Close of Quarter": 36.3,
        "EPS": 10176.8,
        "Non-adjusted EPS": 15774,
        "PE": 2.3,
        "Book Price": 15.3
      }
    },
    {
      "quarter": "Q2 2009",
      "income status": {
        "Net sales": 22462,
        "Cost of goods sold": 13891,
        "Gross Profit": 8571,
        "Financial expenses": 105,
        "Of which: Interest expense": "N/A",
        "Cost of sales": 744,
        "Enterprise cost management": 1587,
        "Total Operating Expenses": 2436,
        "Total revenue financing activities": 339,
        "Net profit from business activities": 6474,
        "Profit": 9,
        "Profit before tax": 6483,
        "Present corporate income tax expenses": 810,
        "Deferred income taxes expenses": "N/A",
        "The interests of minority shareholders": "N/A",
        "Total Cost of profits": 810,
        "Profit after tax corporate income": 5673,
        "Volume": 1241955,
        "Close of Quarter": 25.6,
        "EPS": 10180.5,
        "Non-adjusted EPS": 16396,
        "PE": 1.6,
        "Book Price": 14.3
      }
    },
    {
      "quarter": "Q1 2009",
      "income status": {
        "Net sales": 15821,
        "Cost of goods sold": 9554,
        "Gross Profit": 6267,
        "Financial expenses": 61,
        "Of which: Interest expense": "N/A",
        "Cost of sales": 809,
        "Enterprise cost management": 1709,
        "Total Operating Expenses": 2579,
        "Total revenue financing activities": 123,
        "Net profit from business activities": 3810,
        "Profit": 17,
        "Profit before tax": 3827,
        "Present corporate income tax expenses": 478,
        "Deferred income taxes expenses": "N/A",
        "The interests of minority shareholders": "N/A",
        "Total Cost of profits": 478,
        "Profit after tax corporate income": 3349,
        "Volume": 1241955,
        "Close of Quarter": 14.8,
        "EPS": 8467.4,
        "Non-adjusted EPS": 13637,
        "PE": 1.1,
        "Book Price": 13.0
      }
    },
    {
      "quarter": "Q4 2008",
      "income status": {
        "Net sales": 14349,
        "Cost of goods sold": 8083,
        "Gross Profit": 6265,
        "Financial expenses": 195,
        "Of which: Interest expense": "N/A",
        "Cost of sales": -8,
        "Enterprise cost management": -1255,
        "Total Operating Expenses": -1068,
        "Total revenue financing activities": 376,
        "Net profit from business activities": 7709,
        "Profit": 18,
        "Profit before tax": 7727,
        "Present corporate income tax expenses": 957,
        "Deferred income taxes expenses": "N/A",
        "The interests of minority shareholders": "N/A",
        "Total Cost of profits": 957,
        "Profit after tax corporate income": 6770,
        "Volume": 1241955,
        "Close of Quarter": 14.0,
        "EPS": 8225.9,
        "Non-adjusted EPS": 13248,
        "PE": 1.1,
        "Book Price": 14.6
      }
    },
    {
      "quarter": "Q3 2008",
      "income status": {
        "Net sales": 14265,
        "Cost of goods sold": 7048,
        "Gross Profit": 7217,
        "Financial expenses": -33,
        "Of which: Interest expense": "N/A",
        "Cost of sales": 943,
        "Enterprise cost management": 1249,
        "Total Operating Expenses": 2159,
        "Total revenue financing activities": 205,
        "Net profit from business activities": 5262,
        "Profit": 54,
        "Profit before tax": 5315,
        "Present corporate income tax expenses": 744,
        "Deferred income taxes expenses": "N/A",
        "The interests of minority shareholders": "N/A",
        "Total Cost of profits": 744,
        "Profit after tax corporate income": 4571,
        "Volume": 1241955,
        "Close of Quarter": 20.8,
        "EPS": 5271.6,
        "Non-adjusted EPS": 8490,
        "PE": 2.5,
        "Book Price": 11.2
      }
    },
    {
      "quarter": "Q2 2008",
      "income status": {
        "Net sales": 13763,
        "Cost of goods sold": 6091,
        "Gross Profit": 7672,
        "Financial expenses": 2187,
        "Of which: Interest expense": "N/A",
        "Cost of sales": 1001,
        "Enterprise cost management": 1952,
        "Total Operating Expenses": 5140,
        "Total revenue financing activities": 94,
        "Net profit from business activities": 2626,
        "Profit": -14,
        "Profit before tax": 2612,
        "Present corporate income tax expenses": 366,
        "Deferred income taxes expenses": "N/A",
        "The interests of minority shareholders": "N/A",
        "Total Cost of profits": 366,
        "Profit after tax corporate income": 2247,
        "Volume": 1061500,
        "Close of Quarter": 8.4,
        "EPS": 3764.8,
        "Non-adjusted EPS": 7094,
        "PE": 1.2,
        "Book Price": 10.2
      }
    },
    {
      "quarter": "Q1 2008",
      "income status": {
        "Net sales": 17830,
        "Cost of goods sold": 10660,
        "Gross Profit": 7170,
        "Financial expenses": 249,
        "Of which: Interest expense": "N/A",
        "Cost of sales": 2156,
        "Enterprise cost management": 1955,
        "Total Operating Expenses": 4360,
        "Total revenue financing activities": 71,
        "Net profit from business activities": 2881,
        "Profit": 450,
        "Profit before tax": 3331,
        "Present corporate income tax expenses": 466,
        "Deferred income taxes expenses": "N/A",
        "The interests of minority shareholders": "N/A",
        "Total Cost of profits": 466,
        "Profit after tax corporate income": 2865,
        "Volume": 1110000,
        "Close of Quarter": 9.3,
        "EPS": 3193.1,
        "Non-adjusted EPS": 5754,
        "PE": 1.6,
        "Book Price": 9.9
      }
    },
    {
      "quarter": "Q4 2007",
      "income status": {
        "Net sales": 13326,
        "Cost of goods sold": 10088,
        "Gross Profit": 3238,
        "Financial expenses": 534,
        "Of which: Interest expense": "N/A",
        "Cost of sales": 1147,
        "Enterprise cost management": 1068,
        "Total Operating Expenses": 2749,
        "Total revenue financing activities": 347,
        "Net profit from business activities": 837,
        "Profit": 169,
        "Profit before tax": 1006,
        "Present corporate income tax expenses": 145,
        "Deferred income taxes expenses": "N/A",
        "The interests of minority shareholders": "N/A",
        "Total Cost of profits": 145,
        "Profit after tax corporate income": 861,
        "Volume": 1110000,
        "Close of Quarter": 15.2,
        "EPS": 2023.9,
        "Non-adjusted EPS": 3647,
        "PE": 4.2,
        "Book Price": 8.3
      }
    },
    {
      "quarter": "Q3 2007",
      "income status": {
        "Net sales": 28178,
        "Cost of goods sold": 21834,
        "Gross Profit": 6343,
        "Financial expenses": 1366,
        "Of which: Interest expense": "N/A",
        "Cost of sales": 1132,
        "Enterprise cost management": 2102,
        "Total Operating Expenses": 4600,
        "Total revenue financing activities": 33,
        "Net profit from business activities": 1776,
        "Profit": 34,
        "Profit before tax": 1810,
        "Present corporate income tax expenses": 253,
        "Deferred income taxes expenses": "N/A",
        "The interests of minority shareholders": "N/A",
        "Total Cost of profits": 253,
        "Profit after tax corporate income": 1557,
        "Volume": 1110000,
        "Close of Quarter": 11.0,
        "EPS": 2013.9,
        "Non-adjusted EPS": 3629,
        "PE": 3.0,
        "Book Price": 7.8
      }
    },
    {
      "quarter": "Q2 2007",
      "income status": {
        "Net sales": 17749,
        "Cost of goods sold": 13693,
        "Gross Profit": 4057,
        "Financial expenses": 950,
        "Of which: Interest expense": "N/A",
        "Cost of sales": 693,
        "Enterprise cost management": 1163,
        "Total Operating Expenses": 2806,
        "Total revenue financing activities": 10,
        "Net profit from business activities": 1260,
        "Profit": 23,
        "Profit before tax": 1283,
        "Present corporate income tax expenses": 180,
        "Deferred income taxes expenses": "N/A",
        "The interests of minority shareholders": "N/A",
        "Total Cost of profits": 180,
        "Profit after tax corporate income": 1104,
        "Volume": 1110000,
        "Close of Quarter": 9.0,
        "EPS": 1388.5,
        "Non-adjusted EPS": 2502,
        "PE": 3.6,
        "Book Price": 7.7
      }
    },
    {
      "quarter": "Q1 2007",
      "income status": {
        "Net sales": 6727,
        "Cost of goods sold": 5046,
        "Gross Profit": 1681,
        "Financial expenses": 471,
        "Of which: Interest expense": "N/A",
        "Cost of sales": 263,
        "Enterprise cost management": 432,
        "Total Operating Expenses": 1166,
        "Total revenue financing activities": 1,
        "Net profit from business activities": 516,
        "Profit": 10,
        "Profit before tax": 526,
        "Present corporate income tax expenses": "N/A",
        "Deferred income taxes expenses": "N/A",
        "The interests of minority shareholders": "N/A",
        "Total Cost of profits": 0,
        "Profit after tax corporate income": 526,
        "Volume": 1000000,
        "Close of Quarter": 14.7,
        "EPS": 989.4,
        "Non-adjusted EPS": 1979,
        "PE": 7.4,
        "Book Price": 6.8
      }
    },
    {
      "quarter": "Q4 2006",
      "income status": {
        "Net sales": 7708,
        "Cost of goods sold": 5781,
        "Gross Profit": 1926,
        "Financial expenses": 432,
        "Of which: Interest expense": "N/A",
        "Cost of sales": 153,
        "Enterprise cost management": 518,
        "Total Operating Expenses": 1103,
        "Total revenue financing activities": "N/A",
        "Net profit from business activities": 823,
        "Profit": "N/A",
        "Profit before tax": 841,
        "Present corporate income tax expenses": "N/A",
        "Deferred income taxes expenses": "N/A",
        "The interests of minority shareholders": "N/A",
        "Total Cost of profits": 0,
        "Profit after tax corporate income": 841,
        "Volume": 1000000,
        "Close of Quarter": 5.8,
        "EPS": 726.4,
        "Non-adjusted EPS": 1453,
        "PE": 4,
        "Book Price": 7.7
      }
    },
    {
      "quarter": "Q3 2006",
      "income status": {
        "Net sales": 7403,
        "Cost of goods sold": 5886,
        "Gross Profit": 1518,
        "Financial expenses": 444,
        "Of which: Interest expense": "N/A",
        "Cost of sales": 414,
        "Enterprise cost management": 434,
        "Total Operating Expenses": 1292,
        "Total revenue financing activities": 1,
        "Net profit from business activities": 226,
        "Profit": 79,
        "Profit before tax": 306,
        "Present corporate income tax expenses": "N/A",
        "Deferred income taxes expenses": "N/A",
        "The interests of minority shareholders": "N/A",
        "Total Cost of profits": 0,
        "Profit after tax corporate income": 306,
        "Volume": 1000000,
        "Close of Quarter": 8.3,
        "EPS": 306.0,
        "Non-adjusted EPS": 612,
        "PE": 13.6,
        "Book Price": 7.2
      }
    },
    {
      "quarter": "Q2 2006",
      "income status": {
        "Net sales": 7403,
        "Cost of goods sold": 5886,
        "Gross Profit": 1518,
        "Financial expenses": 444,
        "Of which: Interest expense": "N/A",
        "Cost of sales": 414,
        "Enterprise cost management": 434,
        "Total Operating Expenses": 1292,
        "Total revenue financing activities": 1,
        "Net profit from business activities": 226,
        "Profit": 79,
        "Profit before tax": 306,
        "Present corporate income tax expenses": "N/A",
        "Deferred income taxes expenses": "N/A",
        "The interests of minority shareholders": "N/A",
        "Total Cost of profits": 0,
        "Profit after tax corporate income": 306,
        "Volume": 1000000,
        "Close of Quarter": "N/A",
        "EPS": 153.0,
        "Non-adjusted EPS": 306,
        "PE": "N/A",
        "Book Price": 7.2
      }
    }
  ]
}