{
  "ticker": "PPG",
  "data": [
    {
      "quarter": "Q1 2015",
      "income status": {
        "Net sales": 36884,
        "Cost of goods sold": 39241,
        "Gross Profit": -2356,
        "Financial expenses": 2268,
        "Of which: Interest expense": 2264,
        "Cost of sales": 1601,
        "Enterprise cost management": 2527,
        "Total Operating Expenses": 6396,
        "Total revenue financing activities": 45,
        "Net profit from business activities": -8709,
        "Profit": 19,
        "Profit before tax": -8690,
        "Present corporate income tax expenses": "N/A",
        "Deferred income taxes expenses": "N/A",
        "The interests of minority shareholders": "N/A",
        "Total Cost of profits": 0,
        "Profit after tax corporate income": -8690,
        "Volume": 7103700,
        "Close of Quarter": 3.1,
        "EPS": -2949,
        "Non-adjusted EPS": -2949,
        "PE": -1.1,
        "Book Price": 3.8
      }
    },
    {
      "quarter": "Q4 2014",
      "income status": {
        "Net sales": 35195,
        "Cost of goods sold": 34031,
        "Gross Profit": 1164,
        "Financial expenses": 2264,
        "Of which: Interest expense": 2218,
        "Cost of sales": 2373,
        "Enterprise cost management": 2897,
        "Total Operating Expenses": 7534,
        "Total revenue financing activities": 140,
        "Net profit from business activities": -6231,
        "Profit": 613,
        "Profit before tax": -5617,
        "Present corporate income tax expenses": "N/A",
        "Deferred income taxes expenses": "N/A",
        "The interests of minority shareholders": "N/A",
        "Total Cost of profits": 0,
        "Profit after tax corporate income": -5617,
        "Volume": 7103700,
        "Close of Quarter": 3.7,
        "EPS": -2570,
        "Non-adjusted EPS": -2570,
        "PE": -1.4,
        "Book Price": 5.2
      }
    },
    {
      "quarter": "Q3 2014",
      "income status": {
        "Net sales": 50973,
        "Cost of goods sold": 43555,
        "Gross Profit": 7418,
        "Financial expenses": 2289,
        "Of which: Interest expense": 2264,
        "Cost of sales": 3119,
        "Enterprise cost management": 3206,
        "Total Operating Expenses": 8614,
        "Total revenue financing activities": 26,
        "Net profit from business activities": -1170,
        "Profit": 185,
        "Profit before tax": -985,
        "Present corporate income tax expenses": "N/A",
        "Deferred income taxes expenses": "N/A",
        "The interests of minority shareholders": "N/A",
        "Total Cost of profits": 0,
        "Profit after tax corporate income": -985,
        "Volume": 7103700,
        "Close of Quarter": 3,
        "EPS": -2636,
        "Non-adjusted EPS": -2636,
        "PE": -1.1,
        "Book Price": 6
      }
    },
    {
      "quarter": "Q2 2014",
      "income status": {
        "Net sales": 47810,
        "Cost of goods sold": 44697,
        "Gross Profit": 3112,
        "Financial expenses": 2506,
        "Of which: Interest expense": 2453,
        "Cost of sales": 3224,
        "Enterprise cost management": 3464,
        "Total Operating Expenses": 9194,
        "Total revenue financing activities": 118,
        "Net profit from business activities": -5964,
        "Profit": 309,
        "Profit before tax": -5656,
        "Present corporate income tax expenses": "N/A",
        "Deferred income taxes expenses": "N/A",
        "The interests of minority shareholders": "N/A",
        "Total Cost of profits": 0,
        "Profit after tax corporate income": -5656,
        "Volume": 7103700,
        "Close of Quarter": 2.7,
        "EPS": -3624,
        "Non-adjusted EPS": -3624,
        "PE": -0.8,
        "Book Price": 6.1
      }
    },
    {
      "quarter": "Q1 2014",
      "income status": {
        "Net sales": 46452,
        "Cost of goods sold": 45003,
        "Gross Profit": 1449,
        "Financial expenses": 1797,
        "Of which: Interest expense": 1783,
        "Cost of sales": 2951,
        "Enterprise cost management": 2810,
        "Total Operating Expenses": 7558,
        "Total revenue financing activities": 3,
        "Net profit from business activities": -6106,
        "Profit": 107,
        "Profit before tax": -5999,
        "Present corporate income tax expenses": "N/A",
        "Deferred income taxes expenses": "N/A",
        "The interests of minority shareholders": "N/A",
        "Total Cost of profits": 0,
        "Profit after tax corporate income": -5999,
        "Volume": 7103700,
        "Close of Quarter": 3.9,
        "EPS": -3887,
        "Non-adjusted EPS": -3887,
        "PE": -1,
        "Book Price": 7
      }
    },
    {
      "quarter": "Q4 2013",
      "income status": {
        "Net sales": 43765,
        "Cost of goods sold": 40535,
        "Gross Profit": 3231,
        "Financial expenses": 2904,
        "Of which: Interest expense": 2343,
        "Cost of sales": 3458,
        "Enterprise cost management": 3015,
        "Total Operating Expenses": 9377,
        "Total revenue financing activities": 5,
        "Net profit from business activities": -6141,
        "Profit": 55,
        "Profit before tax": -6086,
        "Present corporate income tax expenses": "N/A",
        "Deferred income taxes expenses": "N/A",
        "The interests of minority shareholders": "N/A",
        "Total Cost of profits": 0,
        "Profit after tax corporate income": -6086,
        "Volume": 7103700,
        "Close of Quarter": 2.8,
        "EPS": -3689,
        "Non-adjusted EPS": -3689,
        "PE": -0.8,
        "Book Price": 8
      }
    },
    {
      "quarter": "Q3 2013",
      "income status": {
        "Net sales": 41992,
        "Cost of goods sold": 41616,
        "Gross Profit": 376,
        "Financial expenses": 2075,
        "Of which: Interest expense": 2063,
        "Cost of sales": 4272,
        "Enterprise cost management": 2393,
        "Total Operating Expenses": 8740,
        "Total revenue financing activities": 31,
        "Net profit from business activities": -8333,
        "Profit": 333,
        "Profit before tax": -8001,
        "Present corporate income tax expenses": "N/A",
        "Deferred income taxes expenses": "N/A",
        "The interests of minority shareholders": "N/A",
        "Total Cost of profits": 0,
        "Profit after tax corporate income": -8001,
        "Volume": 7103700,
        "Close of Quarter": 2.7,
        "EPS": -3471,
        "Non-adjusted EPS": -3471,
        "PE": -0.8,
        "Book Price": 8.8
      }
    },
    {
      "quarter": "Q2 2013",
      "income status": {
        "Net sales": 55656,
        "Cost of goods sold": 50941,
        "Gross Profit": 4715,
        "Financial expenses": 2703,
        "Of which: Interest expense": 2637,
        "Cost of sales": 4379,
        "Enterprise cost management": 5304,
        "Total Operating Expenses": 12386,
        "Total revenue financing activities": 70,
        "Net profit from business activities": -7601,
        "Profit": 74,
        "Profit before tax": -7527,
        "Present corporate income tax expenses": "N/A",
        "Deferred income taxes expenses": "N/A",
        "The interests of minority shareholders": "N/A",
        "Total Cost of profits": 0,
        "Profit after tax corporate income": -7527,
        "Volume": 7103700,
        "Close of Quarter": 2.7,
        "EPS": -2991,
        "Non-adjusted EPS": -2991,
        "PE": -0.9,
        "Book Price": 9.7
      }
    },
    {
      "quarter": "Q1 2013",
      "income status": {
        "Net sales": 52303,
        "Cost of goods sold": 48781,
        "Gross Profit": 3522,
        "Financial expenses": 1994,
        "Of which: Interest expense": 1923,
        "Cost of sales": 3443,
        "Enterprise cost management": 2811,
        "Total Operating Expenses": 8248,
        "Total revenue financing activities": 37,
        "Net profit from business activities": -4689,
        "Profit": 94,
        "Profit before tax": -4595,
        "Present corporate income tax expenses": "N/A",
        "Deferred income taxes expenses": "N/A",
        "The interests of minority shareholders": "N/A",
        "Total Cost of profits": 0,
        "Profit after tax corporate income": -4595,
        "Volume": 7103700,
        "Close of Quarter": 4,
        "EPS": -1969,
        "Non-adjusted EPS": -1969,
        "PE": -2.0,
        "Book Price": 10.8
      }
    },
    {
      "quarter": "Q4 2012",
      "income status": {
        "Net sales": 72709,
        "Cost of goods sold": 68939,
        "Gross Profit": 3771,
        "Financial expenses": 1719,
        "Of which: Interest expense": 1649,
        "Cost of sales": 4044,
        "Enterprise cost management": 2990,
        "Total Operating Expenses": 8753,
        "Total revenue financing activities": 15,
        "Net profit from business activities": -4967,
        "Profit": 430,
        "Profit before tax": -4537,
        "Present corporate income tax expenses": "N/A",
        "Deferred income taxes expenses": "N/A",
        "The interests of minority shareholders": "N/A",
        "Total Cost of profits": 0,
        "Profit after tax corporate income": -4537,
        "Volume": 7103700,
        "Close of Quarter": 4.4,
        "EPS": -1228,
        "Non-adjusted EPS": -1228,
        "PE": -3.6,
        "Book Price": 12.1
      }
    },
    {
      "quarter": "Q3 2012",
      "income status": {
        "Net sales": 72506,
        "Cost of goods sold": 67050,
        "Gross Profit": 5455,
        "Financial expenses": 6285,
        "Of which: Interest expense": "N/A",
        "Cost of sales": 2836,
        "Enterprise cost management": 3104,
        "Total Operating Expenses": 12225,
        "Total revenue financing activities": 1665,
        "Net profit from business activities": -5105,
        "Profit": 516,
        "Profit before tax": -4590,
        "Present corporate income tax expenses": "N/A",
        "Deferred income taxes expenses": "N/A",
        "The interests of minority shareholders": "N/A",
        "Total Cost of profits": 0,
        "Profit after tax corporate income": -4590,
        "Volume": 7103700,
        "Close of Quarter": 4.6,
        "EPS": -747,
        "Non-adjusted EPS": -747,
        "PE": -6.2,
        "Book Price": 12.7
      }
    },
    {
      "quarter": "Q2 2012",
      "income status": {
        "Net sales": 66036,
        "Cost of goods sold": 60193,
        "Gross Profit": 5844,
        "Financial expenses": 1819,
        "Of which: Interest expense": 4730,
        "Cost of sales": 2468,
        "Enterprise cost management": 3892,
        "Total Operating Expenses": 8179,
        "Total revenue financing activities": 1678,
        "Net profit from business activities": -659,
        "Profit": 398,
        "Profit before tax": -265,
        "Present corporate income tax expenses": "N/A",
        "Deferred income taxes expenses": "N/A",
        "The interests of minority shareholders": "N/A",
        "Total Cost of profits": 0,
        "Profit after tax corporate income": -265,
        "Volume": 7103700,
        "Close of Quarter": 5.3,
        "EPS": -212,
        "Non-adjusted EPS": -212,
        "PE": -25,
        "Book Price": 12.9
      }
    },
    {
      "quarter": "Q1 2012",
      "income status": {
        "Net sales": 76106,
        "Cost of goods sold": 67235,
        "Gross Profit": 8871,
        "Financial expenses": 2589,
        "Of which: Interest expense": "N/A",
        "Cost of sales": 2846,
        "Enterprise cost management": 3082,
        "Total Operating Expenses": 8517,
        "Total revenue financing activities": 212,
        "Net profit from business activities": 565,
        "Profit": 101,
        "Profit before tax": 666,
        "Present corporate income tax expenses": "N/A",
        "Deferred income taxes expenses": "N/A",
        "The interests of minority shareholders": "N/A",
        "Total Cost of profits": 0,
        "Profit after tax corporate income": 666,
        "Volume": 7103700,
        "Close of Quarter": 4.2,
        "EPS": 1222,
        "Non-adjusted EPS": 1222,
        "PE": 3.4,
        "Book Price": 13.7
      }
    },
    {
      "quarter": "Q4 2011",
      "income status": {
        "Net sales": 94181,
        "Cost of goods sold": 85181,
        "Gross Profit": 8999,
        "Financial expenses": 3881,
        "Of which: Interest expense": 3741,
        "Cost of sales": 2933,
        "Enterprise cost management": 3850,
        "Total Operating Expenses": 10664,
        "Total revenue financing activities": 347,
        "Net profit from business activities": -1318,
        "Profit": 370,
        "Profit before tax": -1120,
        "Present corporate income tax expenses": "N/A",
        "Deferred income taxes expenses": "N/A",
        "The interests of minority shareholders": "N/A",
        "Total Cost of profits": 0,
        "Profit after tax corporate income": -1120,
        "Volume": 7103700,
        "Close of Quarter": 3.3,
        "EPS": 265,
        "Non-adjusted EPS": 265,
        "PE": 12.5,
        "Book Price": 13.6
      }
    },
    {
      "quarter": "Q3 2011",
      "income status": {
        "Net sales": 72236,
        "Cost of goods sold": 62981,
        "Gross Profit": 9255,
        "Financial expenses": 1627,
        "Of which: Interest expense": 1519,
        "Cost of sales": 2738,
        "Enterprise cost management": 5306,
        "Total Operating Expenses": 9671,
        "Total revenue financing activities": 389,
        "Net profit from business activities": -26,
        "Profit": -730,
        "Profit before tax": -757,
        "Present corporate income tax expenses": 28,
        "Deferred income taxes expenses": "N/A",
        "The interests of minority shareholders": "N/A",
        "Total Cost of profits": 28,
        "Profit after tax corporate income": -785,
        "Volume": 7103700,
        "Close of Quarter": 5.1,
        "EPS": 422,
        "Non-adjusted EPS": 422,
        "PE": 12.1,
        "Book Price": 14.4
      }
    },
    {
      "quarter": "Q2 2011",
      "income status": {
        "Net sales": 98818,
        "Cost of goods sold": 73823,
        "Gross Profit": 24995,
        "Financial expenses": 2752,
        "Of which: Interest expense": 3531,
        "Cost of sales": 2938,
        "Enterprise cost management": 5428,
        "Total Operating Expenses": 11118,
        "Total revenue financing activities": 150,
        "Net profit from business activities": 14028,
        "Profit": -169,
        "Profit before tax": 13568,
        "Present corporate income tax expenses": 3649,
        "Deferred income taxes expenses": "N/A",
        "The interests of minority shareholders": "N/A",
        "Total Cost of profits": 3649,
        "Profit after tax corporate income": 9920,
        "Volume": 6383700,
        "Close of Quarter": 5.0,
        "EPS": 792.6,
        "Non-adjusted EPS": 882,
        "PE": 5.6,
        "Book Price": 14.6
      }
    },
    {
      "quarter": "Q1 2011",
      "income status": {
        "Net sales": 83835,
        "Cost of goods sold": 79594,
        "Gross Profit": 4241,
        "Financial expenses": 1983,
        "Of which: Interest expense": 1231,
        "Cost of sales": 3639,
        "Enterprise cost management": 4664,
        "Total Operating Expenses": 10286,
        "Total revenue financing activities": 557,
        "Net profit from business activities": -5488,
        "Profit": -644,
        "Profit before tax": -6132,
        "Present corporate income tax expenses": "N/A",
        "Deferred income taxes expenses": "N/A",
        "The interests of minority shareholders": "N/A",
        "Total Cost of profits": 0,
        "Profit after tax corporate income": -6132,
        "Volume": 6600000,
        "Close of Quarter": 7.9,
        "EPS": -258.3,
        "Non-adjusted EPS": -278,
        "PE": -28.5,
        "Book Price": 13.4
      }
    },
    {
      "quarter": "Q4 2010",
      "income status": {
        "Net sales": 94693,
        "Cost of goods sold": 83730,
        "Gross Profit": 10963,
        "Financial expenses": 1953,
        "Of which: Interest expense": 1862,
        "Cost of sales": 2824,
        "Enterprise cost management": 6381,
        "Total Operating Expenses": 11158,
        "Total revenue financing activities": 624,
        "Net profit from business activities": 430,
        "Profit": 73,
        "Profit before tax": 502,
        "Present corporate income tax expenses": 504,
        "Deferred income taxes expenses": "N/A",
        "The interests of minority shareholders": "N/A",
        "Total Cost of profits": 504,
        "Profit after tax corporate income": -2,
        "Volume": 6600000,
        "Close of Quarter": 10.6,
        "EPS": 1341.6,
        "Non-adjusted EPS": 1444,
        "PE": 7.4,
        "Book Price": 14.1
      }
    },
    {
      "quarter": "Q3 2010",
      "income status": {
        "Net sales": 91542,
        "Cost of goods sold": 81113,
        "Gross Profit": 10428,
        "Financial expenses": 1611,
        "Of which: Interest expense": 1387,
        "Cost of sales": 3327,
        "Enterprise cost management": 3012,
        "Total Operating Expenses": 7950,
        "Total revenue financing activities": 76,
        "Net profit from business activities": 2555,
        "Profit": 16,
        "Profit before tax": 2572,
        "Present corporate income tax expenses": 727,
        "Deferred income taxes expenses": "N/A",
        "The interests of minority shareholders": "N/A",
        "Total Cost of profits": 727,
        "Profit after tax corporate income": 1844,
        "Volume": 4000000,
        "Close of Quarter": 13.5,
        "EPS": 1742.2,
        "Non-adjusted EPS": 3094,
        "PE": 4.4,
        "Book Price": 10.0
      }
    },
    {
      "quarter": "Q2 2010",
      "income status": {
        "Net sales": 98045,
        "Cost of goods sold": 86889,
        "Gross Profit": 11156,
        "Financial expenses": 990,
        "Of which: Interest expense": 1196,
        "Cost of sales": 3185,
        "Enterprise cost management": 3393,
        "Total Operating Expenses": 7568,
        "Total revenue financing activities": 182,
        "Net profit from business activities": 3770,
        "Profit": -193,
        "Profit before tax": 3577,
        "Present corporate income tax expenses": 1121,
        "Deferred income taxes expenses": "N/A",
        "The interests of minority shareholders": "N/A",
        "Total Cost of profits": 1121,
        "Profit after tax corporate income": 2456,
        "Volume": 4000000,
        "Close of Quarter": 16.5,
        "EPS": 1943.8,
        "Non-adjusted EPS": 3452,
        "PE": 4.8,
        "Book Price": 9.9
      }
    },
    {
      "quarter": "Q1 2010",
      "income status": {
        "Net sales": 104286,
        "Cost of goods sold": 88666,
        "Gross Profit": 15620,
        "Financial expenses": 1304,
        "Of which: Interest expense": 632,
        "Cost of sales": 3684,
        "Enterprise cost management": 3714,
        "Total Operating Expenses": 8702,
        "Total revenue financing activities": 125,
        "Net profit from business activities": 7042,
        "Profit": 34,
        "Profit before tax": 7076,
        "Present corporate income tax expenses": 1844,
        "Deferred income taxes expenses": "N/A",
        "The interests of minority shareholders": "N/A",
        "Total Cost of profits": 1844,
        "Profit after tax corporate income": 5233,
        "Volume": 4000000,
        "Close of Quarter": 9.3,
        "EPS": 1767.5,
        "Non-adjusted EPS": 3139,
        "PE": 3.0,
        "Book Price": 9.1
      }
    },
    {
      "quarter": "Q4 2009",
      "income status": {
        "Net sales": 105854,
        "Cost of goods sold": 94063,
        "Gross Profit": 11791,
        "Financial expenses": 1200,
        "Of which: Interest expense": "N/A",
        "Cost of sales": 2982,
        "Enterprise cost management": 4084,
        "Total Operating Expenses": 8266,
        "Total revenue financing activities": 380,
        "Net profit from business activities": 3906,
        "Profit": -6,
        "Profit before tax": 3900,
        "Present corporate income tax expenses": 1059,
        "Deferred income taxes expenses": "N/A",
        "The interests of minority shareholders": "N/A",
        "Total Cost of profits": 1059,
        "Profit after tax corporate income": 2841,
        "Volume": 4000000,
        "Close of Quarter": 7.6,
        "EPS": 946.0,
        "Non-adjusted EPS": 1680,
        "PE": 4.5,
        "Book Price": 9.0
      }
    },
    {
      "quarter": "Q3 2009",
      "income status": {
        "Net sales": 84172,
        "Cost of goods sold": 68883,
        "Gross Profit": 15289,
        "Financial expenses": 1228,
        "Of which: Interest expense": "N/A",
        "Cost of sales": 1224,
        "Enterprise cost management": 2499,
        "Total Operating Expenses": 4951,
        "Total revenue financing activities": 139,
        "Net profit from business activities": 10477,
        "Profit": -5936,
        "Profit before tax": 4541,
        "Present corporate income tax expenses": 1262,
        "Deferred income taxes expenses": "N/A",
        "The interests of minority shareholders": "N/A",
        "Total Cost of profits": 1262,
        "Profit after tax corporate income": 3279,
        "Volume": 4000000,
        "Close of Quarter": 8.5,
        "EPS": 965.7,
        "Non-adjusted EPS": 1715,
        "PE": 5.0,
        "Book Price": 8.6
      }
    },
    {
      "quarter": "Q2 2009",
      "income status": {
        "Net sales": 79884,
        "Cost of goods sold": 76055,
        "Gross Profit": 3829,
        "Financial expenses": 991,
        "Of which: Interest expense": "N/A",
        "Cost of sales": 2544,
        "Enterprise cost management": 2931,
        "Total Operating Expenses": 6466,
        "Total revenue financing activities": 127,
        "Net profit from business activities": -2509,
        "Profit": 4203,
        "Profit before tax": 1693,
        "Present corporate income tax expenses": 492,
        "Deferred income taxes expenses": "N/A",
        "The interests of minority shareholders": "N/A",
        "Total Cost of profits": 492,
        "Profit after tax corporate income": 1201,
        "Volume": 4000000,
        "Close of Quarter": 7.2,
        "EPS": 1510.8,
        "Non-adjusted EPS": 2683,
        "PE": 2.7,
        "Book Price": 8.2
      }
    },
    {
      "quarter": "Q1 2009",
      "income status": {
        "Net sales": 70867,
        "Cost of goods sold": 64633,
        "Gross Profit": 6234,
        "Financial expenses": 2006,
        "Of which: Interest expense": "N/A",
        "Cost of sales": 3243,
        "Enterprise cost management": 3407,
        "Total Operating Expenses": 8656,
        "Total revenue financing activities": 64,
        "Net profit from business activities": -2357,
        "Profit": 1763,
        "Profit before tax": -594,
        "Present corporate income tax expenses": 8,
        "Deferred income taxes expenses": "N/A",
        "The interests of minority shareholders": "N/A",
        "Total Cost of profits": 8,
        "Profit after tax corporate income": -602,
        "Volume": 4000000,
        "Close of Quarter": 6.0,
        "EPS": 1610.4,
        "Non-adjusted EPS": 2860,
        "PE": 2.1,
        "Book Price": 8.2
      }
    },
    {
      "quarter": "Q4 2008",
      "income status": {
        "Net sales": 93678,
        "Cost of goods sold": 79741,
        "Gross Profit": 13937,
        "Financial expenses": 1777,
        "Of which: Interest expense": "N/A",
        "Cost of sales": 6689,
        "Enterprise cost management": 4697,
        "Total Operating Expenses": 13163,
        "Total revenue financing activities": 707,
        "Net profit from business activities": 1480,
        "Profit": 2874,
        "Profit before tax": 4354,
        "Present corporate income tax expenses": 1373,
        "Deferred income taxes expenses": "N/A",
        "The interests of minority shareholders": "N/A",
        "Total Cost of profits": 1373,
        "Profit after tax corporate income": 2981,
        "Volume": 4000000,
        "Close of Quarter": 6.2,
        "EPS": 2017.0,
        "Non-adjusted EPS": 3582,
        "PE": 1.7,
        "Book Price": 8.3
      }
    },
    {
      "quarter": "Q3 2008",
      "income status": {
        "Net sales": 103386,
        "Cost of goods sold": 89031,
        "Gross Profit": 14355,
        "Financial expenses": 2335,
        "Of which: Interest expense": "N/A",
        "Cost of sales": 2441,
        "Enterprise cost management": 2499,
        "Total Operating Expenses": 7275,
        "Total revenue financing activities": 402,
        "Net profit from business activities": 7481,
        "Profit": 86,
        "Profit before tax": 7567,
        "Present corporate income tax expenses": 417,
        "Deferred income taxes expenses": "N/A",
        "The interests of minority shareholders": "N/A",
        "Total Cost of profits": 417,
        "Profit after tax corporate income": 7151,
        "Volume": 4000000,
        "Close of Quarter": 6.1,
        "EPS": 1794.0,
        "Non-adjusted EPS": 3186,
        "PE": 1.9,
        "Book Price": 8.5
      }
    },
    {
      "quarter": "Q2 2008",
      "income status": {
        "Net sales": 94038,
        "Cost of goods sold": 84400,
        "Gross Profit": 9638,
        "Financial expenses": 2606,
        "Of which: Interest expense": "N/A",
        "Cost of sales": 1858,
        "Enterprise cost management": 2966,
        "Total Operating Expenses": 7430,
        "Total revenue financing activities": 84,
        "Net profit from business activities": 2291,
        "Profit": -4,
        "Profit before tax": 2288,
        "Present corporate income tax expenses": 377,
        "Deferred income taxes expenses": "N/A",
        "The interests of minority shareholders": "N/A",
        "Total Cost of profits": 377,
        "Profit after tax corporate income": 1911,
        "Volume": 4000000,
        "Close of Quarter": 6.3,
        "EPS": 1067.1,
        "Non-adjusted EPS": 1895,
        "PE": 3.3,
        "Book Price": 7.5
      }
    },
    {
      "quarter": "Q1 2008",
      "income status": {
        "Net sales": 76895,
        "Cost of goods sold": 69004,
        "Gross Profit": 7891,
        "Financial expenses": 515,
        "Of which: Interest expense": 493,
        "Cost of sales": 2683,
        "Enterprise cost management": 2293,
        "Total Operating Expenses": 5491,
        "Total revenue financing activities": 104,
        "Net profit from business activities": 2504,
        "Profit": 90,
        "Profit before tax": 2595,
        "Present corporate income tax expenses": 309,
        "Deferred income taxes expenses": "N/A",
        "The interests of minority shareholders": "N/A",
        "Total Cost of profits": 309,
        "Profit after tax corporate income": 2286,
        "Volume": 4000000,
        "Close of Quarter": 9.2,
        "EPS": 958.4,
        "Non-adjusted EPS": 1702,
        "PE": 5.4,
        "Book Price": 7.7
      }
    },
    {
      "quarter": "Q4 2007",
      "income status": {
        "Net sales": 84767,
        "Cost of goods sold": 76546,
        "Gross Profit": 8222,
        "Financial expenses": 3812,
        "Of which: Interest expense": "N/A",
        "Cost of sales": 2026,
        "Enterprise cost management": 3015,
        "Total Operating Expenses": 8853,
        "Total revenue financing activities": 20,
        "Net profit from business activities": -612,
        "Profit": 2434,
        "Profit before tax": 1822,
        "Present corporate income tax expenses": 425,
        "Deferred income taxes expenses": "N/A",
        "The interests of minority shareholders": "N/A",
        "Total Cost of profits": 425,
        "Profit after tax corporate income": 1397,
        "Volume": 4000000,
        "Close of Quarter": 18.0,
        "EPS": 987.7,
        "Non-adjusted EPS": 1754,
        "PE": 10.3,
        "Book Price": 7.7
      }
    },
    {
      "quarter": "Q3 2007",
      "income status": {
        "Net sales": 75500,
        "Cost of goods sold": 69020,
        "Gross Profit": 6481,
        "Financial expenses": 1178,
        "Of which: Interest expense": "N/A",
        "Cost of sales": 1615,
        "Enterprise cost management": 1773,
        "Total Operating Expenses": 4566,
        "Total revenue financing activities": 71,
        "Net profit from business activities": 1985,
        "Profit": 252,
        "Profit before tax": 2237,
        "Present corporate income tax expenses": 250,
        "Deferred income taxes expenses": "N/A",
        "The interests of minority shareholders": "N/A",
        "Total Cost of profits": 250,
        "Profit after tax corporate income": 1987,
        "Volume": 4000000,
        "Close of Quarter": 15.8,
        "EPS": 1263,
        "Non-adjusted EPS": 2243,
        "PE": 7.0,
        "Book Price": 7.6
      }
    },
    {
      "quarter": "Q2 2007",
      "income status": {
        "Net sales": 64820,
        "Cost of goods sold": 59524,
        "Gross Profit": 5296,
        "Financial expenses": 874,
        "Of which: Interest expense": 862,
        "Cost of sales": 1575,
        "Enterprise cost management": 1877,
        "Total Operating Expenses": 4326,
        "Total revenue financing activities": 254,
        "Net profit from business activities": 1223,
        "Profit": 166,
        "Profit before tax": 1389,
        "Present corporate income tax expenses": 250,
        "Deferred income taxes expenses": "N/A",
        "The interests of minority shareholders": "N/A",
        "Total Cost of profits": 250,
        "Profit after tax corporate income": 1139,
        "Volume": 4000000,
        "Close of Quarter": 14.0,
        "EPS": 1076.6,
        "Non-adjusted EPS": 1912,
        "PE": 7.3,
        "Book Price": 7.4
      }
    },
    {
      "quarter": "Q1 2007",
      "income status": {
        "Net sales": 61035,
        "Cost of goods sold": 57545,
        "Gross Profit": 3490,
        "Financial expenses": 950,
        "Of which: Interest expense": 929,
        "Cost of sales": 1859,
        "Enterprise cost management": 1916,
        "Total Operating Expenses": 4725,
        "Total revenue financing activities": 3939,
        "Net profit from business activities": 2703,
        "Profit": 39,
        "Profit before tax": 2742,
        "Present corporate income tax expenses": 250,
        "Deferred income taxes expenses": "N/A",
        "The interests of minority shareholders": "N/A",
        "Total Cost of profits": 250,
        "Profit after tax corporate income": 2492,
        "Volume": 4000000,
        "Close of Quarter": 21.2,
        "EPS": 513.0,
        "Non-adjusted EPS": 911,
        "PE": 23.3,
        "Book Price": 7.5
      }
    },
    {
      "quarter": "Q4 2006",
      "income status": {
        "Net sales": 77954,
        "Cost of goods sold": 70132,
        "Gross Profit": 7822,
        "Financial expenses": 1718,
        "Of which: Interest expense": "N/A",
        "Cost of sales": 1573,
        "Enterprise cost management": 1904,
        "Total Operating Expenses": 5195,
        "Total revenue financing activities": 169,
        "Net profit from business activities": 2797,
        "Profit": 2549,
        "Profit before tax": 5346,
        "Present corporate income tax expenses": 1991,
        "Deferred income taxes expenses": "N/A",
        "The interests of minority shareholders": "N/A",
        "Total Cost of profits": 1991,
        "Profit after tax corporate income": 3355,
        "Volume": 4000000,
        "Close of Quarter": 19.5,
        "EPS": 162.2,
        "Non-adjusted EPS": 288,
        "PE": 67.6,
        "Book Price": 7.4
      }
    },
    {
      "quarter": "Q2 2006",
      "income status": {
        "Net sales": 55187,
        "Cost of goods sold": 50654,
        "Gross Profit": 4533,
        "Financial expenses": 1404,
        "Of which: Interest expense": 1404,
        "Cost of sales": 1403,
        "Enterprise cost management": 1357,
        "Total Operating Expenses": 4164,
        "Total revenue financing activities": 19,
        "Net profit from business activities": 389,
        "Profit": 271,
        "Profit before tax": 660,
        "Present corporate income tax expenses": "N/A",
        "Deferred income taxes expenses": "N/A",
        "The interests of minority shareholders": "N/A",
        "Total Cost of profits": 0,
        "Profit after tax corporate income": 660,
        "Volume": 4000000,
        "Close of Quarter": "N/A",
        "EPS": -310.3,
        "Non-adjusted EPS": -551,
        "PE": "N/A",
        "Book Price": "N/A"
      }
    },
    {
      "quarter": "Q1 2006",
      "income status": {
        "Net sales": 44468,
        "Cost of goods sold": 43610,
        "Gross Profit": 857,
        "Financial expenses": 1030,
        "Of which: Interest expense": 1030,
        "Cost of sales": 1446,
        "Enterprise cost management": 1407,
        "Total Operating Expenses": 3883,
        "Total revenue financing activities": 6,
        "Net profit from business activities": -3020,
        "Profit": "N/A",
        "Profit before tax": -2863,
        "Present corporate income tax expenses": "N/A",
        "Deferred income taxes expenses": "N/A",
        "The interests of minority shareholders": "N/A",
        "Total Cost of profits": 0,
        "Profit after tax corporate income": -2863,
        "Volume": 4000000,
        "Close of Quarter": "N/A",
        "EPS": -403.2,
        "Non-adjusted EPS": -716,
        "PE": "N/A",
        "Book Price": "N/A"
      }
    }
  ]
}