{
  "ticker": "MEC",
  "data": [
    {
      "quarter": "Q1 2017",
      "income status": {
        "Net sales": 42179,
        "Cost of goods sold": 32457,
        "Gross Profit": 9722,
        "Financial expenses": 5536,
        "Of which: Interest expense": 5536,
        "Cost of sales": "N/A",
        "Enterprise cost management": 5384,
        "Total Operating Expenses": 10920,
        "Total revenue financing activities": 1217,
        "Net profit from business activities": 19,
        "Profit": -329,
        "Profit before tax": -310,
        "Present corporate income tax expenses": 137,
        "Deferred income taxes expenses": "N/A",
        "The interests of minority shareholders": 19,
        "Total Cost of profits": 156,
        "Profit after tax corporate income": -466,
        "Volume": 8353620,
        "Close of Quarter": 2.9,
        "EPS": -711,
        "Non-adjusted EPS": -711,
        "PE": -4.1,
        "Book Price": 19.1
      }
    },
    {
      "quarter": "Q4 2016",
      "income status": {
        "Net sales": 128441,
        "Cost of goods sold": 107627,
        "Gross Profit": 20814,
        "Financial expenses": 11025,
        "Of which: Interest expense": 5827,
        "Cost of sales": "N/A",
        "Enterprise cost management": 9080,
        "Total Operating Expenses": 20105,
        "Total revenue financing activities": 129,
        "Net profit from business activities": 837,
        "Profit": -6597,
        "Profit before tax": -5759,
        "Present corporate income tax expenses": 1108,
        "Deferred income taxes expenses": "N/A",
        "The interests of minority shareholders": -8,
        "Total Cost of profits": 1100,
        "Profit after tax corporate income": -6859,
        "Volume": 8353620,
        "Close of Quarter": 2.9,
        "EPS": -618,
        "Non-adjusted EPS": -618,
        "PE": -4.7,
        "Book Price": 19.1
      }
    },
    {
      "quarter": "Q3 2016",
      "income status": {
        "Net sales": 50418,
        "Cost of goods sold": 43126,
        "Gross Profit": 7292,
        "Financial expenses": 6066,
        "Of which: Interest expense": 6066,
        "Cost of sales": "N/A",
        "Enterprise cost management": 4092,
        "Total Operating Expenses": 10158,
        "Total revenue financing activities": 4721,
        "Net profit from business activities": 1854,
        "Profit": -515,
        "Profit before tax": 1339,
        "Present corporate income tax expenses": 252,
        "Deferred income taxes expenses": "N/A",
        "The interests of minority shareholders": 2,
        "Total Cost of profits": 254,
        "Profit after tax corporate income": 1085,
        "Volume": 7735000,
        "Close of Quarter": 3.7,
        "EPS": 580.6,
        "Non-adjusted EPS": 627,
        "PE": 5.9,
        "Book Price": 19.9
      }
    },
    {
      "quarter": "Q2 2016",
      "income status": {
        "Net sales": 123499,
        "Cost of goods sold": 106292,
        "Gross Profit": 17207,
        "Financial expenses": 6388,
        "Of which: Interest expense": 5555,
        "Cost of sales": "N/A",
        "Enterprise cost management": 7739,
        "Total Operating Expenses": 14127,
        "Total revenue financing activities": -4790,
        "Net profit from business activities": -1710,
        "Profit": 2226,
        "Profit before tax": 516,
        "Present corporate income tax expenses": 443,
        "Deferred income taxes expenses": -22,
        "The interests of minority shareholders": -207,
        "Total Cost of profits": 214,
        "Profit after tax corporate income": 302,
        "Volume": 7735000,
        "Close of Quarter": 4.1,
        "EPS": 579.6,
        "Non-adjusted EPS": 626,
        "PE": 6.5,
        "Book Price": 19.8
      }
    },
    {
      "quarter": "Q1 2016",
      "income status": {
        "Net sales": 30746,
        "Cost of goods sold": 27105,
        "Gross Profit": 3641,
        "Financial expenses": 4720,
        "Of which: Interest expense": 4720,
        "Cost of sales": "N/A",
        "Enterprise cost management": 3937,
        "Total Operating Expenses": 8657,
        "Total revenue financing activities": 5127,
        "Net profit from business activities": 110,
        "Profit": 271,
        "Profit before tax": 381,
        "Present corporate income tax expenses": 73,
        "Deferred income taxes expenses": "N/A",
        "The interests of minority shareholders": "N/A",
        "Total Cost of profits": 73,
        "Profit after tax corporate income": 309,
        "Volume": 7735000,
        "Close of Quarter": 4.5,
        "EPS": 490.8,
        "Non-adjusted EPS": 530,
        "PE": 8.6,
        "Book Price": 19.7
      }
    },
    {
      "quarter": "Q4 2015",
      "income status": {
        "Net sales": 209736,
        "Cost of goods sold": 186689,
        "Gross Profit": 23047,
        "Financial expenses": 6473,
        "Of which: Interest expense": 5650,
        "Cost of sales": "N/A",
        "Enterprise cost management": 10360,
        "Total Operating Expenses": 16833,
        "Total revenue financing activities": 24,
        "Net profit from business activities": 6237,
        "Profit": -1417,
        "Profit before tax": 4820,
        "Present corporate income tax expenses": 1667,
        "Deferred income taxes expenses": "N/A",
        "The interests of minority shareholders": "N/A",
        "Total Cost of profits": 1667,
        "Profit after tax corporate income": 3153,
        "Volume": 7735000,
        "Close of Quarter": 5.2,
        "EPS": 529.6,
        "Non-adjusted EPS": 572,
        "PE": 9.1,
        "Book Price": 20.2
      }
    },
    {
      "quarter": "Q3 2015",
      "income status": {
        "Net sales": 71899,
        "Cost of goods sold": 59049,
        "Gross Profit": 12850,
        "Financial expenses": 5131,
        "Of which: Interest expense": 5131,
        "Cost of sales": "N/A",
        "Enterprise cost management": 6624,
        "Total Operating Expenses": 11755,
        "Total revenue financing activities": 1064,
        "Net profit from business activities": 2160,
        "Profit": -700,
        "Profit before tax": 1460,
        "Present corporate income tax expenses": 386,
        "Deferred income taxes expenses": "N/A",
        "The interests of minority shareholders": -1,
        "Total Cost of profits": 385,
        "Profit after tax corporate income": 1075,
        "Volume": 7735000,
        "Close of Quarter": 5.1,
        "EPS": 617.6,
        "Non-adjusted EPS": 667,
        "PE": 7.6,
        "Book Price": 19.9
      }
    },
    {
      "quarter": "Q2 2015",
      "income status": {
        "Net sales": 68074,
        "Cost of goods sold": 57405,
        "Gross Profit": 10670,
        "Financial expenses": 4701,
        "Of which: Interest expense": 4536,
        "Cost of sales": "N/A",
        "Enterprise cost management": 9254,
        "Total Operating Expenses": 13955,
        "Total revenue financing activities": -2297,
        "Net profit from business activities": -5583,
        "Profit": 5684,
        "Profit before tax": 102,
        "Present corporate income tax expenses": 537,
        "Deferred income taxes expenses": "N/A",
        "The interests of minority shareholders": "N/A",
        "Total Cost of profits": 537,
        "Profit after tax corporate income": -436,
        "Volume": 7735000,
        "Close of Quarter": 4.8,
        "EPS": 495.4,
        "Non-adjusted EPS": 535,
        "PE": 9.0,
        "Book Price": 19.7
      }
    },
    {
      "quarter": "Q1 2015",
      "income status": {
        "Net sales": 40739,
        "Cost of goods sold": 32309,
        "Gross Profit": 8430,
        "Financial expenses": 4604,
        "Of which: Interest expense": 4604,
        "Cost of sales": "N/A",
        "Enterprise cost management": 4979,
        "Total Operating Expenses": 9583,
        "Total revenue financing activities": 2441,
        "Net profit from business activities": 1287,
        "Profit": -479,
        "Profit before tax": 808,
        "Present corporate income tax expenses": 174,
        "Deferred income taxes expenses": "N/A",
        "The interests of minority shareholders": "N/A",
        "Total Cost of profits": 174,
        "Profit after tax corporate income": 634,
        "Volume": 7735000,
        "Close of Quarter": 5.0,
        "EPS": 566.7,
        "Non-adjusted EPS": 612,
        "PE": 8.1,
        "Book Price": 19.8
      }
    },
    {
      "quarter": "Q4 2014",
      "income status": {
        "Net sales": 136069,
        "Cost of goods sold": 112331,
        "Gross Profit": 23739,
        "Financial expenses": 12006,
        "Of which: Interest expense": 5421,
        "Cost of sales": "N/A",
        "Enterprise cost management": 12117,
        "Total Operating Expenses": 24123,
        "Total revenue financing activities": 18,
        "Net profit from business activities": -366,
        "Profit": 5282,
        "Profit before tax": 4916,
        "Present corporate income tax expenses": 1027,
        "Deferred income taxes expenses": "N/A",
        "The interests of minority shareholders": "N/A",
        "Total Cost of profits": 1027,
        "Profit after tax corporate income": 3889,
        "Volume": 7735000,
        "Close of Quarter": 4.3,
        "EPS": 575.9,
        "Non-adjusted EPS": 622,
        "PE": 6.8,
        "Book Price": 19.5
      }
    },
    {
      "quarter": "Q3 2014",
      "income status": {
        "Net sales": 33540,
        "Cost of goods sold": 30279,
        "Gross Profit": 3261,
        "Financial expenses": 5484,
        "Of which: Interest expense": 5484,
        "Cost of sales": "N/A",
        "Enterprise cost management": 3709,
        "Total Operating Expenses": 9193,
        "Total revenue financing activities": 6282,
        "Net profit from business activities": 349,
        "Profit": -282,
        "Profit before tax": 67,
        "Present corporate income tax expenses": 15,
        "Deferred income taxes expenses": "N/A",
        "The interests of minority shareholders": "N/A",
        "Total Cost of profits": 15,
        "Profit after tax corporate income": 52,
        "Volume": 7735000,
        "Close of Quarter": 4.6,
        "EPS": 113.0,
        "Non-adjusted EPS": 122,
        "PE": 37.5,
        "Book Price": 19.1
      }
    },
    {
      "quarter": "Q2 2014",
      "income status": {
        "Net sales": 59840,
        "Cost of goods sold": 39375,
        "Gross Profit": 20465,
        "Financial expenses": 7542,
        "Of which: Interest expense": 5892,
        "Cost of sales": "N/A",
        "Enterprise cost management": 8542,
        "Total Operating Expenses": 16084,
        "Total revenue financing activities": -4340,
        "Net profit from business activities": 40,
        "Profit": 497,
        "Profit before tax": 537,
        "Present corporate income tax expenses": 377,
        "Deferred income taxes expenses": "N/A",
        "The interests of minority shareholders": "N/A",
        "Total Cost of profits": 377,
        "Profit after tax corporate income": 160,
        "Volume": 7000000,
        "Close of Quarter": 5.4,
        "EPS": 295.0,
        "Non-adjusted EPS": 352,
        "PE": 15.3,
        "Book Price": 19.1
      }
    },
    {
      "quarter": "Q1 2014",
      "income status": {
        "Net sales": 19682,
        "Cost of goods sold": 13653,
        "Gross Profit": 6029,
        "Financial expenses": 5381,
        "Of which: Interest expense": 5377,
        "Cost of sales": "N/A",
        "Enterprise cost management": 3694,
        "Total Operating Expenses": 9075,
        "Total revenue financing activities": 4369,
        "Net profit from business activities": 1323,
        "Profit": -331,
        "Profit before tax": 992,
        "Present corporate income tax expenses": 280,
        "Deferred income taxes expenses": "N/A",
        "The interests of minority shareholders": "N/A",
        "Total Cost of profits": 280,
        "Profit after tax corporate income": 712,
        "Volume": 7000000,
        "Close of Quarter": 6.3,
        "EPS": 8.4,
        "Non-adjusted EPS": 10,
        "PE": 625,
        "Book Price": 18.9
      }
    },
    {
      "quarter": "Q4 2013",
      "income status": {
        "Net sales": 45877,
        "Cost of goods sold": 30629,
        "Gross Profit": 15248,
        "Financial expenses": 6355,
        "Of which: Interest expense": 6350,
        "Cost of sales": "N/A",
        "Enterprise cost management": 9991,
        "Total Operating Expenses": 16346,
        "Total revenue financing activities": 25,
        "Net profit from business activities": -1072,
        "Profit": 2057,
        "Profit before tax": 985,
        "Present corporate income tax expenses": 91,
        "Deferred income taxes expenses": "N/A",
        "The interests of minority shareholders": 872,
        "Total Cost of profits": 963,
        "Profit after tax corporate income": 22,
        "Volume": 7000000,
        "Close of Quarter": 5.1,
        "EPS": 222.9,
        "Non-adjusted EPS": 266,
        "PE": 19.0,
        "Book Price": 14.6
      }
    },
    {
      "quarter": "Q3 2013",
      "income status": {
        "Net sales": 59835,
        "Cost of goods sold": 45814,
        "Gross Profit": 14021,
        "Financial expenses": 5126,
        "Of which: Interest expense": 5126,
        "Cost of sales": "N/A",
        "Enterprise cost management": 4676,
        "Total Operating Expenses": 9802,
        "Total revenue financing activities": 36,
        "Net profit from business activities": 4255,
        "Profit": -1410,
        "Profit before tax": 2845,
        "Present corporate income tax expenses": 656,
        "Deferred income taxes expenses": "N/A",
        "The interests of minority shareholders": 622,
        "Total Cost of profits": 1278,
        "Profit after tax corporate income": 1567,
        "Volume": 7000000,
        "Close of Quarter": 4.3,
        "EPS": 554.7,
        "Non-adjusted EPS": 662,
        "PE": 6.4,
        "Book Price": 14.8
      }
    },
    {
      "quarter": "Q2 2013",
      "income status": {
        "Net sales": 59444,
        "Cost of goods sold": 41974,
        "Gross Profit": 17470,
        "Financial expenses": 9835,
        "Of which: Interest expense": 9835,
        "Cost of sales": "N/A",
        "Enterprise cost management": 7240,
        "Total Operating Expenses": 17075,
        "Total revenue financing activities": 21,
        "Net profit from business activities": 416,
        "Profit": -926,
        "Profit before tax": -510,
        "Present corporate income tax expenses": 1329,
        "Deferred income taxes expenses": 105,
        "The interests of minority shareholders": 289,
        "Total Cost of profits": 1723,
        "Profit after tax corporate income": -2233,
        "Volume": 7000000,
        "Close of Quarter": 4.8,
        "EPS": 529.6,
        "Non-adjusted EPS": 632,
        "PE": 7.6,
        "Book Price": 14.6
      }
    },
    {
      "quarter": "Q1 2013",
      "income status": {
        "Net sales": 42076,
        "Cost of goods sold": 27194,
        "Gross Profit": 14882,
        "Financial expenses": 3943,
        "Of which: Interest expense": 3943,
        "Cost of sales": "N/A",
        "Enterprise cost management": 3721,
        "Total Operating Expenses": 7664,
        "Total revenue financing activities": 41,
        "Net profit from business activities": 7259,
        "Profit": -3250,
        "Profit before tax": 4009,
        "Present corporate income tax expenses": 999,
        "Deferred income taxes expenses": "N/A",
        "The interests of minority shareholders": 505,
        "Total Cost of profits": 1504,
        "Profit after tax corporate income": 2505,
        "Volume": 7000000,
        "Close of Quarter": 3.9,
        "EPS": 1091.0,
        "Non-adjusted EPS": 1302,
        "PE": 3.0,
        "Book Price": 15.7
      }
    },
    {
      "quarter": "Q4 2012",
      "income status": {
        "Net sales": 62928,
        "Cost of goods sold": 36064,
        "Gross Profit": 26864,
        "Financial expenses": 15268,
        "Of which: Interest expense": 15131,
        "Cost of sales": "N/A",
        "Enterprise cost management": 7481,
        "Total Operating Expenses": 22749,
        "Total revenue financing activities": 16,
        "Net profit from business activities": 4130,
        "Profit": -64,
        "Profit before tax": 4066,
        "Present corporate income tax expenses": 994,
        "Deferred income taxes expenses": "N/A",
        "The interests of minority shareholders": 278,
        "Total Cost of profits": 1272,
        "Profit after tax corporate income": 2794,
        "Volume": 7000000,
        "Close of Quarter": 3.5,
        "EPS": 1094.4,
        "Non-adjusted EPS": 1306,
        "PE": 2.7,
        "Book Price": 14.9
      }
    },
    {
      "quarter": "Q3 2012",
      "income status": {
        "Net sales": 51774,
        "Cost of goods sold": 34455,
        "Gross Profit": 17319,
        "Financial expenses": 3509,
        "Of which: Interest expense": "N/A",
        "Cost of sales": "N/A",
        "Enterprise cost management": 11125,
        "Total Operating Expenses": 14634,
        "Total revenue financing activities": 15,
        "Net profit from business activities": 2700,
        "Profit": -297,
        "Profit before tax": 2403,
        "Present corporate income tax expenses": 717,
        "Deferred income taxes expenses": "N/A",
        "The interests of minority shareholders": 325,
        "Total Cost of profits": 1042,
        "Profit after tax corporate income": 1361,
        "Volume": 7000000,
        "Close of Quarter": 3.4,
        "EPS": 1510,
        "Non-adjusted EPS": 1802,
        "PE": 1.9,
        "Book Price": 14.6
      }
    },
    {
      "quarter": "Q2 2012",
      "income status": {
        "Net sales": 81847,
        "Cost of goods sold": 57727,
        "Gross Profit": 24120,
        "Financial expenses": 11073,
        "Of which: Interest expense": 11271,
        "Cost of sales": "N/A",
        "Enterprise cost management": 6493,
        "Total Operating Expenses": 17566,
        "Total revenue financing activities": -1052,
        "Net profit from business activities": 5501,
        "Profit": -1252,
        "Profit before tax": 4250,
        "Present corporate income tax expenses": 879,
        "Deferred income taxes expenses": 213,
        "The interests of minority shareholders": 704,
        "Total Cost of profits": 1796,
        "Profit after tax corporate income": 2453,
        "Volume": 7000000,
        "Close of Quarter": 4.7,
        "EPS": 2032.9,
        "Non-adjusted EPS": 2426,
        "PE": 2.0,
        "Book Price": 14.4
      }
    },
    {
      "quarter": "Q1 2012",
      "income status": {
        "Net sales": 69887,
        "Cost of goods sold": 46304,
        "Gross Profit": 23584,
        "Financial expenses": 12877,
        "Of which: Interest expense": 12877,
        "Cost of sales": "N/A",
        "Enterprise cost management": 7350,
        "Total Operating Expenses": 20227,
        "Total revenue financing activities": 1131,
        "Net profit from business activities": 4487,
        "Profit": -286,
        "Profit before tax": 4202,
        "Present corporate income tax expenses": 1298,
        "Deferred income taxes expenses": "N/A",
        "The interests of minority shareholders": 367,
        "Total Cost of profits": 1665,
        "Profit after tax corporate income": 2536,
        "Volume": 7000000,
        "Close of Quarter": 5.1,
        "EPS": 1661.7,
        "Non-adjusted EPS": 1983,
        "PE": 2.6,
        "Book Price": 14.2
      }
    },
    {
      "quarter": "Q4 2011",
      "income status": {
        "Net sales": 150871,
        "Cost of goods sold": 115221,
        "Gross Profit": 35650,
        "Financial expenses": 18224,
        "Of which: Interest expense": 17113,
        "Cost of sales": "N/A",
        "Enterprise cost management": 8200,
        "Total Operating Expenses": 26424,
        "Total revenue financing activities": 68,
        "Net profit from business activities": 9295,
        "Profit": -105,
        "Profit before tax": 9190,
        "Present corporate income tax expenses": 1708,
        "Deferred income taxes expenses": "N/A",
        "The interests of minority shareholders": 1218,
        "Total Cost of profits": 2926,
        "Profit after tax corporate income": 6264,
        "Volume": 7000000,
        "Close of Quarter": 4.0,
        "EPS": 1425.4,
        "Non-adjusted EPS": 1701,
        "PE": 2.4,
        "Book Price": 15.4
      }
    },
    {
      "quarter": "Q3 2011",
      "income status": {
        "Net sales": 109786,
        "Cost of goods sold": 77914,
        "Gross Profit": 31872,
        "Financial expenses": 13336,
        "Of which: Interest expense": 13336,
        "Cost of sales": "N/A",
        "Enterprise cost management": 9373,
        "Total Operating Expenses": 22709,
        "Total revenue financing activities": 79,
        "Net profit from business activities": 9242,
        "Profit": -725,
        "Profit before tax": 8517,
        "Present corporate income tax expenses": 1444,
        "Deferred income taxes expenses": "N/A",
        "The interests of minority shareholders": 1343,
        "Total Cost of profits": 2787,
        "Profit after tax corporate income": 5730,
        "Volume": 7000000,
        "Close of Quarter": 5.6,
        "EPS": 1426.2,
        "Non-adjusted EPS": 1702,
        "PE": 3.3,
        "Book Price": 14.9
      }
    },
    {
      "quarter": "Q2 2011",
      "income status": {
        "Net sales": 115290,
        "Cost of goods sold": 93533,
        "Gross Profit": 21757,
        "Financial expenses": 7250,
        "Of which: Interest expense": 7265,
        "Cost of sales": "N/A",
        "Enterprise cost management": 12786,
        "Total Operating Expenses": 20036,
        "Total revenue financing activities": -1081,
        "Net profit from business activities": 640,
        "Profit": -19,
        "Profit before tax": 620,
        "Present corporate income tax expenses": 511,
        "Deferred income taxes expenses": "N/A",
        "The interests of minority shareholders": 759,
        "Total Cost of profits": 1270,
        "Profit after tax corporate income": -650,
        "Volume": 7000000,
        "Close of Quarter": 6.8,
        "EPS": 1225.9,
        "Non-adjusted EPS": 1463,
        "PE": 4.7,
        "Book Price": 14.2
      }
    },
    {
      "quarter": "Q1 2011",
      "income status": {
        "Net sales": 20884,
        "Cost of goods sold": 17070,
        "Gross Profit": 3815,
        "Financial expenses": 2354,
        "Of which: Interest expense": 2354,
        "Cost of sales": "N/A",
        "Enterprise cost management": 2639,
        "Total Operating Expenses": 4993,
        "Total revenue financing activities": 2022,
        "Net profit from business activities": 843,
        "Profit": -26,
        "Profit before tax": 817,
        "Present corporate income tax expenses": 117,
        "Deferred income taxes expenses": "N/A",
        "The interests of minority shareholders": 133,
        "Total Cost of profits": 250,
        "Profit after tax corporate income": 566,
        "Volume": 7000000,
        "Close of Quarter": 9.9,
        "EPS": 2368.1,
        "Non-adjusted EPS": 2826,
        "PE": 3.5,
        "Book Price": 14.1
      }
    },
    {
      "quarter": "Q4 2010",
      "income status": {
        "Net sales": 138347,
        "Cost of goods sold": 116407,
        "Gross Profit": 21939,
        "Financial expenses": 16389,
        "Of which: Interest expense": 10042,
        "Cost of sales": "N/A",
        "Enterprise cost management": 7107,
        "Total Operating Expenses": 23496,
        "Total revenue financing activities": 4766,
        "Net profit from business activities": 3209,
        "Profit": 3953,
        "Profit before tax": 7162,
        "Present corporate income tax expenses": 897,
        "Deferred income taxes expenses": "N/A",
        "The interests of minority shareholders": "N/A",
        "Total Cost of profits": 897,
        "Profit after tax corporate income": 6265,
        "Volume": 7000000,
        "Close of Quarter": 11.6,
        "EPS": 2725.1,
        "Non-adjusted EPS": 3252,
        "PE": 3.6,
        "Book Price": 15.3
      }
    },
    {
      "quarter": "Q3 2010",
      "income status": {
        "Net sales": 58765,
        "Cost of goods sold": 46508,
        "Gross Profit": 12257,
        "Financial expenses": 2512,
        "Of which: Interest expense": 6808,
        "Cost of sales": "N/A",
        "Enterprise cost management": 8328,
        "Total Operating Expenses": 10840,
        "Total revenue financing activities": 3409,
        "Net profit from business activities": 4826,
        "Profit": -176,
        "Profit before tax": 4650,
        "Present corporate income tax expenses": 591,
        "Deferred income taxes expenses": "N/A",
        "The interests of minority shareholders": "N/A",
        "Total Cost of profits": 591,
        "Profit after tax corporate income": 4059,
        "Volume": 7000000,
        "Close of Quarter": 16.1,
        "EPS": 2185.4,
        "Non-adjusted EPS": 2608,
        "PE": 6.2,
        "Book Price": 14.1
      }
    },
    {
      "quarter": "Q2 2010",
      "income status": {
        "Net sales": 153251,
        "Cost of goods sold": 122975,
        "Gross Profit": 30277,
        "Financial expenses": 11492,
        "Of which: Interest expense": 9912,
        "Cost of sales": "N/A",
        "Enterprise cost management": 9791,
        "Total Operating Expenses": 21283,
        "Total revenue financing activities": 982,
        "Net profit from business activities": 9977,
        "Profit": -20,
        "Profit before tax": 9957,
        "Present corporate income tax expenses": 1245,
        "Deferred income taxes expenses": -181,
        "The interests of minority shareholders": "N/A",
        "Total Cost of profits": 1064,
        "Profit after tax corporate income": 8893,
        "Volume": 7000000,
        "Close of Quarter": 18.6,
        "EPS": 2441.0,
        "Non-adjusted EPS": 2913,
        "PE": 6.4,
        "Book Price": 13.8
      }
    },
    {
      "quarter": "Q1 2010",
      "income status": {
        "Net sales": 32970,
        "Cost of goods sold": 23872,
        "Gross Profit": 9099,
        "Financial expenses": -239,
        "Of which: Interest expense": 1541,
        "Cost of sales": "N/A",
        "Enterprise cost management": 5483,
        "Total Operating Expenses": 5244,
        "Total revenue financing activities": 191,
        "Net profit from business activities": 4046,
        "Profit": 7,
        "Profit before tax": 4053,
        "Present corporate income tax expenses": 507,
        "Deferred income taxes expenses": "N/A",
        "The interests of minority shareholders": "N/A",
        "Total Cost of profits": 507,
        "Profit after tax corporate income": 3547,
        "Volume": 4000000,
        "Close of Quarter": 15.7,
        "EPS": 2224.7,
        "Non-adjusted EPS": 4646,
        "PE": 3.4,
        "Book Price": 13.1
      }
    },
    {
      "quarter": "Q4 2009",
      "income status": {
        "Net sales": 103248,
        "Cost of goods sold": 84418,
        "Gross Profit": 18830,
        "Financial expenses": 4377,
        "Of which: Interest expense": "N/A",
        "Cost of sales": "N/A",
        "Enterprise cost management": 10096,
        "Total Operating Expenses": 14473,
        "Total revenue financing activities": -2487,
        "Net profit from business activities": 1870,
        "Profit": 137,
        "Profit before tax": 2007,
        "Present corporate income tax expenses": 249,
        "Deferred income taxes expenses": "N/A",
        "The interests of minority shareholders": "N/A",
        "Total Cost of profits": 249,
        "Profit after tax corporate income": 1759,
        "Volume": 4000000,
        "Close of Quarter": 19.1,
        "EPS": 2131.8,
        "Non-adjusted EPS": 4452,
        "PE": 4.3,
        "Book Price": 9.4
      }
    },
    {
      "quarter": "Q3 2009",
      "income status": {
        "Net sales": 93891,
        "Cost of goods sold": 84252,
        "Gross Profit": 9638,
        "Financial expenses": -2790,
        "Of which: Interest expense": "N/A",
        "Cost of sales": "N/A",
        "Enterprise cost management": 8386,
        "Total Operating Expenses": 5596,
        "Total revenue financing activities": 3038,
        "Net profit from business activities": 7080,
        "Profit": "N/A",
        "Profit before tax": 7079,
        "Present corporate income tax expenses": 886,
        "Deferred income taxes expenses": "N/A",
        "The interests of minority shareholders": "N/A",
        "Total Cost of profits": 886,
        "Profit after tax corporate income": 6193,
        "Volume": 4000000,
        "Close of Quarter": 19.0,
        "EPS": 1928.3,
        "Non-adjusted EPS": 4027,
        "PE": 4.7,
        "Book Price": 9.8
      }
    },
    {
      "quarter": "Q2 2009",
      "income status": {
        "Net sales": 99615,
        "Cost of goods sold": 88273,
        "Gross Profit": 11343,
        "Financial expenses": -590,
        "Of which: Interest expense": "N/A",
        "Cost of sales": "N/A",
        "Enterprise cost management": 4902,
        "Total Operating Expenses": 4312,
        "Total revenue financing activities": 972,
        "Net profit from business activities": 8002,
        "Profit": 1,
        "Profit before tax": 8002,
        "Present corporate income tax expenses": 918,
        "Deferred income taxes expenses": "N/A",
        "The interests of minority shareholders": "N/A",
        "Total Cost of profits": 918,
        "Profit after tax corporate income": 7085,
        "Volume": 4000000,
        "Close of Quarter": 10.7,
        "EPS": 1838.2,
        "Non-adjusted EPS": 3839,
        "PE": 2.8,
        "Book Price": 9.1
      }
    },
    {
      "quarter": "Q1 2009",
      "income status": {
        "Net sales": 44869,
        "Cost of goods sold": 36121,
        "Gross Profit": 8748,
        "Financial expenses": 3138,
        "Of which: Interest expense": "N/A",
        "Cost of sales": "N/A",
        "Enterprise cost management": 4783,
        "Total Operating Expenses": 7921,
        "Total revenue financing activities": 178,
        "Net profit from business activities": 1005,
        "Profit": 2159,
        "Profit before tax": 3165,
        "Present corporate income tax expenses": 396,
        "Deferred income taxes expenses": "N/A",
        "The interests of minority shareholders": "N/A",
        "Total Cost of profits": 396,
        "Profit after tax corporate income": 2769,
        "Volume": 4000000,
        "Close of Quarter": 7.4,
        "EPS": 1682.6,
        "Non-adjusted EPS": 3514,
        "PE": 2.1,
        "Book Price": 9.2
      }
    },
    {
      "quarter": "Q4 2008",
      "income status": {
        "Net sales": 115586,
        "Cost of goods sold": 87057,
        "Gross Profit": 28529,
        "Financial expenses": 16767,
        "Of which: Interest expense": "N/A",
        "Cost of sales": "N/A",
        "Enterprise cost management": 13202,
        "Total Operating Expenses": 29969,
        "Total revenue financing activities": 1542,
        "Net profit from business activities": 102,
        "Profit": -31,
        "Profit before tax": 71,
        "Present corporate income tax expenses": 10,
        "Deferred income taxes expenses": "N/A",
        "The interests of minority shareholders": "N/A",
        "Total Cost of profits": 10,
        "Profit after tax corporate income": 61,
        "Volume": 4000000,
        "Close of Quarter": 6.7,
        "EPS": 1979.5,
        "Non-adjusted EPS": 4134,
        "PE": 1.6,
        "Book Price": 9.1
      }
    },
    {
      "quarter": "Q3 2008",
      "income status": {
        "Net sales": 70515,
        "Cost of goods sold": 52879,
        "Gross Profit": 17636,
        "Financial expenses": 5704,
        "Of which: Interest expense": "N/A",
        "Cost of sales": "N/A",
        "Enterprise cost management": 7837,
        "Total Operating Expenses": 13541,
        "Total revenue financing activities": 2270,
        "Net profit from business activities": 6365,
        "Profit": -38,
        "Profit before tax": 6327,
        "Present corporate income tax expenses": 886,
        "Deferred income taxes expenses": "N/A",
        "The interests of minority shareholders": "N/A",
        "Total Cost of profits": 886,
        "Profit after tax corporate income": 5442,
        "Volume": 4000000,
        "Close of Quarter": 9.8,
        "EPS": 2478.9,
        "Non-adjusted EPS": 5177,
        "PE": 1.9,
        "Book Price": 9.1
      }
    },
    {
      "quarter": "Q2 2008",
      "income status": {
        "Net sales": 99890,
        "Cost of goods sold": 85080,
        "Gross Profit": 14810,
        "Financial expenses": 4738,
        "Of which: Interest expense": "N/A",
        "Cost of sales": "N/A",
        "Enterprise cost management": 7847,
        "Total Operating Expenses": 12585,
        "Total revenue financing activities": 2400,
        "Net profit from business activities": 4625,
        "Profit": 2099,
        "Profit before tax": 6724,
        "Present corporate income tax expenses": 941,
        "Deferred income taxes expenses": "N/A",
        "The interests of minority shareholders": "N/A",
        "Total Cost of profits": 941,
        "Profit after tax corporate income": 5783,
        "Volume": 4000000,
        "Close of Quarter": 6.4,
        "EPS": 2044.1,
        "Non-adjusted EPS": 4269,
        "PE": 1.5,
        "Book Price": 8.3
      }
    },
    {
      "quarter": "Q1 2008",
      "income status": {
        "Net sales": 63939,
        "Cost of goods sold": 53294,
        "Gross Profit": 10645,
        "Financial expenses": 2954,
        "Of which: Interest expense": "N/A",
        "Cost of sales": "N/A",
        "Enterprise cost management": 5257,
        "Total Operating Expenses": 8211,
        "Total revenue financing activities": 1383,
        "Net profit from business activities": 3817,
        "Profit": 1431,
        "Profit before tax": 5248,
        "Present corporate income tax expenses": "N/A",
        "Deferred income taxes expenses": "N/A",
        "The interests of minority shareholders": "N/A",
        "Total Cost of profits": 0,
        "Profit after tax corporate income": 5248,
        "Volume": 4000000,
        "Close of Quarter": 9.9,
        "EPS": 1545.7,
        "Non-adjusted EPS": 3228,
        "PE": 3.1,
        "Book Price": 8.1
      }
    },
    {
      "quarter": "Q4 2007",
      "income status": {
        "Net sales": 114476,
        "Cost of goods sold": 95554,
        "Gross Profit": 18923,
        "Financial expenses": 4984,
        "Of which: Interest expense": "N/A",
        "Cost of sales": "N/A",
        "Enterprise cost management": 11503,
        "Total Operating Expenses": 16487,
        "Total revenue financing activities": 1294,
        "Net profit from business activities": 3729,
        "Profit": 505,
        "Profit before tax": 4235,
        "Present corporate income tax expenses": "N/A",
        "Deferred income taxes expenses": "N/A",
        "The interests of minority shareholders": "N/A",
        "Total Cost of profits": 0,
        "Profit after tax corporate income": 4235,
        "Volume": 4000000,
        "Close of Quarter": 23.1,
        "EPS": 1024.2,
        "Non-adjusted EPS": 2139,
        "PE": 10.8,
        "Book Price": 7.4
      }
    },
    {
      "quarter": "Q3 2007",
      "income status": {
        "Net sales": 37097,
        "Cost of goods sold": 30299,
        "Gross Profit": 6798,
        "Financial expenses": 3217,
        "Of which: Interest expense": "N/A",
        "Cost of sales": "N/A",
        "Enterprise cost management": 2629,
        "Total Operating Expenses": 5846,
        "Total revenue financing activities": 849,
        "Net profit from business activities": 1800,
        "Profit": 8,
        "Profit before tax": 1808,
        "Present corporate income tax expenses": "N/A",
        "Deferred income taxes expenses": "N/A",
        "The interests of minority shareholders": "N/A",
        "Total Cost of profits": 0,
        "Profit after tax corporate income": 1808,
        "Volume": 1000000,
        "Close of Quarter": 12.6,
        "EPS": 710.1,
        "Non-adjusted EPS": 5932,
        "PE": 2.1,
        "Book Price": 4.0
      }
    },
    {
      "quarter": "Q2 2007",
      "income status": {
        "Net sales": 15734,
        "Cost of goods sold": 12261,
        "Gross Profit": 3472,
        "Financial expenses": 1105,
        "Of which: Interest expense": "N/A",
        "Cost of sales": "N/A",
        "Enterprise cost management": 1656,
        "Total Operating Expenses": 2761,
        "Total revenue financing activities": 715,
        "Net profit from business activities": 1427,
        "Profit": 194,
        "Profit before tax": 1621,
        "Present corporate income tax expenses": "N/A",
        "Deferred income taxes expenses": "N/A",
        "The interests of minority shareholders": "N/A",
        "Total Cost of profits": 0,
        "Profit after tax corporate income": 1621,
        "Volume": 1000000,
        "Close of Quarter": 13.7,
        "EPS": 493.7,
        "Non-adjusted EPS": 4124,
        "PE": 3.3,
        "Book Price": 1.7
      }
    },
    {
      "quarter": "Q1 2007",
      "income status": {
        "Net sales": 25473,
        "Cost of goods sold": 20914,
        "Gross Profit": 4559,
        "Financial expenses": 1065,
        "Of which: Interest expense": "N/A",
        "Cost of sales": "N/A",
        "Enterprise cost management": 2647,
        "Total Operating Expenses": 3712,
        "Total revenue financing activities": 36,
        "Net profit from business activities": 883,
        "Profit": 8,
        "Profit before tax": 891,
        "Present corporate income tax expenses": "N/A",
        "Deferred income taxes expenses": "N/A",
        "The interests of minority shareholders": "N/A",
        "Total Cost of profits": 0,
        "Profit after tax corporate income": 891,
        "Volume": 1000000,
        "Close of Quarter": 12.4,
        "EPS": 299.6,
        "Non-adjusted EPS": 2503,
        "PE": 5.0,
        "Book Price": 1.7
      }
    },
    {
      "quarter": "Q4 2006",
      "income status": {
        "Net sales": 39207,
        "Cost of goods sold": 30723,
        "Gross Profit": 8484,
        "Financial expenses": 1845,
        "Of which: Interest expense": "N/A",
        "Cost of sales": "N/A",
        "Enterprise cost management": 5056,
        "Total Operating Expenses": 6901,
        "Total revenue financing activities": 22,
        "Net profit from business activities": 1605,
        "Profit": 7,
        "Profit before tax": 1612,
        "Present corporate income tax expenses": "N/A",
        "Deferred income taxes expenses": "N/A",
        "The interests of minority shareholders": "N/A",
        "Total Cost of profits": 0,
        "Profit after tax corporate income": 1612,
        "Volume": 1000000,
        "Close of Quarter": 5.7,
        "EPS": 193.0,
        "Non-adjusted EPS": 1612,
        "PE": 3.5,
        "Book Price": 2.9
      }
    }
  ]
}