{
  "ticker": "EIB",
  "data": [
    {
      "quarter": "Q1 2017",
      "income status": {
        "Net sales": 687423,
        "Cost of goods sold": 2103393,
        "Gross Profit": -1415970,
        "Financial expenses": 68253,
        "Of which: Interest expense": "N/A",
        "Cost of sales": 140132,
        "Enterprise cost management": 531222,
        "Total Operating Expenses": 739607,
        "Total revenue financing activities": 147249,
        "Net profit from business activities": 303450,
        "Profit": -133044,
        "Profit before tax": 170406,
        "Present corporate income tax expenses": -33967,
        "Deferred income taxes expenses": "N/A",
        "The interests of minority shareholders": "N/A",
        "Total Cost of profits": -33967,
        "Profit after tax corporate income": 136439,
        "Volume": 1235522904,
        "Close of Quarter": 11.7,
        "EPS": 341,
        "Non-adjusted EPS": 341,
        "PE": 34.2,
        "Book Price": 11
      }
    },
    {
      "quarter": "Q4 2016",
      "income status": {
        "Net sales": 697083,
        "Cost of goods sold": 2084186,
        "Gross Profit": -1387103,
        "Financial expenses": 40707,
        "Of which: Interest expense": "N/A",
        "Cost of sales": 158532,
        "Enterprise cost management": 556338,
        "Total Operating Expenses": 755577,
        "Total revenue financing activities": 213410,
        "Net profit from business activities": 354155,
        "Profit": -165856,
        "Profit before tax": 188299,
        "Present corporate income tax expenses": -38401,
        "Deferred income taxes expenses": "N/A",
        "The interests of minority shareholders": "N/A",
        "Total Cost of profits": -38401,
        "Profit after tax corporate income": 149898,
        "Volume": 1235522904,
        "Close of Quarter": 9,
        "EPS": 250,
        "Non-adjusted EPS": 250,
        "PE": 36,
        "Book Price": 10.9
      }
    },
    {
      "quarter": "Q3 2016",
      "income status": {
        "Net sales": 719536,
        "Cost of goods sold": 2066246,
        "Gross Profit": -1346710,
        "Financial expenses": 47388,
        "Of which: Interest expense": "N/A",
        "Cost of sales": 162671,
        "Enterprise cost management": 500684,
        "Total Operating Expenses": 710743,
        "Total revenue financing activities": 166087,
        "Net profit from business activities": 384939,
        "Profit": -261851,
        "Profit before tax": 123088,
        "Present corporate income tax expenses": -24751,
        "Deferred income taxes expenses": "N/A",
        "The interests of minority shareholders": "N/A",
        "Total Cost of profits": -24751,
        "Profit after tax corporate income": 98337,
        "Volume": 1235522904,
        "Close of Quarter": 10.3,
        "EPS": -246,
        "Non-adjusted EPS": -246,
        "PE": -41.9,
        "Book Price": 10.8
      }
    },
    {
      "quarter": "Q2 2016",
      "income status": {
        "Net sales": 743742,
        "Cost of goods sold": 2026334,
        "Gross Profit": -1282592,
        "Financial expenses": 46703,
        "Of which: Interest expense": "N/A",
        "Cost of sales": 149775,
        "Enterprise cost management": 535719,
        "Total Operating Expenses": 732197,
        "Total revenue financing activities": 164923,
        "Net profit from business activities": 372946,
        "Profit": -324169,
        "Profit before tax": 48777,
        "Present corporate income tax expenses": -12048,
        "Deferred income taxes expenses": "N/A",
        "The interests of minority shareholders": "N/A",
        "Total Cost of profits": -12048,
        "Profit after tax corporate income": 36729,
        "Volume": 1235522904,
        "Close of Quarter": 11.5,
        "EPS": -258,
        "Non-adjusted EPS": -258,
        "PE": -44.6,
        "Book Price": 10.7
      }
    },
    {
      "quarter": "Q1 2016",
      "income status": {
        "Net sales": 921718,
        "Cost of goods sold": 2133807,
        "Gross Profit": -1212089,
        "Financial expenses": 7094,
        "Of which: Interest expense": "N/A",
        "Cost of sales": 139969,
        "Enterprise cost management": 662473,
        "Total Operating Expenses": 809536,
        "Total revenue financing activities": 108411,
        "Net profit from business activities": 367656,
        "Profit": -337190,
        "Profit before tax": 30466,
        "Present corporate income tax expenses": -6498,
        "Deferred income taxes expenses": "N/A",
        "The interests of minority shareholders": "N/A",
        "Total Cost of profits": -6498,
        "Profit after tax corporate income": 23968,
        "Volume": 1235522904,
        "Close of Quarter": 10.5,
        "EPS": -266,
        "Non-adjusted EPS": -266,
        "PE": -39.5,
        "Book Price": 10.7
      }
    },
    {
      "quarter": "Q4 2015",
      "income status": {
        "Net sales": 952029,
        "Cost of goods sold": 2176644,
        "Gross Profit": -1224615,
        "Financial expenses": 87490,
        "Of which: Interest expense": "N/A",
        "Cost of sales": 155162,
        "Enterprise cost management": 696434,
        "Total Operating Expenses": 939086,
        "Total revenue financing activities": 91239,
        "Net profit from business activities": 346834,
        "Profit": -935495,
        "Profit before tax": -588661,
        "Present corporate income tax expenses": 125639,
        "Deferred income taxes expenses": "N/A",
        "The interests of minority shareholders": "N/A",
        "Total Cost of profits": 125639,
        "Profit after tax corporate income": -463022,
        "Volume": 1235522904,
        "Close of Quarter": 11.2,
        "EPS": 51,
        "Non-adjusted EPS": 51,
        "PE": 219.6,
        "Book Price": 11.4
      }
    },
    {
      "quarter": "Q3 2015",
      "income status": {
        "Net sales": 891795,
        "Cost of goods sold": 2154436,
        "Gross Profit": -1262641,
        "Financial expenses": 81511,
        "Of which: Interest expense": "N/A",
        "Cost of sales": 145408,
        "Enterprise cost management": 533084,
        "Total Operating Expenses": 760003,
        "Total revenue financing activities": 84233,
        "Net profit from business activities": 442944,
        "Profit": -332063,
        "Profit before tax": 110881,
        "Present corporate income tax expenses": -27448,
        "Deferred income taxes expenses": "N/A",
        "The interests of minority shareholders": "N/A",
        "Total Cost of profits": -27448,
        "Profit after tax corporate income": 83433,
        "Volume": 1235522904,
        "Close of Quarter": 12,
        "EPS": -123,
        "Non-adjusted EPS": -123,
        "PE": -97.6,
        "Book Price": 11.8
      }
    },
    {
      "quarter": "Q2 2015",
      "income status": {
        "Net sales": 1982701,
        "Cost of goods sold": 1324574,
        "Gross Profit": 658127,
        "Financial expenses": 103399,
        "Of which: Interest expense": "N/A",
        "Cost of sales": 70079,
        "Enterprise cost management": 600671,
        "Total Operating Expenses": 774149,
        "Total revenue financing activities": 311435,
        "Net profit from business activities": 195413,
        "Profit": -166429,
        "Profit before tax": 28984,
        "Present corporate income tax expenses": -2050,
        "Deferred income taxes expenses": "N/A",
        "The interests of minority shareholders": "N/A",
        "Total Cost of profits": -2050,
        "Profit after tax corporate income": 26934,
        "Volume": 1235522904,
        "Close of Quarter": 13,
        "EPS": -14,
        "Non-adjusted EPS": -14,
        "PE": -928.6,
        "Book Price": 11.7
      }
    },
    {
      "quarter": "Q1 2015",
      "income status": {
        "Net sales": 2287403,
        "Cost of goods sold": 1391664,
        "Gross Profit": 895739,
        "Financial expenses": 61594,
        "Of which: Interest expense": "N/A",
        "Cost of sales": 55816,
        "Enterprise cost management": 474365,
        "Total Operating Expenses": 591775,
        "Total revenue financing activities": 234039,
        "Net profit from business activities": 538003,
        "Profit": "N/A",
        "Profit before tax": 538003,
        "Present corporate income tax expenses": -122879,
        "Deferred income taxes expenses": "N/A",
        "The interests of minority shareholders": "N/A",
        "Total Cost of profits": -122879,
        "Profit after tax corporate income": 415124,
        "Volume": 1235522904,
        "Close of Quarter": 13.1,
        "EPS": 101,
        "Non-adjusted EPS": 101,
        "PE": 129.7,
        "Book Price": 11.7
      }
    },
    {
      "quarter": "Q4 2014",
      "income status": {
        "Net sales": 1895570,
        "Cost of goods sold": 1421108,
        "Gross Profit": 474462,
        "Financial expenses": 344510,
        "Of which: Interest expense": "N/A",
        "Cost of sales": 76772,
        "Enterprise cost management": 604944,
        "Total Operating Expenses": 1026226,
        "Total revenue financing activities": 262604,
        "Net profit from business activities": -289160,
        "Profit": -588816,
        "Profit before tax": -877976,
        "Present corporate income tax expenses": 200101,
        "Deferred income taxes expenses": "N/A",
        "The interests of minority shareholders": "N/A",
        "Total Cost of profits": 200101,
        "Profit after tax corporate income": -677875,
        "Volume": 1235522904,
        "Close of Quarter": 12.8,
        "EPS": 45,
        "Non-adjusted EPS": 45,
        "PE": 284.4,
        "Book Price": 11.4
      }
    },
    {
      "quarter": "Q3 2014",
      "income status": {
        "Net sales": 2033923,
        "Cost of goods sold": 1327429,
        "Gross Profit": 706494,
        "Financial expenses": 56165,
        "Of which: Interest expense": "N/A",
        "Cost of sales": 50770,
        "Enterprise cost management": 482419,
        "Total Operating Expenses": 589354,
        "Total revenue financing activities": 250406,
        "Net profit from business activities": 367546,
        "Profit": -84483,
        "Profit before tax": 283063,
        "Present corporate income tax expenses": -64089,
        "Deferred income taxes expenses": "N/A",
        "The interests of minority shareholders": "N/A",
        "Total Cost of profits": -64089,
        "Profit after tax corporate income": 218974,
        "Volume": 1235522904,
        "Close of Quarter": 12.1,
        "EPS": 415,
        "Non-adjusted EPS": 415,
        "PE": 29.2,
        "Book Price": 12
      }
    },
    {
      "quarter": "Q2 2014",
      "income status": {
        "Net sales": 2059676,
        "Cost of goods sold": 1366778,
        "Gross Profit": 692898,
        "Financial expenses": 15690,
        "Of which: Interest expense": "N/A",
        "Cost of sales": 56129,
        "Enterprise cost management": 454512,
        "Total Operating Expenses": 526331,
        "Total revenue financing activities": 198127,
        "Net profit from business activities": 364694,
        "Profit": -145750,
        "Profit before tax": 218944,
        "Present corporate income tax expenses": -49878,
        "Deferred income taxes expenses": "N/A",
        "The interests of minority shareholders": "N/A",
        "Total Cost of profits": -49878,
        "Profit after tax corporate income": 169066,
        "Volume": 1235522904,
        "Close of Quarter": 13.2,
        "EPS": 479,
        "Non-adjusted EPS": 479,
        "PE": 27.6,
        "Book Price": 11.8
      }
    },
    {
      "quarter": "Q1 2014",
      "income status": {
        "Net sales": 2575014,
        "Cost of goods sold": 1738635,
        "Gross Profit": 836379,
        "Financial expenses": 4671,
        "Of which: Interest expense": "N/A",
        "Cost of sales": 42059,
        "Enterprise cost management": 463081,
        "Total Operating Expenses": 509811,
        "Total revenue financing activities": 168196,
        "Net profit from business activities": 494764,
        "Profit": -50000,
        "Profit before tax": 444764,
        "Present corporate income tax expenses": -98845,
        "Deferred income taxes expenses": "N/A",
        "The interests of minority shareholders": "N/A",
        "Total Cost of profits": -98845,
        "Profit after tax corporate income": 345919,
        "Volume": 1235522904,
        "Close of Quarter": 14.1,
        "EPS": 576,
        "Non-adjusted EPS": 576,
        "PE": 24.4,
        "Book Price": 12.1
      }
    },
    {
      "quarter": "Q4 2013",
      "income status": {
        "Net sales": 2329757,
        "Cost of goods sold": 1835804,
        "Gross Profit": 493953,
        "Financial expenses": 362,
        "Of which: Interest expense": "N/A",
        "Cost of sales": 54483,
        "Enterprise cost management": 643693,
        "Total Operating Expenses": 698538,
        "Total revenue financing activities": -3074,
        "Net profit from business activities": -207659,
        "Profit": -120449,
        "Profit before tax": -328108,
        "Present corporate income tax expenses": 106490,
        "Deferred income taxes expenses": "N/A",
        "The interests of minority shareholders": "N/A",
        "Total Cost of profits": 106490,
        "Profit after tax corporate income": -221618,
        "Volume": 1235522904,
        "Close of Quarter": 12.1,
        "EPS": 533,
        "Non-adjusted EPS": 533,
        "PE": 22.8,
        "Book Price": 11.9
      }
    },
    {
      "quarter": "Q3 2013",
      "income status": {
        "Net sales": 2640792,
        "Cost of goods sold": 1952161,
        "Gross Profit": 688631,
        "Financial expenses": 95728,
        "Of which: Interest expense": "N/A",
        "Cost of sales": 45931,
        "Enterprise cost management": 504096,
        "Total Operating Expenses": 645755,
        "Total revenue financing activities": 432457,
        "Net profit from business activities": 475333,
        "Profit": -75591,
        "Profit before tax": 399742,
        "Present corporate income tax expenses": -101458,
        "Deferred income taxes expenses": "N/A",
        "The interests of minority shareholders": "N/A",
        "Total Cost of profits": -101458,
        "Profit after tax corporate income": 298284,
        "Volume": 1235522904,
        "Close of Quarter": 13.7,
        "EPS": 965,
        "Non-adjusted EPS": 965,
        "PE": 14.2,
        "Book Price": 12
      }
    },
    {
      "quarter": "Q2 2013",
      "income status": {
        "Net sales": 2870898,
        "Cost of goods sold": 2127189,
        "Gross Profit": 743709,
        "Financial expenses": 19719,
        "Of which: Interest expense": "N/A",
        "Cost of sales": 44600,
        "Enterprise cost management": 480626,
        "Total Operating Expenses": 544945,
        "Total revenue financing activities": 271475,
        "Net profit from business activities": 470239,
        "Profit": -104228,
        "Profit before tax": 366011,
        "Present corporate income tax expenses": -76617,
        "Deferred income taxes expenses": "N/A",
        "The interests of minority shareholders": "N/A",
        "Total Cost of profits": -76617,
        "Profit after tax corporate income": 289394,
        "Volume": 1235522904,
        "Close of Quarter": 14.7,
        "EPS": 1059,
        "Non-adjusted EPS": 1059,
        "PE": 13.8,
        "Book Price": 11.7
      }
    },
    {
      "quarter": "Q1 2013",
      "income status": {
        "Net sales": 3060781,
        "Cost of goods sold": 2250857,
        "Gross Profit": 809924,
        "Financial expenses": 19,
        "Of which: Interest expense": "N/A",
        "Cost of sales": 39144,
        "Enterprise cost management": 493072,
        "Total Operating Expenses": 532235,
        "Total revenue financing activities": 111689,
        "Net profit from business activities": 389378,
        "Profit": "N/A",
        "Profit before tax": 389378,
        "Present corporate income tax expenses": 97472,
        "Deferred income taxes expenses": "N/A",
        "The interests of minority shareholders": "N/A",
        "Total Cost of profits": 97472,
        "Profit after tax corporate income": 291906,
        "Volume": 1235522904,
        "Close of Quarter": 13.6,
        "EPS": 1342,
        "Non-adjusted EPS": 1342,
        "PE": 10.1,
        "Book Price": 12.2
      }
    },
    {
      "quarter": "Q4 2012",
      "income status": {
        "Net sales": 3173356,
        "Cost of goods sold": 2317251,
        "Gross Profit": 856105,
        "Financial expenses": 135832,
        "Of which: Interest expense": "N/A",
        "Cost of sales": 53887,
        "Enterprise cost management": 789284,
        "Total Operating Expenses": 979003,
        "Total revenue financing activities": 575279,
        "Net profit from business activities": 452381,
        "Profit": 39324,
        "Profit before tax": 413057,
        "Present corporate income tax expenses": 99919,
        "Deferred income taxes expenses": "N/A",
        "The interests of minority shareholders": "N/A",
        "Total Cost of profits": 99919,
        "Profit after tax corporate income": 313138,
        "Volume": 1235522904,
        "Close of Quarter": 14.0,
        "EPS": 1731,
        "Non-adjusted EPS": 1731,
        "PE": 8.1,
        "Book Price": 12.8
      }
    },
    {
      "quarter": "Q3 2012",
      "income status": {
        "Net sales": 3989730,
        "Cost of goods sold": 2833882,
        "Gross Profit": 1155848,
        "Financial expenses": 25,
        "Of which: Interest expense": "N/A",
        "Cost of sales": 43246,
        "Enterprise cost management": 586790,
        "Total Operating Expenses": 630061,
        "Total revenue financing activities": 117927,
        "Net profit from business activities": 643714,
        "Profit": 82382,
        "Profit before tax": 561332,
        "Present corporate income tax expenses": 147273,
        "Deferred income taxes expenses": "N/A",
        "The interests of minority shareholders": "N/A",
        "Total Cost of profits": 147273,
        "Profit after tax corporate income": 414059,
        "Volume": 1235522904,
        "Close of Quarter": 12.8,
        "EPS": 2304,
        "Non-adjusted EPS": 2304,
        "PE": 5.6,
        "Book Price": 12.6
      }
    },
    {
      "quarter": "Q2 2012",
      "income status": {
        "Net sales": 4720844,
        "Cost of goods sold": 3303256,
        "Gross Profit": 1417588,
        "Financial expenses": 4923,
        "Of which: Interest expense": "N/A",
        "Cost of sales": 37371,
        "Enterprise cost management": 479798,
        "Total Operating Expenses": 522092,
        "Total revenue financing activities": 75143,
        "Net profit from business activities": 970639,
        "Profit": 116390,
        "Profit before tax": 854249,
        "Present corporate income tax expenses": 214841,
        "Deferred income taxes expenses": "N/A",
        "The interests of minority shareholders": "N/A",
        "Total Cost of profits": 214841,
        "Profit after tax corporate income": 639408,
        "Volume": 1235522904,
        "Close of Quarter": 16.9,
        "EPS": 2580,
        "Non-adjusted EPS": 2580,
        "PE": 6.6,
        "Book Price": 12.4
      }
    },
    {
      "quarter": "Q1 2012",
      "income status": {
        "Net sales": 5047943,
        "Cost of goods sold": 3576025,
        "Gross Profit": 1471918,
        "Financial expenses": 88,
        "Of which: Interest expense": "N/A",
        "Cost of sales": 33487,
        "Enterprise cost management": 441084,
        "Total Operating Expenses": 474659,
        "Total revenue financing activities": 26127,
        "Net profit from business activities": 1023386,
        "Profit": 1212,
        "Profit before tax": 1022174,
        "Present corporate income tax expenses": 250263,
        "Deferred income taxes expenses": "N/A",
        "The interests of minority shareholders": "N/A",
        "Total Cost of profits": 250263,
        "Profit after tax corporate income": 771911,
        "Volume": 1235522904,
        "Close of Quarter": 14.9,
        "EPS": 2566,
        "Non-adjusted EPS": 2566,
        "PE": 5.8,
        "Book Price": 12.4
      }
    },
    {
      "quarter": "Q4 2011",
      "income status": {
        "Net sales": 4654193,
        "Cost of goods sold": 3046783,
        "Gross Profit": 1607410,
        "Financial expenses": 805,
        "Of which: Interest expense": "N/A",
        "Cost of sales": 39503,
        "Enterprise cost management": 741456,
        "Total Operating Expenses": 781764,
        "Total revenue financing activities": 646512,
        "Net profit from business activities": 1472158,
        "Profit": 106711,
        "Profit before tax": 1365447,
        "Present corporate income tax expenses": 344728,
        "Deferred income taxes expenses": "N/A",
        "The interests of minority shareholders": "N/A",
        "Total Cost of profits": 344728,
        "Profit after tax corporate income": 1020719,
        "Volume": 1056006875,
        "Close of Quarter": 11.2,
        "EPS": 2459.0,
        "Non-adjusted EPS": 2877,
        "PE": 3.9,
        "Book Price": 13.2
      }
    },
    {
      "quarter": "Q3 2011",
      "income status": {
        "Net sales": 4678387,
        "Cost of goods sold": 3234533,
        "Gross Profit": 1443854,
        "Financial expenses": 27,
        "Of which: Interest expense": "N/A",
        "Cost of sales": 32016,
        "Enterprise cost management": 473128,
        "Total Operating Expenses": 505171,
        "Total revenue financing activities": 113030,
        "Net profit from business activities": 1051713,
        "Profit": 42585,
        "Profit before tax": 1009128,
        "Present corporate income tax expenses": 252907,
        "Deferred income taxes expenses": "N/A",
        "The interests of minority shareholders": "N/A",
        "Total Cost of profits": 252907,
        "Profit after tax corporate income": 756221,
        "Volume": 1056006875,
        "Close of Quarter": 10.7,
        "EPS": 2107.7,
        "Non-adjusted EPS": 2466,
        "PE": 4.3,
        "Book Price": 12.4
      }
    },
    {
      "quarter": "Q2 2011",
      "income status": {
        "Net sales": 4424521,
        "Cost of goods sold": 3164016,
        "Gross Profit": 1260504,
        "Financial expenses": 10,
        "Of which: Interest expense": "N/A",
        "Cost of sales": 31939,
        "Enterprise cost management": 383161,
        "Total Operating Expenses": 415110,
        "Total revenue financing activities": 108014,
        "Net profit from business activities": 953409,
        "Profit": -121582,
        "Profit before tax": 831827,
        "Present corporate income tax expenses": -210346,
        "Deferred income taxes expenses": "N/A",
        "The interests of minority shareholders": "N/A",
        "Total Cost of profits": -210346,
        "Profit after tax corporate income": 621481,
        "Volume": 1056006875,
        "Close of Quarter": 9.8,
        "EPS": 1916.3,
        "Non-adjusted EPS": 2242,
        "PE": 4.4,
        "Book Price": 11.8
      }
    },
    {
      "quarter": "Q1 2011",
      "income status": {
        "Net sales": 3884015,
        "Cost of goods sold": 2892159,
        "Gross Profit": 991857,
        "Financial expenses": 12,
        "Of which: Interest expense": "N/A",
        "Cost of sales": 23767,
        "Enterprise cost management": 312155,
        "Total Operating Expenses": 335934,
        "Total revenue financing activities": 194233,
        "Net profit from business activities": 850155,
        "Profit": "N/A",
        "Profit before tax": 850155,
        "Present corporate income tax expenses": -210117,
        "Deferred income taxes expenses": "N/A",
        "The interests of minority shareholders": "N/A",
        "Total Cost of profits": -210117,
        "Profit after tax corporate income": 640038,
        "Volume": 1056006875,
        "Close of Quarter": 9.7,
        "EPS": 1653.9,
        "Non-adjusted EPS": 1935,
        "PE": 5,
        "Book Price": 11.5
      }
    },
    {
      "quarter": "Q4 2010",
      "income status": {
        "Net sales": 2843005,
        "Cost of goods sold": 1913594,
        "Gross Profit": 929411,
        "Financial expenses": 576,
        "Of which: Interest expense": "N/A",
        "Cost of sales": 27864,
        "Enterprise cost management": 338610,
        "Total Operating Expenses": 367050,
        "Total revenue financing activities": 444478,
        "Net profit from business activities": 1006838,
        "Profit": -224207,
        "Profit before tax": 782631,
        "Present corporate income tax expenses": -195832,
        "Deferred income taxes expenses": "N/A",
        "The interests of minority shareholders": "N/A",
        "Total Cost of profits": -195832,
        "Profit after tax corporate income": 586799,
        "Volume": 1056006875,
        "Close of Quarter": 10.3,
        "EPS": 1471.8,
        "Non-adjusted EPS": 1722,
        "PE": 6.0,
        "Book Price": 12.0
      }
    },
    {
      "quarter": "Q3 2010",
      "income status": {
        "Net sales": 1919753,
        "Cost of goods sold": 1121731,
        "Gross Profit": 798023,
        "Financial expenses": 41,
        "Of which: Interest expense": "N/A",
        "Cost of sales": 21788,
        "Enterprise cost management": 263170,
        "Total Operating Expenses": 284999,
        "Total revenue financing activities": 194398,
        "Net profit from business activities": 707420,
        "Profit": -18147,
        "Profit before tax": 689273,
        "Present corporate income tax expenses": -169854,
        "Deferred income taxes expenses": "N/A",
        "The interests of minority shareholders": "N/A",
        "Total Cost of profits": -169854,
        "Profit after tax corporate income": 519419,
        "Volume": 880008000,
        "Close of Quarter": 9.2,
        "EPS": 1128.9,
        "Non-adjusted EPS": 1585,
        "PE": 5.8,
        "Book Price": 11.5
      }
    },
    {
      "quarter": "Q2 2010",
      "income status": {
        "Net sales": 1512536,
        "Cost of goods sold": 870919,
        "Gross Profit": 641616,
        "Financial expenses": 2,
        "Of which: Interest expense": "N/A",
        "Cost of sales": 20517,
        "Enterprise cost management": 231499,
        "Total Operating Expenses": 252018,
        "Total revenue financing activities": 129102,
        "Net profit from business activities": 518701,
        "Profit": -22789,
        "Profit before tax": 495912,
        "Present corporate income tax expenses": -211718,
        "Deferred income taxes expenses": "N/A",
        "The interests of minority shareholders": "N/A",
        "Total Cost of profits": -211718,
        "Profit after tax corporate income": 297438,
        "Volume": 876226900,
        "Close of Quarter": 9.7,
        "EPS": 924.1,
        "Non-adjusted EPS": 1303,
        "PE": 7.4,
        "Book Price": 11.4
      }
    },
    {
      "quarter": "Q1 2010",
      "income status": {
        "Net sales": 1269450,
        "Cost of goods sold": 755569,
        "Gross Profit": 513882,
        "Financial expenses": 14,
        "Of which: Interest expense": "N/A",
        "Cost of sales": 15587,
        "Enterprise cost management": 190763,
        "Total Operating Expenses": 206364,
        "Total revenue financing activities": 107786,
        "Net profit from business activities": 415303,
        "Profit": "N/A",
        "Profit before tax": 415303,
        "Present corporate income tax expenses": "N/A",
        "Deferred income taxes expenses": "N/A",
        "The interests of minority shareholders": "N/A",
        "Total Cost of profits": 0,
        "Profit after tax corporate income": 415303,
        "Volume": 876226900,
        "Close of Quarter": 11.7,
        "EPS": 953.9,
        "Non-adjusted EPS": 1345,
        "PE": 8.7,
        "Book Price": 11.1
      }
    },
    {
      "quarter": "Q4 2009",
      "income status": {
        "Net sales": 1299071,
        "Cost of goods sold": 711691,
        "Gross Profit": 58738,
        "Financial expenses": "N/A",
        "Of which: Interest expense": "N/A",
        "Cost of sales": 22055,
        "Enterprise cost management": 349314,
        "Total Operating Expenses": 371369,
        "Total revenue financing activities": 152682,
        "Net profit from business activities": 401313,
        "Profit": -31721,
        "Profit before tax": 369592,
        "Present corporate income tax expenses": "N/A",
        "Deferred income taxes expenses": "N/A",
        "The interests of minority shareholders": "N/A",
        "Total Cost of profits": 0,
        "Profit after tax corporate income": 162488,
        "Volume": 876226900,
        "Close of Quarter": 12.0,
        "EPS": 926.2,
        "Non-adjusted EPS": 1306,
        "PE": 9.2,
        "Book Price": 11.3
      }
    },
    {
      "quarter": "Q3 2009",
      "income status": {
        "Net sales": 1098792,
        "Cost of goods sold": 625837,
        "Gross Profit": 472954,
        "Financial expenses": "N/A",
        "Of which: Interest expense": "N/A",
        "Cost of sales": 14149,
        "Enterprise cost management": 227844,
        "Total Operating Expenses": 241993,
        "Total revenue financing activities": 125072,
        "Net profit from business activities": 394040,
        "Profit": 394040,
        "Profit before tax": 352188,
        "Present corporate income tax expenses": "N/A",
        "Deferred income taxes expenses": "N/A",
        "The interests of minority shareholders": "N/A",
        "Total Cost of profits": 0,
        "Profit after tax corporate income": 266300,
        "Volume": 876226900,
        "Close of Quarter": "N/A",
        "EPS": 795.0,
        "Non-adjusted EPS": 1121,
        "PE": "N/A",
        "Book Price": 11.2
      }
    },
    {
      "quarter": "Q2 2009",
      "income status": {
        "Net sales": 991139,
        "Cost of goods sold": 527454,
        "Gross Profit": 463684,
        "Financial expenses": "N/A",
        "Of which: Interest expense": "N/A",
        "Cost of sales": 13563,
        "Enterprise cost management": 197776,
        "Total Operating Expenses": 211339,
        "Total revenue financing activities": 245625,
        "Net profit from business activities": 518033,
        "Profit": 518033,
        "Profit before tax": 429396,
        "Present corporate income tax expenses": "N/A",
        "Deferred income taxes expenses": "N/A",
        "The interests of minority shareholders": "N/A",
        "Total Cost of profits": 0,
        "Profit after tax corporate income": 334023,
        "Volume": 876226900,
        "Close of Quarter": "N/A",
        "EPS": 579.4,
        "Non-adjusted EPS": 817,
        "PE": "N/A",
        "Book Price": 11.0
      }
    },
    {
      "quarter": "Q1 2009",
      "income status": {
        "Net sales": 955175,
        "Cost of goods sold": 503886,
        "Gross Profit": 451289,
        "Financial expenses": "N/A",
        "Of which: Interest expense": "N/A",
        "Cost of sales": "N/A",
        "Enterprise cost management": 146405,
        "Total Operating Expenses": 146405,
        "Total revenue financing activities": 53165,
        "Net profit from business activities": 393545,
        "Profit": 393545,
        "Profit before tax": 381610,
        "Present corporate income tax expenses": "N/A",
        "Deferred income taxes expenses": "N/A",
        "The interests of minority shareholders": "N/A",
        "Total Cost of profits": 0,
        "Profit after tax corporate income": 381610,
        "Volume": 876226900,
        "Close of Quarter": "N/A",
        "EPS": 309.2,
        "Non-adjusted EPS": 436,
        "PE": "N/A",
        "Book Price": "N/A"
      }
    }
  ]
}