{
  "ticker": "NBB",
  "data": [
    {
      "quarter": "Q1 2017",
      "income status": {
        "Net sales": 9562,
        "Cost of goods sold": 6114,
        "Gross Profit": 3448,
        "Financial expenses": 2530,
        "Of which: Interest expense": 2406,
        "Cost of sales": 824,
        "Enterprise cost management": 14983,
        "Total Operating Expenses": 18337,
        "Total revenue financing activities": 57499,
        "Net profit from business activities": 42609,
        "Profit": 347,
        "Profit before tax": 42956,
        "Present corporate income tax expenses": 2157,
        "Deferred income taxes expenses": -6440,
        "The interests of minority shareholders": 15408,
        "Total Cost of profits": 11125,
        "Profit after tax corporate income": 31830,
        "Volume": 63848466,
        "Close of Quarter": 20.4,
        "EPS": 1201,
        "Non-adjusted EPS": 1201,
        "PE": 17.0,
        "Book Price": 24.2
      }
    },
    {
      "quarter": "Q4 2016",
      "income status": {
        "Net sales": 10264,
        "Cost of goods sold": 9697,
        "Gross Profit": 567,
        "Financial expenses": 39679,
        "Of which: Interest expense": 7857,
        "Cost of sales": 15103,
        "Enterprise cost management": 5308,
        "Total Operating Expenses": 60090,
        "Total revenue financing activities": 108762,
        "Net profit from business activities": 49239,
        "Profit": -55,
        "Profit before tax": 49184,
        "Present corporate income tax expenses": 5957,
        "Deferred income taxes expenses": "N/A",
        "The interests of minority shareholders": -750,
        "Total Cost of profits": 5207,
        "Profit after tax corporate income": 43977,
        "Volume": 58181800,
        "Close of Quarter": 18.2,
        "EPS": 724.4,
        "Non-adjusted EPS": 795,
        "PE": 22.9,
        "Book Price": 21.7
      }
    },
    {
      "quarter": "Q3 2016",
      "income status": {
        "Net sales": 9903,
        "Cost of goods sold": 7414,
        "Gross Profit": 2489,
        "Financial expenses": 1159,
        "Of which: Interest expense": 1052,
        "Cost of sales": 86,
        "Enterprise cost management": 2298,
        "Total Operating Expenses": 3543,
        "Total revenue financing activities": 943,
        "Net profit from business activities": -111,
        "Profit": 834,
        "Profit before tax": 723,
        "Present corporate income tax expenses": 567,
        "Deferred income taxes expenses": 37,
        "The interests of minority shareholders": -175,
        "Total Cost of profits": 429,
        "Profit after tax corporate income": 294,
        "Volume": 58181800,
        "Close of Quarter": 18,
        "EPS": 32.8,
        "Non-adjusted EPS": 36,
        "PE": 500,
        "Book Price": 18.9
      }
    },
    {
      "quarter": "Q2 2016",
      "income status": {
        "Net sales": 10512,
        "Cost of goods sold": 9985,
        "Gross Profit": 528,
        "Financial expenses": 1451,
        "Of which: Interest expense": 1451,
        "Cost of sales": 138,
        "Enterprise cost management": 2078,
        "Total Operating Expenses": 3667,
        "Total revenue financing activities": 4146,
        "Net profit from business activities": 1007,
        "Profit": -313,
        "Profit before tax": 694,
        "Present corporate income tax expenses": 421,
        "Deferred income taxes expenses": -37,
        "The interests of minority shareholders": -276,
        "Total Cost of profits": 108,
        "Profit after tax corporate income": 586,
        "Volume": 58181800,
        "Close of Quarter": 18,
        "EPS": 64.7,
        "Non-adjusted EPS": 71,
        "PE": 253.5,
        "Book Price": 18.9
      }
    },
    {
      "quarter": "Q1 2016",
      "income status": {
        "Net sales": 10547,
        "Cost of goods sold": 9511,
        "Gross Profit": 1036,
        "Financial expenses": 1103,
        "Of which: Interest expense": 1034,
        "Cost of sales": 237,
        "Enterprise cost management": 3644,
        "Total Operating Expenses": 4984,
        "Total revenue financing activities": 4869,
        "Net profit from business activities": 921,
        "Profit": 182,
        "Profit before tax": 1103,
        "Present corporate income tax expenses": 121,
        "Deferred income taxes expenses": "N/A",
        "The interests of minority shareholders": -436,
        "Total Cost of profits": -315,
        "Profit after tax corporate income": 1419,
        "Volume": 58181800,
        "Close of Quarter": 17.8,
        "EPS": 681.6,
        "Non-adjusted EPS": 748,
        "PE": 23.8,
        "Book Price": 19.8
      }
    },
    {
      "quarter": "Q4 2015",
      "income status": {
        "Net sales": 9616,
        "Cost of goods sold": 8406,
        "Gross Profit": 1210,
        "Financial expenses": -2830,
        "Of which: Interest expense": -3050,
        "Cost of sales": 110,
        "Enterprise cost management": 5216,
        "Total Operating Expenses": 2496,
        "Total revenue financing activities": 1628,
        "Net profit from business activities": 342,
        "Profit": 1117,
        "Profit before tax": 1459,
        "Present corporate income tax expenses": 132,
        "Deferred income taxes expenses": "N/A",
        "The interests of minority shareholders": 1529,
        "Total Cost of profits": 1661,
        "Profit after tax corporate income": -202,
        "Volume": 58181800,
        "Close of Quarter": 20.1,
        "EPS": 668.9,
        "Non-adjusted EPS": 734,
        "PE": 27.4,
        "Book Price": 19.9
      }
    },
    {
      "quarter": "Q3 2015",
      "income status": {
        "Net sales": 14022,
        "Cost of goods sold": 14305,
        "Gross Profit": -283,
        "Financial expenses": 4649,
        "Of which: Interest expense": 5449,
        "Cost of sales": 146,
        "Enterprise cost management": 6250,
        "Total Operating Expenses": 11045,
        "Total revenue financing activities": 1548,
        "Net profit from business activities": -9780,
        "Profit": 14339,
        "Profit before tax": 4559,
        "Present corporate income tax expenses": 3195,
        "Deferred income taxes expenses": "N/A",
        "The interests of minority shareholders": -936,
        "Total Cost of profits": 2259,
        "Profit after tax corporate income": 2299,
        "Volume": 58181800,
        "Close of Quarter": 21.4,
        "EPS": 672.5,
        "Non-adjusted EPS": 738,
        "PE": 28.9,
        "Book Price": 19.9
      }
    },
    {
      "quarter": "Q2 2015",
      "income status": {
        "Net sales": 34221,
        "Cost of goods sold": 26562,
        "Gross Profit": 7658,
        "Financial expenses": 12456,
        "Of which: Interest expense": 4081,
        "Cost of sales": -3287,
        "Enterprise cost management": 7652,
        "Total Operating Expenses": 16821,
        "Total revenue financing activities": 48062,
        "Net profit from business activities": 38899,
        "Profit": 210,
        "Profit before tax": 39109,
        "Present corporate income tax expenses": 1451,
        "Deferred income taxes expenses": 503,
        "The interests of minority shareholders": -2856,
        "Total Cost of profits": -902,
        "Profit after tax corporate income": 40012,
        "Volume": 58181800,
        "Close of Quarter": 23.0,
        "EPS": 796.4,
        "Non-adjusted EPS": 874,
        "PE": 26.3,
        "Book Price": 19.7
      }
    },
    {
      "quarter": "Q1 2015",
      "income status": {
        "Net sales": 38703,
        "Cost of goods sold": 22063,
        "Gross Profit": 16640,
        "Financial expenses": 4083,
        "Of which: Interest expense": 1995,
        "Cost of sales": 3862,
        "Enterprise cost management": 5391,
        "Total Operating Expenses": 13336,
        "Total revenue financing activities": 935,
        "Net profit from business activities": 4240,
        "Profit": -418,
        "Profit before tax": 3822,
        "Present corporate income tax expenses": 3180,
        "Deferred income taxes expenses": "N/A",
        "The interests of minority shareholders": 26,
        "Total Cost of profits": 3206,
        "Profit after tax corporate income": 616,
        "Volume": 58181800,
        "Close of Quarter": 20.4,
        "EPS": 181.3,
        "Non-adjusted EPS": 199,
        "PE": 102.5,
        "Book Price": 20.1
      }
    },
    {
      "quarter": "Q4 2014",
      "income status": {
        "Net sales": 86729,
        "Cost of goods sold": 62048,
        "Gross Profit": 24681,
        "Financial expenses": 10533,
        "Of which: Interest expense": 6851,
        "Cost of sales": 1106,
        "Enterprise cost management": 5826,
        "Total Operating Expenses": 17465,
        "Total revenue financing activities": 404,
        "Net profit from business activities": 7620,
        "Profit": -291,
        "Profit before tax": 7329,
        "Present corporate income tax expenses": 7173,
        "Deferred income taxes expenses": "N/A",
        "The interests of minority shareholders": 121,
        "Total Cost of profits": 7294,
        "Profit after tax corporate income": 34,
        "Volume": 58181800,
        "Close of Quarter": 20.9,
        "EPS": 541.3,
        "Non-adjusted EPS": 594,
        "PE": 35.2,
        "Book Price": 24.9
      }
    },
    {
      "quarter": "Q3 2014",
      "income status": {
        "Net sales": 61960,
        "Cost of goods sold": 44640,
        "Gross Profit": 17321,
        "Financial expenses": 2931,
        "Of which: Interest expense": 1819,
        "Cost of sales": 523,
        "Enterprise cost management": 5388,
        "Total Operating Expenses": 8842,
        "Total revenue financing activities": 5008,
        "Net profit from business activities": 13487,
        "Profit": 259,
        "Profit before tax": 13745,
        "Present corporate income tax expenses": 3184,
        "Deferred income taxes expenses": -135,
        "The interests of minority shareholders": 500,
        "Total Cost of profits": 3549,
        "Profit after tax corporate income": 10196,
        "Volume": 53581800,
        "Close of Quarter": 21.5,
        "EPS": 785.5,
        "Non-adjusted EPS": 936,
        "PE": 22.9,
        "Book Price": 23.4
      }
    },
    {
      "quarter": "Q2 2014",
      "income status": {
        "Net sales": 53262,
        "Cost of goods sold": 31109,
        "Gross Profit": 22153,
        "Financial expenses": 9453,
        "Of which: Interest expense": 10114,
        "Cost of sales": 570,
        "Enterprise cost management": 6085,
        "Total Operating Expenses": 16108,
        "Total revenue financing activities": -3080,
        "Net profit from business activities": 2955,
        "Profit": 428,
        "Profit before tax": 3383,
        "Present corporate income tax expenses": 2074,
        "Deferred income taxes expenses": -160,
        "The interests of minority shareholders": 750,
        "Total Cost of profits": 2664,
        "Profit after tax corporate income": 719,
        "Volume": 35721200,
        "Close of Quarter": 17.2,
        "EPS": 645.6,
        "Non-adjusted EPS": 1154,
        "PE": 14.9,
        "Book Price": 20.5
      }
    },
    {
      "quarter": "Q1 2014",
      "income status": {
        "Net sales": 31959,
        "Cost of goods sold": 23590,
        "Gross Profit": 8369,
        "Financial expenses": 6261,
        "Of which: Interest expense": 4428,
        "Cost of sales": 1212,
        "Enterprise cost management": 2947,
        "Total Operating Expenses": 10420,
        "Total revenue financing activities": 26601,
        "Net profit from business activities": 24550,
        "Profit": 34,
        "Profit before tax": 24584,
        "Present corporate income tax expenses": 1621,
        "Deferred income taxes expenses": "N/A",
        "The interests of minority shareholders": -672,
        "Total Cost of profits": 949,
        "Profit after tax corporate income": 23635,
        "Volume": 35721200,
        "Close of Quarter": 18.6,
        "EPS": 705.5,
        "Non-adjusted EPS": 1261,
        "PE": 14.8,
        "Book Price": 20.9
      }
    },
    {
      "quarter": "Q4 2013",
      "income status": {
        "Net sales": 64055,
        "Cost of goods sold": 34035,
        "Gross Profit": 30020,
        "Financial expenses": 8973,
        "Of which: Interest expense": 189,
        "Cost of sales": 2219,
        "Enterprise cost management": 5167,
        "Total Operating Expenses": 16359,
        "Total revenue financing activities": 7221,
        "Net profit from business activities": 20882,
        "Profit": -238,
        "Profit before tax": 20643,
        "Present corporate income tax expenses": 4962,
        "Deferred income taxes expenses": 2,
        "The interests of minority shareholders": 68,
        "Total Cost of profits": 5032,
        "Profit after tax corporate income": 15612,
        "Volume": 35721200,
        "Close of Quarter": 11.8,
        "EPS": 392.2,
        "Non-adjusted EPS": 701,
        "PE": 16.8,
        "Book Price": 21.0
      }
    },
    {
      "quarter": "Q3 2013",
      "income status": {
        "Net sales": 28413,
        "Cost of goods sold": 24095,
        "Gross Profit": 4317,
        "Financial expenses": 3777,
        "Of which: Interest expense": 2603,
        "Cost of sales": 550,
        "Enterprise cost management": 7073,
        "Total Operating Expenses": 11400,
        "Total revenue financing activities": 7204,
        "Net profit from business activities": 121,
        "Profit": 2770,
        "Profit before tax": 2891,
        "Present corporate income tax expenses": 1144,
        "Deferred income taxes expenses": 2,
        "The interests of minority shareholders": 484,
        "Total Cost of profits": 1630,
        "Profit after tax corporate income": 1261,
        "Volume": 17860600,
        "Close of Quarter": 9.8,
        "EPS": 2285.7,
        "Non-adjusted EPS": 8171,
        "PE": 1.2,
        "Book Price": 21.2
      }
    },
    {
      "quarter": "Q2 2013",
      "income status": {
        "Net sales": 77564,
        "Cost of goods sold": 41991,
        "Gross Profit": 35573,
        "Financial expenses": 13811,
        "Of which: Interest expense": 12898,
        "Cost of sales": 1177,
        "Enterprise cost management": 7931,
        "Total Operating Expenses": 22919,
        "Total revenue financing activities": 279,
        "Net profit from business activities": 12934,
        "Profit": 1654,
        "Profit before tax": 14239,
        "Present corporate income tax expenses": 8827,
        "Deferred income taxes expenses": -1772,
        "The interests of minority shareholders": 2664,
        "Total Cost of profits": 9719,
        "Profit after tax corporate income": 4520,
        "Volume": 17860600,
        "Close of Quarter": 12.5,
        "EPS": 2520.7,
        "Non-adjusted EPS": 9011,
        "PE": 1.4,
        "Book Price": 18.4
      }
    },
    {
      "quarter": "Q1 2013",
      "income status": {
        "Net sales": 33480,
        "Cost of goods sold": 19997,
        "Gross Profit": 13483,
        "Financial expenses": 2448,
        "Of which: Interest expense": 3150,
        "Cost of sales": 587,
        "Enterprise cost management": 5293,
        "Total Operating Expenses": 8328,
        "Total revenue financing activities": 2011,
        "Net profit from business activities": 7167,
        "Profit": -534,
        "Profit before tax": 6629,
        "Present corporate income tax expenses": 926,
        "Deferred income taxes expenses": 5358,
        "The interests of minority shareholders": -3298,
        "Total Cost of profits": 2986,
        "Profit after tax corporate income": 3643,
        "Volume": 17860600,
        "Close of Quarter": 13.6,
        "EPS": 2575.2,
        "Non-adjusted EPS": 9206,
        "PE": 1.5,
        "Book Price": 19.3
      }
    },
    {
      "quarter": "Q4 2012",
      "income status": {
        "Net sales": 130737,
        "Cost of goods sold": 81880,
        "Gross Profit": 48858,
        "Financial expenses": 11224,
        "Of which: Interest expense": 10729,
        "Cost of sales": 1969,
        "Enterprise cost management": 6308,
        "Total Operating Expenses": 19501,
        "Total revenue financing activities": 145598,
        "Net profit from business activities": 174956,
        "Profit": 6548,
        "Profit before tax": 183355,
        "Present corporate income tax expenses": 76868,
        "Deferred income taxes expenses": -30386,
        "The interests of minority shareholders": 357,
        "Total Cost of profits": 46839,
        "Profit after tax corporate income": 136516,
        "Volume": 17860600,
        "Close of Quarter": 13.1,
        "EPS": 2684.9,
        "Non-adjusted EPS": 9598,
        "PE": 1.4,
        "Book Price": 19.5
      }
    },
    {
      "quarter": "Q3 2012",
      "income status": {
        "Net sales": 114564,
        "Cost of goods sold": 80023,
        "Gross Profit": 34541,
        "Financial expenses": 6806,
        "Of which: Interest expense": 6662,
        "Cost of sales": 627,
        "Enterprise cost management": 6944,
        "Total Operating Expenses": 14377,
        "Total revenue financing activities": 782,
        "Net profit from business activities": 20945,
        "Profit": 237,
        "Profit before tax": 21402,
        "Present corporate income tax expenses": 7090,
        "Deferred income taxes expenses": -1238,
        "The interests of minority shareholders": -714,
        "Total Cost of profits": 5138,
        "Profit after tax corporate income": 16264,
        "Volume": 17860600,
        "Close of Quarter": 16.5,
        "EPS": 686.8,
        "Non-adjusted EPS": 2455,
        "PE": 6.7,
        "Book Price": 15.8
      }
    },
    {
      "quarter": "Q2 2012",
      "income status": {
        "Net sales": 69101,
        "Cost of goods sold": 41724,
        "Gross Profit": 27377,
        "Financial expenses": 7052,
        "Of which: Interest expense": 6028,
        "Cost of sales": 380,
        "Enterprise cost management": 5929,
        "Total Operating Expenses": 13361,
        "Total revenue financing activities": 425,
        "Net profit from business activities": 14441,
        "Profit": -645,
        "Profit before tax": 12283,
        "Present corporate income tax expenses": 7144,
        "Deferred income taxes expenses": -2012,
        "The interests of minority shareholders": -844,
        "Total Cost of profits": 4288,
        "Profit after tax corporate income": 7994,
        "Volume": 17860600,
        "Close of Quarter": 18.4,
        "EPS": 542.7,
        "Non-adjusted EPS": 1940,
        "PE": 9.5,
        "Book Price": 15.9
      }
    },
    {
      "quarter": "Q1 2012",
      "income status": {
        "Net sales": 110597,
        "Cost of goods sold": 83775,
        "Gross Profit": 26821,
        "Financial expenses": 4657,
        "Of which: Interest expense": 4590,
        "Cost of sales": 778,
        "Enterprise cost management": 6754,
        "Total Operating Expenses": 12189,
        "Total revenue financing activities": 624,
        "Net profit from business activities": 15257,
        "Profit": 356,
        "Profit before tax": 15518,
        "Present corporate income tax expenses": 3238,
        "Deferred income taxes expenses": 2207,
        "The interests of minority shareholders": -575,
        "Total Cost of profits": 4870,
        "Profit after tax corporate income": 10647,
        "Volume": 17860600,
        "Close of Quarter": 21.2,
        "EPS": 943.5,
        "Non-adjusted EPS": 3373,
        "PE": 6.3,
        "Book Price": 15.8
      }
    },
    {
      "quarter": "Q4 2011",
      "income status": {
        "Net sales": 107966,
        "Cost of goods sold": 78797,
        "Gross Profit": 29169,
        "Financial expenses": 6018,
        "Of which: Interest expense": 4035,
        "Cost of sales": 1702,
        "Enterprise cost management": 8032,
        "Total Operating Expenses": 15752,
        "Total revenue financing activities": 6652,
        "Net profit from business activities": 20070,
        "Profit": 983,
        "Profit before tax": 15167,
        "Present corporate income tax expenses": 4850,
        "Deferred income taxes expenses": 1852,
        "The interests of minority shareholders": -482,
        "Total Cost of profits": 6220,
        "Profit after tax corporate income": 8947,
        "Volume": 17860600,
        "Close of Quarter": 23.8,
        "EPS": 1077.5,
        "Non-adjusted EPS": 3852,
        "PE": 6.2,
        "Book Price": 15.7
      }
    },
    {
      "quarter": "Q3 2011",
      "income status": {
        "Net sales": 82285,
        "Cost of goods sold": 61791,
        "Gross Profit": 20494,
        "Financial expenses": 3184,
        "Of which: Interest expense": 3184,
        "Cost of sales": 1000,
        "Enterprise cost management": 5618,
        "Total Operating Expenses": 9802,
        "Total revenue financing activities": 1508,
        "Net profit from business activities": 12201,
        "Profit": -529,
        "Profit before tax": 11671,
        "Present corporate income tax expenses": 2784,
        "Deferred income taxes expenses": 2344,
        "The interests of minority shareholders": -525,
        "Total Cost of profits": 4603,
        "Profit after tax corporate income": 7069,
        "Volume": 17860600,
        "Close of Quarter": 23.1,
        "EPS": 932.9,
        "Non-adjusted EPS": 3335,
        "PE": 6.9,
        "Book Price": 15.7
      }
    },
    {
      "quarter": "Q2 2011",
      "income status": {
        "Net sales": 77503,
        "Cost of goods sold": 59273,
        "Gross Profit": 18231,
        "Financial expenses": 7455,
        "Of which: Interest expense": "N/A",
        "Cost of sales": 1300,
        "Enterprise cost management": 10396,
        "Total Operating Expenses": 19151,
        "Total revenue financing activities": 48608,
        "Net profit from business activities": 47688,
        "Profit": 505,
        "Profit before tax": 48201,
        "Present corporate income tax expenses": 12043,
        "Deferred income taxes expenses": 2174,
        "The interests of minority shareholders": 397,
        "Total Cost of profits": 14614,
        "Profit after tax corporate income": 33587,
        "Volume": 17860600,
        "Close of Quarter": 31.4,
        "EPS": 1134.3,
        "Non-adjusted EPS": 4055,
        "PE": 7.7,
        "Book Price": 15.6
      }
    },
    {
      "quarter": "Q1 2011",
      "income status": {
        "Net sales": 145030,
        "Cost of goods sold": 109202,
        "Gross Profit": 35829,
        "Financial expenses": 3803,
        "Of which: Interest expense": 2625,
        "Cost of sales": 1098,
        "Enterprise cost management": 4661,
        "Total Operating Expenses": 9562,
        "Total revenue financing activities": 1301,
        "Net profit from business activities": 27567,
        "Profit": -107,
        "Profit before tax": 27460,
        "Present corporate income tax expenses": 2264,
        "Deferred income taxes expenses": 5328,
        "The interests of minority shareholders": 671,
        "Total Cost of profits": 8263,
        "Profit after tax corporate income": 19198,
        "Volume": 17860600,
        "Close of Quarter": 36.5,
        "EPS": 1877.0,
        "Non-adjusted EPS": 6710,
        "PE": 5.4,
        "Book Price": 15.5
      }
    },
    {
      "quarter": "Q4 2010",
      "income status": {
        "Net sales": 104982,
        "Cost of goods sold": 88074,
        "Gross Profit": 16909,
        "Financial expenses": 2511,
        "Of which: Interest expense": 1772,
        "Cost of sales": 2181,
        "Enterprise cost management": 8857,
        "Total Operating Expenses": 13549,
        "Total revenue financing activities": 1517,
        "Net profit from business activities": 4877,
        "Profit": -127,
        "Profit before tax": 4750,
        "Present corporate income tax expenses": 7393,
        "Deferred income taxes expenses": -1628,
        "The interests of minority shareholders": -718,
        "Total Cost of profits": 5047,
        "Profit after tax corporate income": -297,
        "Volume": 15260600,
        "Close of Quarter": 41.9,
        "EPS": 1884.1,
        "Non-adjusted EPS": 7883,
        "PE": 5.3,
        "Book Price": 12.0
      }
    },
    {
      "quarter": "Q3 2010",
      "income status": {
        "Net sales": 112406,
        "Cost of goods sold": 89211,
        "Gross Profit": 23195,
        "Financial expenses": 1286,
        "Of which: Interest expense": 1266,
        "Cost of sales": 1167,
        "Enterprise cost management": 3516,
        "Total Operating Expenses": 5969,
        "Total revenue financing activities": 9777,
        "Net profit from business activities": 27002,
        "Profit": 508,
        "Profit before tax": 27510,
        "Present corporate income tax expenses": 4104,
        "Deferred income taxes expenses": 2889,
        "The interests of minority shareholders": 581,
        "Total Cost of profits": 7574,
        "Profit after tax corporate income": 19936,
        "Volume": 15260600,
        "Close of Quarter": 39.1,
        "EPS": 2276.8,
        "Non-adjusted EPS": 9526,
        "PE": 4.1,
        "Book Price": 12.2
      }
    },
    {
      "quarter": "Q2 2010",
      "income status": {
        "Net sales": 163844,
        "Cost of goods sold": 113910,
        "Gross Profit": 49934,
        "Financial expenses": 9737,
        "Of which: Interest expense": 2498,
        "Cost of sales": 1658,
        "Enterprise cost management": 4632,
        "Total Operating Expenses": 16027,
        "Total revenue financing activities": 80772,
        "Net profit from business activities": 114678,
        "Profit": -6410,
        "Profit before tax": 108268,
        "Present corporate income tax expenses": 25482,
        "Deferred income taxes expenses": 408,
        "The interests of minority shareholders": 1374,
        "Total Cost of profits": 27264,
        "Profit after tax corporate income": 81003,
        "Volume": 15260600,
        "Close of Quarter": 45.7,
        "EPS": 2515.4,
        "Non-adjusted EPS": 10524,
        "PE": 4.4,
        "Book Price": 10.8
      }
    },
    {
      "quarter": "Q1 2010",
      "income status": {
        "Net sales": 103166,
        "Cost of goods sold": 72179,
        "Gross Profit": 30988,
        "Financial expenses": 318,
        "Of which: Interest expense": "N/A",
        "Cost of sales": 924,
        "Enterprise cost management": 2029,
        "Total Operating Expenses": 3271,
        "Total revenue financing activities": 691,
        "Net profit from business activities": 28407,
        "Profit": 423,
        "Profit before tax": 28830,
        "Present corporate income tax expenses": 3322,
        "Deferred income taxes expenses": 5192,
        "The interests of minority shareholders": 665,
        "Total Cost of profits": 9179,
        "Profit after tax corporate income": 19651,
        "Volume": 14857160,
        "Close of Quarter": 34.1,
        "EPS": 1574.2,
        "Non-adjusted EPS": 6765,
        "PE": 5.0,
        "Book Price": 9.5
      }
    },
    {
      "quarter": "Q4 2009",
      "income status": {
        "Net sales": 110659,
        "Cost of goods sold": 73186,
        "Gross Profit": 37473,
        "Financial expenses": 3061,
        "Of which: Interest expense": "N/A",
        "Cost of sales": 1059,
        "Enterprise cost management": 1945,
        "Total Operating Expenses": 6065,
        "Total revenue financing activities": 2511,
        "Net profit from business activities": 33920,
        "Profit": 71,
        "Profit before tax": 34313,
        "Present corporate income tax expenses": 7734,
        "Deferred income taxes expenses": 1267,
        "The interests of minority shareholders": 536,
        "Total Cost of profits": 9537,
        "Profit after tax corporate income": 24776,
        "Volume": 14857160,
        "Close of Quarter": 33.3,
        "EPS": 1422.7,
        "Non-adjusted EPS": 6114,
        "PE": 5.5,
        "Book Price": 9.6
      }
    },
    {
      "quarter": "Q3 2009",
      "income status": {
        "Net sales": 78621,
        "Cost of goods sold": 46097,
        "Gross Profit": 32524,
        "Financial expenses": -398,
        "Of which: Interest expense": "N/A",
        "Cost of sales": 1279,
        "Enterprise cost management": 2384,
        "Total Operating Expenses": 3265,
        "Total revenue financing activities": 16837,
        "Net profit from business activities": 46097,
        "Profit": 1070,
        "Profit before tax": 47192,
        "Present corporate income tax expenses": 1912,
        "Deferred income taxes expenses": 8982,
        "The interests of minority shareholders": 1122,
        "Total Cost of profits": 12016,
        "Profit after tax corporate income": 35176,
        "Volume": 15150000,
        "Close of Quarter": 34.5,
        "EPS": 1149.9,
        "Non-adjusted EPS": 4846,
        "PE": 7.1,
        "Book Price": 7.0
      }
    },
    {
      "quarter": "Q2 2009",
      "income status": {
        "Net sales": 145262,
        "Cost of goods sold": 115570,
        "Gross Profit": 29692,
        "Financial expenses": -1297,
        "Of which: Interest expense": "N/A",
        "Cost of sales": 1737,
        "Enterprise cost management": 4030,
        "Total Operating Expenses": 4470,
        "Total revenue financing activities": 2067,
        "Net profit from business activities": 27290,
        "Profit": 1043,
        "Profit before tax": 28333,
        "Present corporate income tax expenses": 626,
        "Deferred income taxes expenses": 6132,
        "The interests of minority shareholders": 672,
        "Total Cost of profits": 7430,
        "Profit after tax corporate income": 20903,
        "Volume": 15400000,
        "Close of Quarter": 18.9,
        "EPS": 796.2,
        "Non-adjusted EPS": 3301,
        "PE": 5.7,
        "Book Price": 6.6
      }
    },
    {
      "quarter": "Q1 2009",
      "income status": {
        "Net sales": 8036,
        "Cost of goods sold": 5690,
        "Gross Profit": 2346,
        "Financial expenses": 1,
        "Of which: Interest expense": "N/A",
        "Cost of sales": 103,
        "Enterprise cost management": 384,
        "Total Operating Expenses": 488,
        "Total revenue financing activities": 9432,
        "Net profit from business activities": 11290,
        "Profit": 683,
        "Profit before tax": 11973,
        "Present corporate income tax expenses": 1960,
        "Deferred income taxes expenses": "N/A",
        "The interests of minority shareholders": 26,
        "Total Cost of profits": 1986,
        "Profit after tax corporate income": 9988,
        "Volume": 15400000,
        "Close of Quarter": 11.9,
        "EPS": 754.9,
        "Non-adjusted EPS": 3130,
        "PE": 3.8,
        "Book Price": 6.8
      }
    },
    {
      "quarter": "Q4 2008",
      "income status": {
        "Net sales": 36641,
        "Cost of goods sold": 33052,
        "Gross Profit": 3589,
        "Financial expenses": 3437,
        "Of which: Interest expense": 3437,
        "Cost of sales": 357,
        "Enterprise cost management": 1194,
        "Total Operating Expenses": 4988,
        "Total revenue financing activities": 5862,
        "Net profit from business activities": 4463,
        "Profit": 3255,
        "Profit before tax": 7717,
        "Present corporate income tax expenses": 1250,
        "Deferred income taxes expenses": -893,
        "The interests of minority shareholders": 10,
        "Total Cost of profits": 367,
        "Profit after tax corporate income": 7351,
        "Volume": 15400000,
        "Close of Quarter": "N/A",
        "EPS": 864.2,
        "Non-adjusted EPS": 3583,
        "PE": "N/A",
        "Book Price": 6.7
      }
    },
    {
      "quarter": "Q3 2008",
      "income status": {
        "Net sales": 63416,
        "Cost of goods sold": 44670,
        "Gross Profit": 18746,
        "Financial expenses": "N/A",
        "Of which: Interest expense": "N/A",
        "Cost of sales": 357,
        "Enterprise cost management": 2840,
        "Total Operating Expenses": 3197,
        "Total revenue financing activities": 805,
        "Net profit from business activities": 16353,
        "Profit": 1095,
        "Profit before tax": 17448,
        "Present corporate income tax expenses": 4858,
        "Deferred income taxes expenses": "N/A",
        "The interests of minority shareholders": "N/A",
        "Total Cost of profits": 4858,
        "Profit after tax corporate income": 12590,
        "Volume": 15400000,
        "Close of Quarter": "N/A",
        "EPS": 880.9,
        "Non-adjusted EPS": 3652,
        "PE": "N/A",
        "Book Price": 6.6
      }
    },
    {
      "quarter": "Q2 2008",
      "income status": {
        "Net sales": 52132,
        "Cost of goods sold": 25585,
        "Gross Profit": 26547,
        "Financial expenses": "N/A",
        "Of which: Interest expense": "N/A",
        "Cost of sales": 260,
        "Enterprise cost management": 883,
        "Total Operating Expenses": 1143,
        "Total revenue financing activities": 856,
        "Net profit from business activities": 26261,
        "Profit": "N/A",
        "Profit before tax": 26261,
        "Present corporate income tax expenses": 8734,
        "Deferred income taxes expenses": -1403,
        "The interests of minority shareholders": 654,
        "Total Cost of profits": 7985,
        "Profit after tax corporate income": 18276,
        "Volume": 15400000,
        "Close of Quarter": "N/A",
        "EPS": 739.0,
        "Non-adjusted EPS": 3064,
        "PE": "N/A",
        "Book Price": 6.4
      }
    },
    {
      "quarter": "Q1 2008",
      "income status": {
        "Net sales": 26551,
        "Cost of goods sold": 1491,
        "Gross Profit": 25059,
        "Financial expenses": "N/A",
        "Of which: Interest expense": "N/A",
        "Cost of sales": 4,
        "Enterprise cost management": 1843,
        "Total Operating Expenses": 1847,
        "Total revenue financing activities": 1468,
        "Net profit from business activities": 24679,
        "Profit": "N/A",
        "Profit before tax": 24679,
        "Present corporate income tax expenses": 6886,
        "Deferred income taxes expenses": "N/A",
        "The interests of minority shareholders": 832,
        "Total Cost of profits": 7718,
        "Profit after tax corporate income": 16962,
        "Volume": 15400000,
        "Close of Quarter": "N/A",
        "EPS": 456.1,
        "Non-adjusted EPS": 1891,
        "PE": "N/A",
        "Book Price": 6.1
      }
    },
    {
      "quarter": "Q3 2007",
      "income status": {
        "Net sales": 62765,
        "Cost of goods sold": 52415,
        "Gross Profit": 10351,
        "Financial expenses": 29,
        "Of which: Interest expense": 12,
        "Cost of sales": 103,
        "Enterprise cost management": 705,
        "Total Operating Expenses": 837,
        "Total revenue financing activities": 2171,
        "Net profit from business activities": 11685,
        "Profit": 1,
        "Profit before tax": 11686,
        "Present corporate income tax expenses": 3272,
        "Deferred income taxes expenses": "N/A",
        "The interests of minority shareholders": "N/A",
        "Total Cost of profits": 3272,
        "Profit after tax corporate income": 8414,
        "Volume": 15400000,
        "Close of Quarter": "N/A",
        "EPS": 190.5,
        "Non-adjusted EPS": 790,
        "PE": "N/A",
        "Book Price": 0.8
      }
    },
    {
      "quarter": "Q2 2007",
      "income status": {
        "Net sales": 50103,
        "Cost of goods sold": 40901,
        "Gross Profit": 9202,
        "Financial expenses": 87,
        "Of which: Interest expense": 61,
        "Cost of sales": 50,
        "Enterprise cost management": 4373,
        "Total Operating Expenses": 4510,
        "Total revenue financing activities": 214,
        "Net profit from business activities": 4905,
        "Profit": -1,
        "Profit before tax": 4904,
        "Present corporate income tax expenses": 1373,
        "Deferred income taxes expenses": "N/A",
        "The interests of minority shareholders": "N/A",
        "Total Cost of profits": 1373,
        "Profit after tax corporate income": 3531,
        "Volume": 15400000,
        "Close of Quarter": "N/A",
        "EPS": 58.6,
        "Non-adjusted EPS": 243,
        "PE": "N/A",
        "Book Price": 0.6
      }
    },
    {
      "quarter": "Q1 2007",
      "income status": {
        "Net sales": 23340,
        "Cost of goods sold": 22347,
        "Gross Profit": 993,
        "Financial expenses": 19,
        "Of which: Interest expense": 18,
        "Cost of sales": 57,
        "Enterprise cost management": 682,
        "Total Operating Expenses": 758,
        "Total revenue financing activities": 47,
        "Net profit from business activities": 284,
        "Profit": 18,
        "Profit before tax": 302,
        "Present corporate income tax expenses": 84,
        "Deferred income taxes expenses": "N/A",
        "The interests of minority shareholders": "N/A",
        "Total Cost of profits": 84,
        "Profit after tax corporate income": 217,
        "Volume": 15400000,
        "Close of Quarter": "N/A",
        "EPS": 3.4,
        "Non-adjusted EPS": 14,
        "PE": "N/A",
        "Book Price": "N/A"
      }
    }
  ]
}