{
  "ticker": "ASP",
  "data": [
    {
      "quarter": "Q1 2017",
      "income status": {
        "Net sales": 452683,
        "Cost of goods sold": 368571,
        "Gross Profit": 84112,
        "Financial expenses": 4665,
        "Of which: Interest expense": 4508,
        "Cost of sales": 58137,
        "Enterprise cost management": 17765,
        "Total Operating Expenses": 80567,
        "Total revenue financing activities": 443,
        "Net profit from business activities": 3989,
        "Profit": 4547,
        "Profit before tax": 8536,
        "Present corporate income tax expenses": 2225,
        "Deferred income taxes expenses": "N/A",
        "The interests of minority shareholders": 14,
        "Total Cost of profits": 2239,
        "Profit after tax corporate income": 6297,
        "Volume": 37339929,
        "Close of Quarter": 3.9,
        "EPS": 915,
        "Non-adjusted EPS": 915,
        "PE": 4.3,
        "Book Price": 10.5
      }
    },
    {
      "quarter": "Q4 2016",
      "income status": {
        "Net sales": 372364,
        "Cost of goods sold": 298975,
        "Gross Profit": 73388,
        "Financial expenses": 3657,
        "Of which: Interest expense": 2988,
        "Cost of sales": 51563,
        "Enterprise cost management": 14472,
        "Total Operating Expenses": 69692,
        "Total revenue financing activities": 1194,
        "Net profit from business activities": 8675,
        "Profit": 20153,
        "Profit before tax": 28828,
        "Present corporate income tax expenses": 5922,
        "Deferred income taxes expenses": "N/A",
        "The interests of minority shareholders": 139,
        "Total Cost of profits": 6061,
        "Profit after tax corporate income": 22767,
        "Volume": 37339929,
        "Close of Quarter": 3.8,
        "EPS": 525,
        "Non-adjusted EPS": 525,
        "PE": 7.3,
        "Book Price": 10.4
      }
    },
    {
      "quarter": "Q3 2016",
      "income status": {
        "Net sales": 301821,
        "Cost of goods sold": 235637,
        "Gross Profit": 66184,
        "Financial expenses": 2325,
        "Of which: Interest expense": 2680,
        "Cost of sales": 48468,
        "Enterprise cost management": 13251,
        "Total Operating Expenses": 64044,
        "Total revenue financing activities": 501,
        "Net profit from business activities": 2640,
        "Profit": 287,
        "Profit before tax": 2927,
        "Present corporate income tax expenses": 2851,
        "Deferred income taxes expenses": "N/A",
        "The interests of minority shareholders": -1450,
        "Total Cost of profits": 1401,
        "Profit after tax corporate income": 1525,
        "Volume": 37339929,
        "Close of Quarter": 3.9,
        "EPS": 84,
        "Non-adjusted EPS": 84,
        "PE": 46.4,
        "Book Price": 9.8
      }
    },
    {
      "quarter": "Q2 2016",
      "income status": {
        "Net sales": 320376,
        "Cost of goods sold": 260945,
        "Gross Profit": 59431,
        "Financial expenses": 3062,
        "Of which: Interest expense": 3057,
        "Cost of sales": 47175,
        "Enterprise cost management": 12586,
        "Total Operating Expenses": 62823,
        "Total revenue financing activities": 109,
        "Net profit from business activities": 591,
        "Profit": 1380,
        "Profit before tax": 1971,
        "Present corporate income tax expenses": 2183,
        "Deferred income taxes expenses": "N/A",
        "The interests of minority shareholders": -3797,
        "Total Cost of profits": -1614,
        "Profit after tax corporate income": 3585,
        "Volume": 37339929,
        "Close of Quarter": 4.1,
        "EPS": -91,
        "Non-adjusted EPS": -91,
        "PE": -45.1,
        "Book Price": 9.9
      }
    },
    {
      "quarter": "Q1 2016",
      "income status": {
        "Net sales": 343388,
        "Cost of goods sold": 285924,
        "Gross Profit": 57464,
        "Financial expenses": 3342,
        "Of which: Interest expense": 3321,
        "Cost of sales": 47900,
        "Enterprise cost management": 13884,
        "Total Operating Expenses": 65126,
        "Total revenue financing activities": 92,
        "Net profit from business activities": -7571,
        "Profit": 87,
        "Profit before tax": -7484,
        "Present corporate income tax expenses": 321,
        "Deferred income taxes expenses": "N/A",
        "The interests of minority shareholders": 452,
        "Total Cost of profits": 773,
        "Profit after tax corporate income": -8257,
        "Volume": 37339929,
        "Close of Quarter": 3.9,
        "EPS": -226,
        "Non-adjusted EPS": -226,
        "PE": -17.3,
        "Book Price": 9.9
      }
    },
    {
      "quarter": "Q4 2015",
      "income status": {
        "Net sales": 319067,
        "Cost of goods sold": 251952,
        "Gross Profit": 67114,
        "Financial expenses": 4053,
        "Of which: Interest expense": 3635,
        "Cost of sales": 39546,
        "Enterprise cost management": 16686,
        "Total Operating Expenses": 60285,
        "Total revenue financing activities": 97,
        "Net profit from business activities": 8891,
        "Profit": 1723,
        "Profit before tax": 10614,
        "Present corporate income tax expenses": 5004,
        "Deferred income taxes expenses": "N/A",
        "The interests of minority shareholders": -683,
        "Total Cost of profits": 4321,
        "Profit after tax corporate income": 6293,
        "Volume": 37339929,
        "Close of Quarter": 4.1,
        "EPS": 49,
        "Non-adjusted EPS": 49,
        "PE": 83.7,
        "Book Price": 10.5
      }
    },
    {
      "quarter": "Q3 2015",
      "income status": {
        "Net sales": 294730,
        "Cost of goods sold": 234524,
        "Gross Profit": 60206,
        "Financial expenses": 3383,
        "Of which: Interest expense": 3236,
        "Cost of sales": 45598,
        "Enterprise cost management": 16992,
        "Total Operating Expenses": 65973,
        "Total revenue financing activities": 195,
        "Net profit from business activities": -5571,
        "Profit": 201,
        "Profit before tax": -5371,
        "Present corporate income tax expenses": 811,
        "Deferred income taxes expenses": "N/A",
        "The interests of minority shareholders": -1168,
        "Total Cost of profits": -357,
        "Profit after tax corporate income": -5013,
        "Volume": 37339929,
        "Close of Quarter": 5.3,
        "EPS": -78,
        "Non-adjusted EPS": -78,
        "PE": -68.0,
        "Book Price": 10.3
      }
    },
    {
      "quarter": "Q2 2015",
      "income status": {
        "Net sales": 362537,
        "Cost of goods sold": 306919,
        "Gross Profit": 55618,
        "Financial expenses": 3323,
        "Of which: Interest expense": 3018,
        "Cost of sales": 36740,
        "Enterprise cost management": 18372,
        "Total Operating Expenses": 58435,
        "Total revenue financing activities": 191,
        "Net profit from business activities": -2196,
        "Profit": -257,
        "Profit before tax": -2452,
        "Present corporate income tax expenses": 1646,
        "Deferred income taxes expenses": "N/A",
        "The interests of minority shareholders": -2647,
        "Total Cost of profits": -1001,
        "Profit after tax corporate income": -1451,
        "Volume": 37339929,
        "Close of Quarter": 5.6,
        "EPS": 82,
        "Non-adjusted EPS": 82,
        "PE": 68.2,
        "Book Price": 10.8
      }
    },
    {
      "quarter": "Q1 2015",
      "income status": {
        "Net sales": 351853,
        "Cost of goods sold": 289641,
        "Gross Profit": 62212,
        "Financial expenses": 4118,
        "Of which: Interest expense": 3925,
        "Cost of sales": 35255,
        "Enterprise cost management": 15990,
        "Total Operating Expenses": 55363,
        "Total revenue financing activities": 961,
        "Net profit from business activities": 7810,
        "Profit": -912,
        "Profit before tax": 6898,
        "Present corporate income tax expenses": 3690,
        "Deferred income taxes expenses": "N/A",
        "The interests of minority shareholders": 1207,
        "Total Cost of profits": 4897,
        "Profit after tax corporate income": 2001,
        "Volume": 37339929,
        "Close of Quarter": 5.4,
        "EPS": 147,
        "Non-adjusted EPS": 147,
        "PE": 36.7,
        "Book Price": 11
      }
    },
    {
      "quarter": "Q4 2014",
      "income status": {
        "Net sales": 433408,
        "Cost of goods sold": 379297,
        "Gross Profit": 54111,
        "Financial expenses": 5834,
        "Of which: Interest expense": 5513,
        "Cost of sales": 39692,
        "Enterprise cost management": 11045,
        "Total Operating Expenses": 56571,
        "Total revenue financing activities": 5760,
        "Net profit from business activities": 1676,
        "Profit": 1746,
        "Profit before tax": 3423,
        "Present corporate income tax expenses": 966,
        "Deferred income taxes expenses": "N/A",
        "The interests of minority shareholders": 920,
        "Total Cost of profits": 1886,
        "Profit after tax corporate income": 1537,
        "Volume": 37339929,
        "Close of Quarter": 6.4,
        "EPS": 113,
        "Non-adjusted EPS": 113,
        "PE": 56.2,
        "Book Price": 11
      }
    },
    {
      "quarter": "Q3 2014",
      "income status": {
        "Net sales": 473551,
        "Cost of goods sold": 432086,
        "Gross Profit": 41465,
        "Financial expenses": 6153,
        "Of which: Interest expense": 5927,
        "Cost of sales": 22992,
        "Enterprise cost management": 10997,
        "Total Operating Expenses": 40142,
        "Total revenue financing activities": 1028,
        "Net profit from business activities": 2351,
        "Profit": -747,
        "Profit before tax": 1604,
        "Present corporate income tax expenses": 1248,
        "Deferred income taxes expenses": "N/A",
        "The interests of minority shareholders": -629,
        "Total Cost of profits": 619,
        "Profit after tax corporate income": 986,
        "Volume": 22829996,
        "Close of Quarter": 7.4,
        "EPS": 364.4,
        "Non-adjusted EPS": 596,
        "PE": 12.4,
        "Book Price": 10.8
      }
    },
    {
      "quarter": "Q2 2014",
      "income status": {
        "Net sales": 420729,
        "Cost of goods sold": 384532,
        "Gross Profit": 36197,
        "Financial expenses": 5635,
        "Of which: Interest expense": 5236,
        "Cost of sales": 17871,
        "Enterprise cost management": 11370,
        "Total Operating Expenses": 34876,
        "Total revenue financing activities": 690,
        "Net profit from business activities": 2011,
        "Profit": 598,
        "Profit before tax": 2608,
        "Present corporate income tax expenses": 1079,
        "Deferred income taxes expenses": "N/A",
        "The interests of minority shareholders": 557,
        "Total Cost of profits": 1636,
        "Profit after tax corporate income": 972,
        "Volume": 22829996,
        "Close of Quarter": 6.2,
        "EPS": 354.0,
        "Non-adjusted EPS": 579,
        "PE": 10.7,
        "Book Price": 7.3
      }
    },
    {
      "quarter": "Q1 2014",
      "income status": {
        "Net sales": 484384,
        "Cost of goods sold": 451940,
        "Gross Profit": 32443,
        "Financial expenses": 5619,
        "Of which: Interest expense": 5154,
        "Cost of sales": 14959,
        "Enterprise cost management": 8196,
        "Total Operating Expenses": 28774,
        "Total revenue financing activities": 681,
        "Net profit from business activities": 4350,
        "Profit": 59,
        "Profit before tax": 4409,
        "Present corporate income tax expenses": 2019,
        "Deferred income taxes expenses": "N/A",
        "The interests of minority shareholders": 1661,
        "Total Cost of profits": 3680,
        "Profit after tax corporate income": 729,
        "Volume": 22829996,
        "Close of Quarter": 7.7,
        "EPS": 393.8,
        "Non-adjusted EPS": 644,
        "PE": 11.9,
        "Book Price": 7.3
      }
    },
    {
      "quarter": "Q4 2013",
      "income status": {
        "Net sales": 569883,
        "Cost of goods sold": 516032,
        "Gross Profit": 53852,
        "Financial expenses": 24307,
        "Of which: Interest expense": 5570,
        "Cost of sales": 32836,
        "Enterprise cost management": -16357,
        "Total Operating Expenses": 40786,
        "Total revenue financing activities": 97,
        "Net profit from business activities": 13162,
        "Profit": 169,
        "Profit before tax": 13982,
        "Present corporate income tax expenses": 2365,
        "Deferred income taxes expenses": "N/A",
        "The interests of minority shareholders": 687,
        "Total Cost of profits": 3052,
        "Profit after tax corporate income": 10930,
        "Volume": 22829996,
        "Close of Quarter": 6.3,
        "EPS": 541.1,
        "Non-adjusted EPS": 885,
        "PE": 7.1,
        "Book Price": 7.0
      }
    },
    {
      "quarter": "Q3 2013",
      "income status": {
        "Net sales": 460211,
        "Cost of goods sold": 423828,
        "Gross Profit": 36383,
        "Financial expenses": 8965,
        "Of which: Interest expense": 6360,
        "Cost of sales": 19438,
        "Enterprise cost management": 8239,
        "Total Operating Expenses": 36642,
        "Total revenue financing activities": 358,
        "Net profit from business activities": 99,
        "Profit": 987,
        "Profit before tax": 1086,
        "Present corporate income tax expenses": 362,
        "Deferred income taxes expenses": "N/A",
        "The interests of minority shareholders": 128,
        "Total Cost of profits": 490,
        "Profit after tax corporate income": 596,
        "Volume": 22829996,
        "Close of Quarter": 4.5,
        "EPS": 250.7,
        "Non-adjusted EPS": 410,
        "PE": 11.1,
        "Book Price": 6.7
      }
    },
    {
      "quarter": "Q2 2013",
      "income status": {
        "Net sales": 468176,
        "Cost of goods sold": 433341,
        "Gross Profit": 34835,
        "Financial expenses": 95039,
        "Of which: Interest expense": 6545,
        "Cost of sales": 18055,
        "Enterprise cost management": 7960,
        "Total Operating Expenses": 121054,
        "Total revenue financing activities": 87837,
        "Net profit from business activities": 1618,
        "Profit": 30,
        "Profit before tax": 1648,
        "Present corporate income tax expenses": -321,
        "Deferred income taxes expenses": "N/A",
        "The interests of minority shareholders": -468,
        "Total Cost of profits": -789,
        "Profit after tax corporate income": 2437,
        "Volume": 22829996,
        "Close of Quarter": 4.4,
        "EPS": 716.6,
        "Non-adjusted EPS": 1172,
        "PE": 3.7,
        "Book Price": 6.7
      }
    },
    {
      "quarter": "Q1 2013",
      "income status": {
        "Net sales": 472488,
        "Cost of goods sold": 430932,
        "Gross Profit": 41557,
        "Financial expenses": 6947,
        "Of which: Interest expense": 6073,
        "Cost of sales": 20777,
        "Enterprise cost management": 7941,
        "Total Operating Expenses": 35665,
        "Total revenue financing activities": 2382,
        "Net profit from business activities": 8274,
        "Profit": 352,
        "Profit before tax": 8626,
        "Present corporate income tax expenses": 1629,
        "Deferred income taxes expenses": "N/A",
        "The interests of minority shareholders": 763,
        "Total Cost of profits": 2392,
        "Profit after tax corporate income": 6234,
        "Volume": 22829996,
        "Close of Quarter": 3.8,
        "EPS": 696.4,
        "Non-adjusted EPS": 1139,
        "PE": 3.4,
        "Book Price": 7.0
      }
    },
    {
      "quarter": "Q4 2012",
      "income status": {
        "Net sales": 514838,
        "Cost of goods sold": 475134,
        "Gross Profit": 39704,
        "Financial expenses": 7825,
        "Of which: Interest expense": 7276,
        "Cost of sales": 33872,
        "Enterprise cost management": 6924,
        "Total Operating Expenses": 48621,
        "Total revenue financing activities": 4618,
        "Net profit from business activities": -4299,
        "Profit": 5312,
        "Profit before tax": 1013,
        "Present corporate income tax expenses": -12,
        "Deferred income taxes expenses": "N/A",
        "The interests of minority shareholders": 930,
        "Total Cost of profits": 918,
        "Profit after tax corporate income": 95,
        "Volume": 22829996,
        "Close of Quarter": 3.5,
        "EPS": 706.8,
        "Non-adjusted EPS": 1156,
        "PE": 3.0,
        "Book Price": 6.9
      }
    },
    {
      "quarter": "Q3 2012",
      "income status": {
        "Net sales": 462898,
        "Cost of goods sold": 403345,
        "Gross Profit": 59554,
        "Financial expenses": 15763,
        "Of which: Interest expense": 10162,
        "Cost of sales": 26556,
        "Enterprise cost management": 8408,
        "Total Operating Expenses": 50727,
        "Total revenue financing activities": 6356,
        "Net profit from business activities": 15181,
        "Profit": 6360,
        "Profit before tax": 21541,
        "Present corporate income tax expenses": 2118,
        "Deferred income taxes expenses": "N/A",
        "The interests of minority shareholders": 1426,
        "Total Cost of profits": 3544,
        "Profit after tax corporate income": 17997,
        "Volume": 22829996,
        "Close of Quarter": 2.8,
        "EPS": 554.6,
        "Non-adjusted EPS": 907,
        "PE": 3.1,
        "Book Price": 6.9
      }
    },
    {
      "quarter": "Q2 2012",
      "income status": {
        "Net sales": 458271,
        "Cost of goods sold": 436419,
        "Gross Profit": 21852,
        "Financial expenses": 89978,
        "Of which: Interest expense": 14668,
        "Cost of sales": 21636,
        "Enterprise cost management": 7966,
        "Total Operating Expenses": 119580,
        "Total revenue financing activities": 95970,
        "Net profit from business activities": -1759,
        "Profit": 211,
        "Profit before tax": -1476,
        "Present corporate income tax expenses": -1524,
        "Deferred income taxes expenses": "N/A",
        "The interests of minority shareholders": -1640,
        "Total Cost of profits": -3164,
        "Profit after tax corporate income": 1688,
        "Volume": 22829996,
        "Close of Quarter": 3.9,
        "EPS": 36.7,
        "Non-adjusted EPS": 60,
        "PE": 64.2,
        "Book Price": 6.4
      }
    },
    {
      "quarter": "Q1 2012",
      "income status": {
        "Net sales": 557285,
        "Cost of goods sold": 513324,
        "Gross Profit": 43961,
        "Financial expenses": 13106,
        "Of which: Interest expense": 12874,
        "Cost of sales": 26508,
        "Enterprise cost management": 9501,
        "Total Operating Expenses": 49115,
        "Total revenue financing activities": 5365,
        "Net profit from business activities": 211,
        "Profit": 8828,
        "Profit before tax": 9039,
        "Present corporate income tax expenses": 1715,
        "Deferred income taxes expenses": "N/A",
        "The interests of minority shareholders": 709,
        "Total Cost of profits": 2424,
        "Profit after tax corporate income": 6615,
        "Volume": 22829996,
        "Close of Quarter": 3.7,
        "EPS": -245.8,
        "Non-adjusted EPS": -402,
        "PE": -9.2,
        "Book Price": 6.4
      }
    },
    {
      "quarter": "Q4 2011",
      "income status": {
        "Net sales": 652245,
        "Cost of goods sold": 595992,
        "Gross Profit": 56254,
        "Financial expenses": 68168,
        "Of which: Interest expense": 15567,
        "Cost of sales": 34515,
        "Enterprise cost management": 10819,
        "Total Operating Expenses": 113502,
        "Total revenue financing activities": 52630,
        "Net profit from business activities": -4618,
        "Profit": -332,
        "Profit before tax": -8926,
        "Present corporate income tax expenses": 70,
        "Deferred income taxes expenses": "N/A",
        "The interests of minority shareholders": 565,
        "Total Cost of profits": 635,
        "Profit after tax corporate income": -5584,
        "Volume": 22829996,
        "Close of Quarter": 2.7,
        "EPS": -395.6,
        "Non-adjusted EPS": -647,
        "PE": -4.2,
        "Book Price": 6.2
      }
    },
    {
      "quarter": "Q3 2011",
      "income status": {
        "Net sales": 593120,
        "Cost of goods sold": 546261,
        "Gross Profit": 46859,
        "Financial expenses": 15431,
        "Of which: Interest expense": 18703,
        "Cost of sales": 30190,
        "Enterprise cost management": 10778,
        "Total Operating Expenses": 56399,
        "Total revenue financing activities": 6308,
        "Net profit from business activities": -3233,
        "Profit": -189,
        "Profit before tax": -3977,
        "Present corporate income tax expenses": -1066,
        "Deferred income taxes expenses": "N/A",
        "The interests of minority shareholders": -1010,
        "Total Cost of profits": -2076,
        "Profit after tax corporate income": -1346,
        "Volume": 22829996,
        "Close of Quarter": 4.2,
        "EPS": 49.5,
        "Non-adjusted EPS": 81,
        "PE": 52.2,
        "Book Price": 6.4
      }
    },
    {
      "quarter": "Q2 2011",
      "income status": {
        "Net sales": 625293,
        "Cost of goods sold": 562746,
        "Gross Profit": 62547,
        "Financial expenses": 23996,
        "Of which: Interest expense": 19433,
        "Cost of sales": 40163,
        "Enterprise cost management": 11146,
        "Total Operating Expenses": 75305,
        "Total revenue financing activities": 6134,
        "Net profit from business activities": -6623,
        "Profit": 263,
        "Profit before tax": -6360,
        "Present corporate income tax expenses": 859,
        "Deferred income taxes expenses": "N/A",
        "The interests of minority shareholders": 1647,
        "Total Cost of profits": 2506,
        "Profit after tax corporate income": -8866,
        "Volume": 22829996,
        "Close of Quarter": 4.5,
        "EPS": 95.4,
        "Non-adjusted EPS": 156,
        "PE": 28.7,
        "Book Price": 6.4
      }
    },
    {
      "quarter": "Q1 2011",
      "income status": {
        "Net sales": 649170,
        "Cost of goods sold": 595199,
        "Gross Profit": 53972,
        "Financial expenses": 16100,
        "Of which: Interest expense": 15872,
        "Cost of sales": 22857,
        "Enterprise cost management": 11421,
        "Total Operating Expenses": 50378,
        "Total revenue financing activities": 2289,
        "Net profit from business activities": 5881,
        "Profit": -76,
        "Profit before tax": 5806,
        "Present corporate income tax expenses": 2918,
        "Deferred income taxes expenses": "N/A",
        "The interests of minority shareholders": 1870,
        "Total Cost of profits": 4788,
        "Profit after tax corporate income": 1018,
        "Volume": 22829996,
        "Close of Quarter": 5.5,
        "EPS": 13.5,
        "Non-adjusted EPS": 22,
        "PE": 248.6,
        "Book Price": 6.6
      }
    },
    {
      "quarter": "Q4 2010",
      "income status": {
        "Net sales": 621199,
        "Cost of goods sold": 550922,
        "Gross Profit": 70277,
        "Financial expenses": 14662,
        "Of which: Interest expense": 14256,
        "Cost of sales": 27072,
        "Enterprise cost management": 10598,
        "Total Operating Expenses": 52332,
        "Total revenue financing activities": 3142,
        "Net profit from business activities": 21088,
        "Profit": 904,
        "Profit before tax": 21992,
        "Present corporate income tax expenses": 7269,
        "Deferred income taxes expenses": "N/A",
        "The interests of minority shareholders": 3682,
        "Total Cost of profits": 10951,
        "Profit after tax corporate income": 11041,
        "Volume": 22829996,
        "Close of Quarter": 6.6,
        "EPS": 37.3,
        "Non-adjusted EPS": 61,
        "PE": 108.5,
        "Book Price": 6.6
      }
    },
    {
      "quarter": "Q3 2010",
      "income status": {
        "Net sales": 494459,
        "Cost of goods sold": 446764,
        "Gross Profit": 47695,
        "Financial expenses": 14405,
        "Of which: Interest expense": 14338,
        "Cost of sales": 27591,
        "Enterprise cost management": 9876,
        "Total Operating Expenses": 51872,
        "Total revenue financing activities": 5852,
        "Net profit from business activities": 1675,
        "Profit": 1436,
        "Profit before tax": 3111,
        "Present corporate income tax expenses": 1675,
        "Deferred income taxes expenses": "N/A",
        "The interests of minority shareholders": 1078,
        "Total Cost of profits": 2753,
        "Profit after tax corporate income": 358,
        "Volume": 22829996,
        "Close of Quarter": 7.4,
        "EPS": -123.5,
        "Non-adjusted EPS": -202,
        "PE": -36.6,
        "Book Price": 6.3
      }
    },
    {
      "quarter": "Q2 2010",
      "income status": {
        "Net sales": 474786,
        "Cost of goods sold": 437271,
        "Gross Profit": 37515,
        "Financial expenses": 16894,
        "Of which: Interest expense": 16728,
        "Cost of sales": 25078,
        "Enterprise cost management": 10136,
        "Total Operating Expenses": 52108,
        "Total revenue financing activities": 2196,
        "Net profit from business activities": -12397,
        "Profit": -651,
        "Profit before tax": -13048,
        "Present corporate income tax expenses": -572,
        "Deferred income taxes expenses": "N/A",
        "The interests of minority shareholders": -552,
        "Total Cost of profits": -1124,
        "Profit after tax corporate income": -11925,
        "Volume": 22829996,
        "Close of Quarter": 10.1,
        "EPS": 174.9,
        "Non-adjusted EPS": 286,
        "PE": 35.3,
        "Book Price": 6.3
      }
    },
    {
      "quarter": "Q1 2010",
      "income status": {
        "Net sales": 485470,
        "Cost of goods sold": 444990,
        "Gross Profit": 40479,
        "Financial expenses": 6268,
        "Of which: Interest expense": 6165,
        "Cost of sales": 23381,
        "Enterprise cost management": 9907,
        "Total Operating Expenses": 39556,
        "Total revenue financing activities": 2761,
        "Net profit from business activities": 3684,
        "Profit": 37,
        "Profit before tax": 3722,
        "Present corporate income tax expenses": 1983,
        "Deferred income taxes expenses": "N/A",
        "The interests of minority shareholders": -189,
        "Total Cost of profits": 1794,
        "Profit after tax corporate income": 1928,
        "Volume": 22829996,
        "Close of Quarter": 9.3,
        "EPS": 801.6,
        "Non-adjusted EPS": 1311,
        "PE": 7.1,
        "Book Price": 7.2
      }
    },
    {
      "quarter": "Q4 2009",
      "income status": {
        "Net sales": 493826,
        "Cost of goods sold": 449851,
        "Gross Profit": 43976,
        "Financial expenses": 5848,
        "Of which: Interest expense": 5160,
        "Cost of sales": 21245,
        "Enterprise cost management": 11120,
        "Total Operating Expenses": 38213,
        "Total revenue financing activities": 2180,
        "Net profit from business activities": 7942,
        "Profit": 266,
        "Profit before tax": 8208,
        "Present corporate income tax expenses": 1942,
        "Deferred income taxes expenses": "N/A",
        "The interests of minority shareholders": 1234,
        "Total Cost of profits": 3176,
        "Profit after tax corporate income": 5032,
        "Volume": 22829996,
        "Close of Quarter": 10.0,
        "EPS": 995.4,
        "Non-adjusted EPS": 1628,
        "PE": 6.2,
        "Book Price": 7.2
      }
    },
    {
      "quarter": "Q3 2009",
      "income status": {
        "Net sales": 363684,
        "Cost of goods sold": 320704,
        "Gross Profit": 42980,
        "Financial expenses": 4042,
        "Of which: Interest expense": 2781,
        "Cost of sales": 18457,
        "Enterprise cost management": 7594,
        "Total Operating Expenses": 30093,
        "Total revenue financing activities": 1427,
        "Net profit from business activities": 14315,
        "Profit": 367,
        "Profit before tax": 14682,
        "Present corporate income tax expenses": 2831,
        "Deferred income taxes expenses": "N/A",
        "The interests of minority shareholders": 346,
        "Total Cost of profits": 3177,
        "Profit after tax corporate income": 11505,
        "Volume": 20999996,
        "Close of Quarter": 12.1,
        "EPS": 1066.9,
        "Non-adjusted EPS": 1897,
        "PE": 6.4,
        "Book Price": 7.1
      }
    },
    {
      "quarter": "Q2 2009",
      "income status": {
        "Net sales": 382053,
        "Cost of goods sold": 332720,
        "Gross Profit": 49333,
        "Financial expenses": 5732,
        "Of which: Interest expense": "N/A",
        "Cost of sales": 16299,
        "Enterprise cost management": 8787,
        "Total Operating Expenses": 30818,
        "Total revenue financing activities": 3938,
        "Net profit from business activities": 22453,
        "Profit": -2072,
        "Profit before tax": 20381,
        "Present corporate income tax expenses": 4246,
        "Deferred income taxes expenses": "N/A",
        "The interests of minority shareholders": 4664,
        "Total Cost of profits": 8910,
        "Profit after tax corporate income": 11471,
        "Volume": 20999996,
        "Close of Quarter": 8.5,
        "EPS": 832.4,
        "Non-adjusted EPS": 1480,
        "PE": 5.7,
        "Book Price": 6.8
      }
    },
    {
      "quarter": "Q1 2009",
      "income status": {
        "Net sales": 324116,
        "Cost of goods sold": 278025,
        "Gross Profit": 46091,
        "Financial expenses": 6219,
        "Of which: Interest expense": 2086,
        "Cost of sales": 14983,
        "Enterprise cost management": 7131,
        "Total Operating Expenses": 28333,
        "Total revenue financing activities": 1041,
        "Net profit from business activities": 18798,
        "Profit": 302,
        "Profit before tax": 19100,
        "Present corporate income tax expenses": 3538,
        "Deferred income taxes expenses": 50,
        "The interests of minority shareholders": 6363,
        "Total Cost of profits": 9951,
        "Profit after tax corporate income": 9149,
        "Volume": 20999996,
        "Close of Quarter": 5.1,
        "EPS": 568.6,
        "Non-adjusted EPS": 1011,
        "PE": 5.1,
        "Book Price": 6.4
      }
    },
    {
      "quarter": "Q4 2008",
      "income status": {
        "Net sales": 354669,
        "Cost of goods sold": 310951,
        "Gross Profit": 43718,
        "Financial expenses": 7538,
        "Of which: Interest expense": 2722,
        "Cost of sales": 14914,
        "Enterprise cost management": 13144,
        "Total Operating Expenses": 35596,
        "Total revenue financing activities": 1150,
        "Net profit from business activities": 9272,
        "Profit": 4919,
        "Profit before tax": 14191,
        "Present corporate income tax expenses": 3584,
        "Deferred income taxes expenses": "N/A",
        "The interests of minority shareholders": 2887,
        "Total Cost of profits": 6471,
        "Profit after tax corporate income": 7720,
        "Volume": 12600000,
        "Close of Quarter": 6.2,
        "EPS": 447.5,
        "Non-adjusted EPS": 1326,
        "PE": 4.7,
        "Book Price": 6.1
      }
    },
    {
      "quarter": "Q3 2008",
      "income status": {
        "Net sales": 366892,
        "Cost of goods sold": 346149,
        "Gross Profit": 20743,
        "Financial expenses": 5577,
        "Of which: Interest expense": 3292,
        "Cost of sales": 13243,
        "Enterprise cost management": 6245,
        "Total Operating Expenses": 25065,
        "Total revenue financing activities": 747,
        "Net profit from business activities": -3575,
        "Profit": 9274,
        "Profit before tax": 5699,
        "Present corporate income tax expenses": 2145,
        "Deferred income taxes expenses": "N/A",
        "The interests of minority shareholders": 816,
        "Total Cost of profits": 2961,
        "Profit after tax corporate income": 2737,
        "Volume": 12600000,
        "Close of Quarter": 5.1,
        "EPS": 281.4,
        "Non-adjusted EPS": 834,
        "PE": 6.1,
        "Book Price": 5.9
      }
    },
    {
      "quarter": "Q2 2008",
      "income status": {
        "Net sales": 343836,
        "Cost of goods sold": 321396,
        "Gross Profit": 22440,
        "Financial expenses": 4896,
        "Of which: Interest expense": 2728,
        "Cost of sales": 14226,
        "Enterprise cost management": 5986,
        "Total Operating Expenses": 25108,
        "Total revenue financing activities": 423,
        "Net profit from business activities": -2245,
        "Profit": 6629,
        "Profit before tax": 4384,
        "Present corporate income tax expenses": 1801,
        "Deferred income taxes expenses": "N/A",
        "The interests of minority shareholders": 954,
        "Total Cost of profits": 2755,
        "Profit after tax corporate income": 1629,
        "Volume": 12600000,
        "Close of Quarter": 5.0,
        "EPS": 378.6,
        "Non-adjusted EPS": 1122,
        "PE": 4.4,
        "Book Price": 5.9
      }
    },
    {
      "quarter": "Q1 2008",
      "income status": {
        "Net sales": 343174,
        "Cost of goods sold": 325700,
        "Gross Profit": 17474,
        "Financial expenses": 2184,
        "Of which: Interest expense": 1937,
        "Cost of sales": 11930,
        "Enterprise cost management": 3519,
        "Total Operating Expenses": 17633,
        "Total revenue financing activities": 1618,
        "Net profit from business activities": 1459,
        "Profit": 6541,
        "Profit before tax": 8000,
        "Present corporate income tax expenses": 2281,
        "Deferred income taxes expenses": "N/A",
        "The interests of minority shareholders": 1096,
        "Total Cost of profits": 3377,
        "Profit after tax corporate income": 4623,
        "Volume": 12600000,
        "Close of Quarter": 6.8,
        "EPS": 552.7,
        "Non-adjusted EPS": 1638,
        "PE": 4.2,
        "Book Price": 6.3
      }
    },
    {
      "quarter": "Q4 2007",
      "income status": {
        "Net sales": 392132,
        "Cost of goods sold": 373674,
        "Gross Profit": 18458,
        "Financial expenses": 4210,
        "Of which: Interest expense": 3476,
        "Cost of sales": 17325,
        "Enterprise cost management": 3969,
        "Total Operating Expenses": 25504,
        "Total revenue financing activities": 1097,
        "Net profit from business activities": -5949,
        "Profit": 10134,
        "Profit before tax": 4185,
        "Present corporate income tax expenses": 2043,
        "Deferred income taxes expenses": -50,
        "The interests of minority shareholders": 669,
        "Total Cost of profits": 2662,
        "Profit after tax corporate income": 1523,
        "Volume": 12600000,
        "Close of Quarter": "N/A",
        "EPS": 452.8,
        "Non-adjusted EPS": 1342,
        "PE": "N/A",
        "Book Price": 6.3
      }
    },
    {
      "quarter": "Q3 2007",
      "income status": {
        "Net sales": 354255,
        "Cost of goods sold": 339679,
        "Gross Profit": 14576,
        "Financial expenses": 1365,
        "Of which: Interest expense": 1324,
        "Cost of sales": 6723,
        "Enterprise cost management": 2947,
        "Total Operating Expenses": 11035,
        "Total revenue financing activities": 194,
        "Net profit from business activities": 3736,
        "Profit": 4782,
        "Profit before tax": 8518,
        "Present corporate income tax expenses": 1530,
        "Deferred income taxes expenses": "N/A",
        "The interests of minority shareholders": 631,
        "Total Cost of profits": 2161,
        "Profit after tax corporate income": 6357,
        "Volume": 12600000,
        "Close of Quarter": "N/A",
        "EPS": 412.0,
        "Non-adjusted EPS": 1221,
        "PE": "N/A",
        "Book Price": "N/A"
      }
    },
    {
      "quarter": "Q2 2007",
      "income status": {
        "Net sales": 333760,
        "Cost of goods sold": 314734,
        "Gross Profit": 19027,
        "Financial expenses": 959,
        "Of which: Interest expense": 844,
        "Cost of sales": 8829,
        "Enterprise cost management": 3738,
        "Total Operating Expenses": 13526,
        "Total revenue financing activities": 566,
        "Net profit from business activities": 6067,
        "Profit": 8684,
        "Profit before tax": 14751,
        "Present corporate income tax expenses": 3451,
        "Deferred income taxes expenses": "N/A",
        "The interests of minority shareholders": 3158,
        "Total Cost of profits": 6609,
        "Profit after tax corporate income": 8142,
        "Volume": 12600000,
        "Close of Quarter": "N/A",
        "EPS": 241.6,
        "Non-adjusted EPS": 716,
        "PE": "N/A",
        "Book Price": "N/A"
      }
    },
    {
      "quarter": "Q1 2007",
      "income status": {
        "Net sales": 183969,
        "Cost of goods sold": 176937,
        "Gross Profit": 7032,
        "Financial expenses": 1754,
        "Of which: Interest expense": "N/A",
        "Cost of sales": 3071,
        "Enterprise cost management": 1852,
        "Total Operating Expenses": 6677,
        "Total revenue financing activities": 1001,
        "Net profit from business activities": 1356,
        "Profit": "N/A",
        "Profit before tax": 1356,
        "Present corporate income tax expenses": 436,
        "Deferred income taxes expenses": "N/A",
        "The interests of minority shareholders": 39,
        "Total Cost of profits": 475,
        "Profit after tax corporate income": 881,
        "Volume": 12600000,
        "Close of Quarter": "N/A",
        "EPS": 23.6,
        "Non-adjusted EPS": 70,
        "PE": "N/A",
        "Book Price": "N/A"
      }
    }
  ]
}