{
  "ticker": "DCS",
  "data": [
    {
      "quarter": "Q1 2017",
      "income status": {
        "Net sales": 20697,
        "Cost of goods sold": 17816,
        "Gross Profit": 2881,
        "Financial expenses": 814,
        "Of which: Interest expense": 814,
        "Cost of sales": 260,
        "Enterprise cost management": 1127,
        "Total Operating Expenses": 2201,
        "Total revenue financing activities": 3082,
        "Net profit from business activities": 3763,
        "Profit": -5,
        "Profit before tax": 3758,
        "Present corporate income tax expenses": 752,
        "Deferred income taxes expenses": "N/A",
        "The interests of minority shareholders": "N/A",
        "Total Cost of profits": 752,
        "Profit after tax corporate income": 3007,
        "Volume": 60310988,
        "Close of Quarter": 2.4,
        "EPS": 192,
        "Non-adjusted EPS": 192,
        "PE": 12.5,
        "Book Price": 10.6
      }
    },
    {
      "quarter": "Q4 2016",
      "income status": {
        "Net sales": 49774,
        "Cost of goods sold": 44778,
        "Gross Profit": 4996,
        "Financial expenses": 939,
        "Of which: Interest expense": 939,
        "Cost of sales": 320,
        "Enterprise cost management": 1914,
        "Total Operating Expenses": 3173,
        "Total revenue financing activities": 2590,
        "Net profit from business activities": 4412,
        "Profit": -1828,
        "Profit before tax": 2584,
        "Present corporate income tax expenses": 517,
        "Deferred income taxes expenses": "N/A",
        "The interests of minority shareholders": "N/A",
        "Total Cost of profits": 517,
        "Profit after tax corporate income": 2067,
        "Volume": 60310988,
        "Close of Quarter": 2.2,
        "EPS": 203,
        "Non-adjusted EPS": 203,
        "PE": 10.8,
        "Book Price": 10.5
      }
    },
    {
      "quarter": "Q3 2016",
      "income status": {
        "Net sales": 28670,
        "Cost of goods sold": 26157,
        "Gross Profit": 2513,
        "Financial expenses": 819,
        "Of which: Interest expense": 819,
        "Cost of sales": 396,
        "Enterprise cost management": 548,
        "Total Operating Expenses": 1763,
        "Total revenue financing activities": 1889,
        "Net profit from business activities": 2638,
        "Profit": "N/A",
        "Profit before tax": 2638,
        "Present corporate income tax expenses": 528,
        "Deferred income taxes expenses": "N/A",
        "The interests of minority shareholders": "N/A",
        "Total Cost of profits": 528,
        "Profit after tax corporate income": 2111,
        "Volume": 60310988,
        "Close of Quarter": 2.9,
        "EPS": 189,
        "Non-adjusted EPS": 189,
        "PE": 15.3,
        "Book Price": 10.5
      }
    },
    {
      "quarter": "Q2 2016",
      "income status": {
        "Net sales": 88699,
        "Cost of goods sold": 85096,
        "Gross Profit": 3603,
        "Financial expenses": 845,
        "Of which: Interest expense": 845,
        "Cost of sales": 513,
        "Enterprise cost management": -662,
        "Total Operating Expenses": 696,
        "Total revenue financing activities": 2708,
        "Net profit from business activities": 5292,
        "Profit": 217,
        "Profit before tax": 5510,
        "Present corporate income tax expenses": 1107,
        "Deferred income taxes expenses": "N/A",
        "The interests of minority shareholders": "N/A",
        "Total Cost of profits": 1107,
        "Profit after tax corporate income": 4403,
        "Volume": 60310988,
        "Close of Quarter": 4.3,
        "EPS": 209,
        "Non-adjusted EPS": 209,
        "PE": 20.6,
        "Book Price": 10.5
      }
    },
    {
      "quarter": "Q1 2016",
      "income status": {
        "Net sales": 34656,
        "Cost of goods sold": 28516,
        "Gross Profit": 6139,
        "Financial expenses": 760,
        "Of which: Interest expense": 760,
        "Cost of sales": 86,
        "Enterprise cost management": 1397,
        "Total Operating Expenses": 2243,
        "Total revenue financing activities": 743,
        "Net profit from business activities": 4639,
        "Profit": -91,
        "Profit before tax": 4548,
        "Present corporate income tax expenses": 910,
        "Deferred income taxes expenses": "N/A",
        "The interests of minority shareholders": "N/A",
        "Total Cost of profits": 910,
        "Profit after tax corporate income": 3638,
        "Volume": 60310988,
        "Close of Quarter": 3.3,
        "EPS": 143,
        "Non-adjusted EPS": 143,
        "PE": 23.1,
        "Book Price": 10.4
      }
    },
    {
      "quarter": "Q4 2015",
      "income status": {
        "Net sales": 84311,
        "Cost of goods sold": 82543,
        "Gross Profit": 1767,
        "Financial expenses": 1006,
        "Of which: Interest expense": 918,
        "Cost of sales": 402,
        "Enterprise cost management": 1591,
        "Total Operating Expenses": 2999,
        "Total revenue financing activities": 3038,
        "Net profit from business activities": 1806,
        "Profit": -228,
        "Profit before tax": 1578,
        "Present corporate income tax expenses": 347,
        "Deferred income taxes expenses": "N/A",
        "The interests of minority shareholders": "N/A",
        "Total Cost of profits": 347,
        "Profit after tax corporate income": 1231,
        "Volume": 60310988,
        "Close of Quarter": 3.4,
        "EPS": 134,
        "Non-adjusted EPS": 134,
        "PE": 25.4,
        "Book Price": 10.4
      }
    },
    {
      "quarter": "Q3 2015",
      "income status": {
        "Net sales": 82144,
        "Cost of goods sold": 75992,
        "Gross Profit": 6152,
        "Financial expenses": 601,
        "Of which: Interest expense": 601,
        "Cost of sales": 410,
        "Enterprise cost management": 862,
        "Total Operating Expenses": 1873,
        "Total revenue financing activities": 15,
        "Net profit from business activities": 4293,
        "Profit": -13,
        "Profit before tax": 4279,
        "Present corporate income tax expenses": 942,
        "Deferred income taxes expenses": "N/A",
        "The interests of minority shareholders": "N/A",
        "Total Cost of profits": 942,
        "Profit after tax corporate income": 3338,
        "Volume": 60310988,
        "Close of Quarter": 3.3,
        "EPS": 86,
        "Non-adjusted EPS": 86,
        "PE": 38.4,
        "Book Price": 10.3
      }
    },
    {
      "quarter": "Q2 2015",
      "income status": {
        "Net sales": 190624,
        "Cost of goods sold": 175199,
        "Gross Profit": 15425,
        "Financial expenses": 10961,
        "Of which: Interest expense": 899,
        "Cost of sales": 448,
        "Enterprise cost management": 1716,
        "Total Operating Expenses": 13125,
        "Total revenue financing activities": 52,
        "Net profit from business activities": 2352,
        "Profit": -919,
        "Profit before tax": 1433,
        "Present corporate income tax expenses": 998,
        "Deferred income taxes expenses": "N/A",
        "The interests of minority shareholders": "N/A",
        "Total Cost of profits": 998,
        "Profit after tax corporate income": 434,
        "Volume": 60310988,
        "Close of Quarter": 4.3,
        "EPS": 56,
        "Non-adjusted EPS": 56,
        "PE": 76.8,
        "Book Price": 10.3
      }
    },
    {
      "quarter": "Q1 2015",
      "income status": {
        "Net sales": 168502,
        "Cost of goods sold": 157780,
        "Gross Profit": 10722,
        "Financial expenses": 763,
        "Of which: Interest expense": 763,
        "Cost of sales": 475,
        "Enterprise cost management": 2482,
        "Total Operating Expenses": 3720,
        "Total revenue financing activities": 9,
        "Net profit from business activities": 7011,
        "Profit": -3933,
        "Profit before tax": 3078,
        "Present corporate income tax expenses": "N/A",
        "Deferred income taxes expenses": "N/A",
        "The interests of minority shareholders": "N/A",
        "Total Cost of profits": 0,
        "Profit after tax corporate income": 3078,
        "Volume": 60310988,
        "Close of Quarter": 4,
        "EPS": 61,
        "Non-adjusted EPS": 61,
        "PE": 65.6,
        "Book Price": 10.3
      }
    },
    {
      "quarter": "Q4 2014",
      "income status": {
        "Net sales": 189871,
        "Cost of goods sold": 170735,
        "Gross Profit": 19136,
        "Financial expenses": 1056,
        "Of which: Interest expense": 676,
        "Cost of sales": 208,
        "Enterprise cost management": 3430,
        "Total Operating Expenses": 4694,
        "Total revenue financing activities": 1068,
        "Net profit from business activities": 15511,
        "Profit": -17165,
        "Profit before tax": -1654,
        "Present corporate income tax expenses": "N/A",
        "Deferred income taxes expenses": "N/A",
        "The interests of minority shareholders": "N/A",
        "Total Cost of profits": 0,
        "Profit after tax corporate income": -1654,
        "Volume": 38310988,
        "Close of Quarter": 5.3,
        "EPS": 30.5,
        "Non-adjusted EPS": 48,
        "PE": 110.4,
        "Book Price": 10.2
      }
    },
    {
      "quarter": "Q3 2014",
      "income status": {
        "Net sales": 19381,
        "Cost of goods sold": 16094,
        "Gross Profit": 3287,
        "Financial expenses": 839,
        "Of which: Interest expense": 839,
        "Cost of sales": 1248,
        "Enterprise cost management": 732,
        "Total Operating Expenses": 2819,
        "Total revenue financing activities": 1045,
        "Net profit from business activities": 1512,
        "Profit": -1,
        "Profit before tax": 1512,
        "Present corporate income tax expenses": "N/A",
        "Deferred income taxes expenses": "N/A",
        "The interests of minority shareholders": "N/A",
        "Total Cost of profits": 0,
        "Profit after tax corporate income": 1512,
        "Volume": 38310988,
        "Close of Quarter": 5.8,
        "EPS": 103.5,
        "Non-adjusted EPS": 163,
        "PE": 35.6,
        "Book Price": 6.6
      }
    },
    {
      "quarter": "Q2 2014",
      "income status": {
        "Net sales": 20718,
        "Cost of goods sold": 18326,
        "Gross Profit": 2392,
        "Financial expenses": 1134,
        "Of which: Interest expense": 891,
        "Cost of sales": 508,
        "Enterprise cost management": 1051,
        "Total Operating Expenses": 2693,
        "Total revenue financing activities": 1049,
        "Net profit from business activities": 748,
        "Profit": -31,
        "Profit before tax": 718,
        "Present corporate income tax expenses": "N/A",
        "Deferred income taxes expenses": "N/A",
        "The interests of minority shareholders": "N/A",
        "Total Cost of profits": 0,
        "Profit after tax corporate income": 718,
        "Volume": 38310988,
        "Close of Quarter": 5.8,
        "EPS": 80.7,
        "Non-adjusted EPS": 127,
        "PE": 45.7,
        "Book Price": 6.5
      }
    },
    {
      "quarter": "Q1 2014",
      "income status": {
        "Net sales": 21918,
        "Cost of goods sold": 16835,
        "Gross Profit": 5082,
        "Financial expenses": 1095,
        "Of which: Interest expense": 1095,
        "Cost of sales": 3077,
        "Enterprise cost management": 682,
        "Total Operating Expenses": 4854,
        "Total revenue financing activities": 1023,
        "Net profit from business activities": 1251,
        "Profit": "N/A",
        "Profit before tax": 1251,
        "Present corporate income tax expenses": "N/A",
        "Deferred income taxes expenses": "N/A",
        "The interests of minority shareholders": "N/A",
        "Total Cost of profits": 0,
        "Profit after tax corporate income": 1251,
        "Volume": 38310988,
        "Close of Quarter": 7.7,
        "EPS": 75.6,
        "Non-adjusted EPS": 119,
        "PE": 64.7,
        "Book Price": 6.5
      }
    },
    {
      "quarter": "Q4 2013",
      "income status": {
        "Net sales": 50636,
        "Cost of goods sold": 45137,
        "Gross Profit": 5498,
        "Financial expenses": -1919,
        "Of which: Interest expense": 1666,
        "Cost of sales": 3631,
        "Enterprise cost management": 1904,
        "Total Operating Expenses": 3616,
        "Total revenue financing activities": 1125,
        "Net profit from business activities": 3008,
        "Profit": -242,
        "Profit before tax": 2765,
        "Present corporate income tax expenses": "N/A",
        "Deferred income taxes expenses": "N/A",
        "The interests of minority shareholders": -5,
        "Total Cost of profits": -5,
        "Profit after tax corporate income": 2770,
        "Volume": 34772988,
        "Close of Quarter": 3.9,
        "EPS": 58.2,
        "Non-adjusted EPS": 101,
        "PE": 38.6,
        "Book Price": 6.4
      }
    },
    {
      "quarter": "Q3 2013",
      "income status": {
        "Net sales": 45679,
        "Cost of goods sold": 41249,
        "Gross Profit": 4430,
        "Financial expenses": 2425,
        "Of which: Interest expense": 1571,
        "Cost of sales": 2130,
        "Enterprise cost management": 980,
        "Total Operating Expenses": 5535,
        "Total revenue financing activities": 1199,
        "Net profit from business activities": 94,
        "Profit": -61,
        "Profit before tax": 33,
        "Present corporate income tax expenses": 33,
        "Deferred income taxes expenses": "N/A",
        "The interests of minority shareholders": -125,
        "Total Cost of profits": -92,
        "Profit after tax corporate income": 126,
        "Volume": 34772988,
        "Close of Quarter": 2.5,
        "EPS": -62.3,
        "Non-adjusted EPS": -108,
        "PE": -23.2,
        "Book Price": 6.2
      }
    },
    {
      "quarter": "Q2 2013",
      "income status": {
        "Net sales": 38788,
        "Cost of goods sold": 36542,
        "Gross Profit": 2246,
        "Financial expenses": 1777,
        "Of which: Interest expense": 1760,
        "Cost of sales": 2275,
        "Enterprise cost management": 1035,
        "Total Operating Expenses": 5087,
        "Total revenue financing activities": 2422,
        "Net profit from business activities": -419,
        "Profit": 691,
        "Profit before tax": 272,
        "Present corporate income tax expenses": "N/A",
        "Deferred income taxes expenses": "N/A",
        "The interests of minority shareholders": -133,
        "Total Cost of profits": -133,
        "Profit after tax corporate income": 405,
        "Volume": 34772988,
        "Close of Quarter": 3,
        "EPS": -82.5,
        "Non-adjusted EPS": -143,
        "PE": -21.0,
        "Book Price": 6.2
      }
    },
    {
      "quarter": "Q1 2013",
      "income status": {
        "Net sales": 18304,
        "Cost of goods sold": 15759,
        "Gross Profit": 2544,
        "Financial expenses": 1564,
        "Of which: Interest expense": 1564,
        "Cost of sales": 137,
        "Enterprise cost management": 936,
        "Total Operating Expenses": 2637,
        "Total revenue financing activities": 177,
        "Net profit from business activities": 83,
        "Profit": "N/A",
        "Profit before tax": 83,
        "Present corporate income tax expenses": "N/A",
        "Deferred income taxes expenses": "N/A",
        "The interests of minority shareholders": -121,
        "Total Cost of profits": -121,
        "Profit after tax corporate income": 204,
        "Volume": 34772988,
        "Close of Quarter": 3.4,
        "EPS": -117.6,
        "Non-adjusted EPS": -204,
        "PE": -16.7,
        "Book Price": 6.2
      }
    },
    {
      "quarter": "Q4 2012",
      "income status": {
        "Net sales": 12150,
        "Cost of goods sold": 9311,
        "Gross Profit": 2838,
        "Financial expenses": 1602,
        "Of which: Interest expense": 4387,
        "Cost of sales": 317,
        "Enterprise cost management": 2264,
        "Total Operating Expenses": 4183,
        "Total revenue financing activities": 2693,
        "Net profit from business activities": 1349,
        "Profit": -6511,
        "Profit before tax": -5162,
        "Present corporate income tax expenses": -402,
        "Deferred income taxes expenses": "N/A",
        "The interests of minority shareholders": -252,
        "Total Cost of profits": -654,
        "Profit after tax corporate income": -4507,
        "Volume": 33500000,
        "Close of Quarter": 3.6,
        "EPS": -118.9,
        "Non-adjusted EPS": -214,
        "PE": -16.8,
        "Book Price": 6.2
      }
    },
    {
      "quarter": "Q3 2012",
      "income status": {
        "Net sales": 28539,
        "Cost of goods sold": 25881,
        "Gross Profit": 2659,
        "Financial expenses": 2961,
        "Of which: Interest expense": 176,
        "Cost of sales": 51,
        "Enterprise cost management": 1347,
        "Total Operating Expenses": 4359,
        "Total revenue financing activities": 374,
        "Net profit from business activities": -1327,
        "Profit": "N/A",
        "Profit before tax": -1327,
        "Present corporate income tax expenses": "N/A",
        "Deferred income taxes expenses": "N/A",
        "The interests of minority shareholders": -263,
        "Total Cost of profits": -263,
        "Profit after tax corporate income": -1064,
        "Volume": 33500000,
        "Close of Quarter": 3.5,
        "EPS": 45.6,
        "Non-adjusted EPS": 82,
        "PE": 42.7,
        "Book Price": 6.3
      }
    },
    {
      "quarter": "Q2 2012",
      "income status": {
        "Net sales": 60647,
        "Cost of goods sold": 56295,
        "Gross Profit": 4351,
        "Financial expenses": 4888,
        "Of which: Interest expense": 4888,
        "Cost of sales": 122,
        "Enterprise cost management": 2310,
        "Total Operating Expenses": 7320,
        "Total revenue financing activities": 2181,
        "Net profit from business activities": -788,
        "Profit": -100,
        "Profit before tax": -887,
        "Present corporate income tax expenses": 274,
        "Deferred income taxes expenses": "N/A",
        "The interests of minority shareholders": 582,
        "Total Cost of profits": 856,
        "Profit after tax corporate income": -1743,
        "Volume": 33500000,
        "Close of Quarter": 5.2,
        "EPS": 60.0,
        "Non-adjusted EPS": 108,
        "PE": 48.2,
        "Book Price": 6.2
      }
    },
    {
      "quarter": "Q1 2012",
      "income status": {
        "Net sales": 15782,
        "Cost of goods sold": 11174,
        "Gross Profit": 4607,
        "Financial expenses": 2180,
        "Of which: Interest expense": 2180,
        "Cost of sales": 63,
        "Enterprise cost management": 1441,
        "Total Operating Expenses": 3684,
        "Total revenue financing activities": 111,
        "Net profit from business activities": 1035,
        "Profit": -818,
        "Profit before tax": 217,
        "Present corporate income tax expenses": 128,
        "Deferred income taxes expenses": "N/A",
        "The interests of minority shareholders": -65,
        "Total Cost of profits": 63,
        "Profit after tax corporate income": 154,
        "Volume": 33500000,
        "Close of Quarter": 5.6,
        "EPS": 140.0,
        "Non-adjusted EPS": 252,
        "PE": 22.2,
        "Book Price": 6.4
      }
    },
    {
      "quarter": "Q4 2011",
      "income status": {
        "Net sales": 87859,
        "Cost of goods sold": 83407,
        "Gross Profit": 4453,
        "Financial expenses": 4803,
        "Of which: Interest expense": 7551,
        "Cost of sales": 98,
        "Enterprise cost management": 2632,
        "Total Operating Expenses": 7533,
        "Total revenue financing activities": 7523,
        "Net profit from business activities": 4443,
        "Profit": 87,
        "Profit before tax": 15758,
        "Present corporate income tax expenses": 355,
        "Deferred income taxes expenses": "N/A",
        "The interests of minority shareholders": -1225,
        "Total Cost of profits": -870,
        "Profit after tax corporate income": 5400,
        "Volume": 33500000,
        "Close of Quarter": 3.7,
        "EPS": 225.5,
        "Non-adjusted EPS": 406,
        "PE": 9.1,
        "Book Price": 6.3
      }
    },
    {
      "quarter": "Q3 2011",
      "income status": {
        "Net sales": 73612,
        "Cost of goods sold": 67754,
        "Gross Profit": 5858,
        "Financial expenses": 5048,
        "Of which: Interest expense": 4990,
        "Cost of sales": 780,
        "Enterprise cost management": 3224,
        "Total Operating Expenses": 9052,
        "Total revenue financing activities": 1887,
        "Net profit from business activities": -1308,
        "Profit": 1423,
        "Profit before tax": 11229,
        "Present corporate income tax expenses": 325,
        "Deferred income taxes expenses": "N/A",
        "The interests of minority shareholders": -6,
        "Total Cost of profits": 319,
        "Profit after tax corporate income": -203,
        "Volume": 33500000,
        "Close of Quarter": 7.2,
        "EPS": 144.4,
        "Non-adjusted EPS": 260,
        "PE": 27.8,
        "Book Price": 6.3
      }
    },
    {
      "quarter": "Q2 2011",
      "income status": {
        "Net sales": 165223,
        "Cost of goods sold": 155468,
        "Gross Profit": 9755,
        "Financial expenses": 6307,
        "Of which: Interest expense": 4143,
        "Cost of sales": 1654,
        "Enterprise cost management": 2690,
        "Total Operating Expenses": 10651,
        "Total revenue financing activities": 3192,
        "Net profit from business activities": 2295,
        "Profit": 1700,
        "Profit before tax": 3996,
        "Present corporate income tax expenses": 1108,
        "Deferred income taxes expenses": "N/A",
        "The interests of minority shareholders": -203,
        "Total Cost of profits": 905,
        "Profit after tax corporate income": 3091,
        "Volume": 33500000,
        "Close of Quarter": 7.5,
        "EPS": 281.6,
        "Non-adjusted EPS": 507,
        "PE": 14.8,
        "Book Price": 6.3
      }
    },
    {
      "quarter": "Q1 2011",
      "income status": {
        "Net sales": 98745,
        "Cost of goods sold": 84336,
        "Gross Profit": 14409,
        "Financial expenses": 5023,
        "Of which: Interest expense": 5023,
        "Cost of sales": 572,
        "Enterprise cost management": 1886,
        "Total Operating Expenses": 7481,
        "Total revenue financing activities": 189,
        "Net profit from business activities": 7118,
        "Profit": "N/A",
        "Profit before tax": 7118,
        "Present corporate income tax expenses": 2000,
        "Deferred income taxes expenses": "N/A",
        "The interests of minority shareholders": -190,
        "Total Cost of profits": 1810,
        "Profit after tax corporate income": 5308,
        "Volume": 16375278,
        "Close of Quarter": 11.9,
        "EPS": 333.4,
        "Non-adjusted EPS": 1228,
        "PE": 9.7,
        "Book Price": 5.2
      }
    },
    {
      "quarter": "Q4 2010",
      "income status": {
        "Net sales": 174530,
        "Cost of goods sold": 165144,
        "Gross Profit": 9386,
        "Financial expenses": 4745,
        "Of which: Interest expense": 3211,
        "Cost of sales": 742,
        "Enterprise cost management": 3496,
        "Total Operating Expenses": 8983,
        "Total revenue financing activities": 1381,
        "Net profit from business activities": 1783,
        "Profit": 240,
        "Profit before tax": 616,
        "Present corporate income tax expenses": 345,
        "Deferred income taxes expenses": "N/A",
        "The interests of minority shareholders": -232,
        "Total Cost of profits": 113,
        "Profit after tax corporate income": 503,
        "Volume": 16375278,
        "Close of Quarter": 14.1,
        "EPS": 259.6,
        "Non-adjusted EPS": 956,
        "PE": 14.7,
        "Book Price": 3.3
      }
    },
    {
      "quarter": "Q3 2010",
      "income status": {
        "Net sales": 105138,
        "Cost of goods sold": 90229,
        "Gross Profit": 14909,
        "Financial expenses": 2476,
        "Of which: Interest expense": 2476,
        "Cost of sales": 181,
        "Enterprise cost management": 1057,
        "Total Operating Expenses": 3714,
        "Total revenue financing activities": 543,
        "Net profit from business activities": 11737,
        "Profit": -78,
        "Profit before tax": 11659,
        "Present corporate income tax expenses": 2922,
        "Deferred income taxes expenses": "N/A",
        "The interests of minority shareholders": 645,
        "Total Cost of profits": 3567,
        "Profit after tax corporate income": 8092,
        "Volume": 15721403,
        "Close of Quarter": 18.3,
        "EPS": 289.1,
        "Non-adjusted EPS": 1109,
        "PE": 16.5,
        "Book Price": 3.3
      }
    },
    {
      "quarter": "Q2 2010",
      "income status": {
        "Net sales": 46250,
        "Cost of goods sold": 35718,
        "Gross Profit": 10532,
        "Financial expenses": 1205,
        "Of which: Interest expense": 1205,
        "Cost of sales": 279,
        "Enterprise cost management": 903,
        "Total Operating Expenses": 2387,
        "Total revenue financing activities": 179,
        "Net profit from business activities": 8324,
        "Profit": -59,
        "Profit before tax": 8265,
        "Present corporate income tax expenses": 2066,
        "Deferred income taxes expenses": "N/A",
        "The interests of minority shareholders": "N/A",
        "Total Cost of profits": 2066,
        "Profit after tax corporate income": 6198,
        "Volume": 5448956,
        "Close of Quarter": 20.9,
        "EPS": 229.8,
        "Non-adjusted EPS": 2543,
        "PE": 8.2,
        "Book Price": 3.2
      }
    },
    {
      "quarter": "Q1 2010",
      "income status": {
        "Net sales": 4005,
        "Cost of goods sold": 1629,
        "Gross Profit": 2376,
        "Financial expenses": 630,
        "Of which: Interest expense": "N/A",
        "Cost of sales": 276,
        "Enterprise cost management": 389,
        "Total Operating Expenses": 1295,
        "Total revenue financing activities": 3,
        "Net profit from business activities": 1085,
        "Profit": 57,
        "Profit before tax": 1141,
        "Present corporate income tax expenses": 285,
        "Deferred income taxes expenses": "N/A",
        "The interests of minority shareholders": "N/A",
        "Total Cost of profits": 285,
        "Profit after tax corporate income": 856,
        "Volume": 2724478,
        "Close of Quarter": 17.7,
        "EPS": 153.9,
        "Non-adjusted EPS": 3406,
        "PE": 5.2,
        "Book Price": 0.9
      }
    },
    {
      "quarter": "Q4 2009",
      "income status": {
        "Net sales": 51755,
        "Cost of goods sold": 45536,
        "Gross Profit": 6219,
        "Financial expenses": 676,
        "Of which: Interest expense": "N/A",
        "Cost of sales": 287,
        "Enterprise cost management": 3227,
        "Total Operating Expenses": 4190,
        "Total revenue financing activities": 12,
        "Net profit from business activities": 2041,
        "Profit": "N/A",
        "Profit before tax": 2041,
        "Present corporate income tax expenses": -248,
        "Deferred income taxes expenses": "N/A",
        "The interests of minority shareholders": "N/A",
        "Total Cost of profits": -248,
        "Profit after tax corporate income": 2289,
        "Volume": 2724478,
        "Close of Quarter": 11.1,
        "EPS": 143.7,
        "Non-adjusted EPS": 3180,
        "PE": 3.5,
        "Book Price": 0.8
      }
    },
    {
      "quarter": "Q3 2009",
      "income status": {
        "Net sales": 45986,
        "Cost of goods sold": 38861,
        "Gross Profit": 7125,
        "Financial expenses": 405,
        "Of which: Interest expense": "N/A",
        "Cost of sales": 37,
        "Enterprise cost management": 672,
        "Total Operating Expenses": 1114,
        "Total revenue financing activities": 6,
        "Net profit from business activities": 6017,
        "Profit": "N/A",
        "Profit before tax": 6017,
        "Present corporate income tax expenses": 1504,
        "Deferred income taxes expenses": "N/A",
        "The interests of minority shareholders": "N/A",
        "Total Cost of profits": 1504,
        "Profit after tax corporate income": 4513,
        "Volume": 2724478,
        "Close of Quarter": 11.1,
        "EPS": 79.9,
        "Non-adjusted EPS": 1768,
        "PE": 6.3,
        "Book Price": 0.6
      }
    },
    {
      "quarter": "Q2 2009",
      "income status": {
        "Net sales": 10622,
        "Cost of goods sold": 7592,
        "Gross Profit": 3030,
        "Financial expenses": 206,
        "Of which: Interest expense": "N/A",
        "Cost of sales": 6,
        "Enterprise cost management": 657,
        "Total Operating Expenses": 869,
        "Total revenue financing activities": 1,
        "Net profit from business activities": 2162,
        "Profit": "N/A",
        "Profit before tax": 2162,
        "Present corporate income tax expenses": 540,
        "Deferred income taxes expenses": "N/A",
        "The interests of minority shareholders": "N/A",
        "Total Cost of profits": 540,
        "Profit after tax corporate income": 1621,
        "Volume": 2724478,
        "Close of Quarter": 5.9,
        "EPS": 21.9,
        "Non-adjusted EPS": 485,
        "PE": 12.2,
        "Book Price": 0.5
      }
    },
    {
      "quarter": "Q1 2009",
      "income status": {
        "Net sales": 4500,
        "Cost of goods sold": 3190,
        "Gross Profit": 1310,
        "Financial expenses": 503,
        "Of which: Interest expense": "N/A",
        "Cost of sales": 18,
        "Enterprise cost management": 511,
        "Total Operating Expenses": 1032,
        "Total revenue financing activities": 1,
        "Net profit from business activities": 279,
        "Profit": -39,
        "Profit before tax": 240,
        "Present corporate income tax expenses": "N/A",
        "Deferred income taxes expenses": "N/A",
        "The interests of minority shareholders": "N/A",
        "Total Cost of profits": 0,
        "Profit after tax corporate income": 240,
        "Volume": 2724478,
        "Close of Quarter": 3.3,
        "EPS": 7.1,
        "Non-adjusted EPS": 156,
        "PE": 21.4,
        "Book Price": 0.5
      }
    },
    {
      "quarter": "Q4 2008",
      "income status": {
        "Net sales": 14158,
        "Cost of goods sold": 12385,
        "Gross Profit": 1773,
        "Financial expenses": 938,
        "Of which: Interest expense": "N/A",
        "Cost of sales": 760,
        "Enterprise cost management": 1461,
        "Total Operating Expenses": 3159,
        "Total revenue financing activities": 90,
        "Net profit from business activities": -1297,
        "Profit": -259,
        "Profit before tax": -1556,
        "Present corporate income tax expenses": "N/A",
        "Deferred income taxes expenses": "N/A",
        "The interests of minority shareholders": "N/A",
        "Total Cost of profits": 0,
        "Profit after tax corporate income": -1556,
        "Volume": 2724478,
        "Close of Quarter": 4.9,
        "EPS": 14.6,
        "Non-adjusted EPS": 323,
        "PE": 15.3,
        "Book Price": 0.5
      }
    },
    {
      "quarter": "Q3 2008",
      "income status": {
        "Net sales": 23527,
        "Cost of goods sold": 20687,
        "Gross Profit": 2840,
        "Financial expenses": 686,
        "Of which: Interest expense": "N/A",
        "Cost of sales": 36,
        "Enterprise cost management": 378,
        "Total Operating Expenses": 1100,
        "Total revenue financing activities": 2,
        "Net profit from business activities": 1742,
        "Profit": -331,
        "Profit before tax": 1412,
        "Present corporate income tax expenses": 395,
        "Deferred income taxes expenses": "N/A",
        "The interests of minority shareholders": "N/A",
        "Total Cost of profits": 395,
        "Profit after tax corporate income": 1016,
        "Volume": 2724478,
        "Close of Quarter": 6.2,
        "EPS": 52.0,
        "Non-adjusted EPS": 1152,
        "PE": 5.4,
        "Book Price": 0.5
      }
    },
    {
      "quarter": "Q2 2008",
      "income status": {
        "Net sales": 9306,
        "Cost of goods sold": 7204,
        "Gross Profit": 2103,
        "Financial expenses": 928,
        "Of which: Interest expense": "N/A",
        "Cost of sales": 16,
        "Enterprise cost management": 491,
        "Total Operating Expenses": 1435,
        "Total revenue financing activities": 3,
        "Net profit from business activities": 671,
        "Profit": 334,
        "Profit before tax": 1005,
        "Present corporate income tax expenses": 281,
        "Deferred income taxes expenses": "N/A",
        "The interests of minority shareholders": "N/A",
        "Total Cost of profits": 281,
        "Profit after tax corporate income": 724,
        "Volume": 2000000,
        "Close of Quarter": 4.7,
        "EPS": 35.2,
        "Non-adjusted EPS": 1061,
        "PE": 4.5,
        "Book Price": 0.4
      }
    },
    {
      "quarter": "Q1 2008",
      "income status": {
        "Net sales": 6026,
        "Cost of goods sold": 4345,
        "Gross Profit": 1681,
        "Financial expenses": 380,
        "Of which: Interest expense": 380,
        "Cost of sales": 140,
        "Enterprise cost management": 319,
        "Total Operating Expenses": 839,
        "Total revenue financing activities": 1,
        "Net profit from business activities": 844,
        "Profit": "N/A",
        "Profit before tax": 844,
        "Present corporate income tax expenses": 236,
        "Deferred income taxes expenses": -87,
        "The interests of minority shareholders": "N/A",
        "Total Cost of profits": 149,
        "Profit after tax corporate income": 695,
        "Volume": 2000000,
        "Close of Quarter": 8.2,
        "EPS": 23.2,
        "Non-adjusted EPS": 699,
        "PE": 11.8,
        "Book Price": 0.4
      }
    },
    {
      "quarter": "Q4 2007",
      "income status": {
        "Net sales": 12687,
        "Cost of goods sold": 9708,
        "Gross Profit": 2979,
        "Financial expenses": 531,
        "Of which: Interest expense": "N/A",
        "Cost of sales": 213,
        "Enterprise cost management": 1282,
        "Total Operating Expenses": 2026,
        "Total revenue financing activities": 24,
        "Net profit from business activities": 976,
        "Profit": "N/A",
        "Profit before tax": 976,
        "Present corporate income tax expenses": 273,
        "Deferred income taxes expenses": "N/A",
        "The interests of minority shareholders": "N/A",
        "Total Cost of profits": 273,
        "Profit after tax corporate income": 703,
        "Volume": 2000000,
        "Close of Quarter": 26.1,
        "EPS": 11.7,
        "Non-adjusted EPS": 352,
        "PE": 74.1,
        "Book Price": 0.4
      }
    }
  ]
}