{
  "ticker": "VID",
  "data": [
    {
      "quarter": "Q1 2017",
      "income status": {
        "Net sales": 96893,
        "Cost of goods sold": 98521,
        "Gross Profit": -1627,
        "Financial expenses": 24975,
        "Of which: Interest expense": 1774,
        "Cost of sales": 513,
        "Enterprise cost management": 4814,
        "Total Operating Expenses": 30302,
        "Total revenue financing activities": 152169,
        "Net profit from business activities": 120239,
        "Profit": 24,
        "Profit before tax": 120263,
        "Present corporate income tax expenses": 23359,
        "Deferred income taxes expenses": "N/A",
        "The interests of minority shareholders": 1418,
        "Total Cost of profits": 24777,
        "Profit after tax corporate income": 95485,
        "Volume": 25522767,
        "Close of Quarter": 4.3,
        "EPS": 3997,
        "Non-adjusted EPS": 3997,
        "PE": 1.1,
        "Book Price": 17
      }
    },
    {
      "quarter": "Q4 2016",
      "income status": {
        "Net sales": 43121,
        "Cost of goods sold": 42625,
        "Gross Profit": 497,
        "Financial expenses": 2068,
        "Of which: Interest expense": "N/A",
        "Cost of sales": 140,
        "Enterprise cost management": -7591,
        "Total Operating Expenses": -5383,
        "Total revenue financing activities": 2392,
        "Net profit from business activities": 8271,
        "Profit": -3203,
        "Profit before tax": 5068,
        "Present corporate income tax expenses": 101,
        "Deferred income taxes expenses": "N/A",
        "The interests of minority shareholders": "N/A",
        "Total Cost of profits": 101,
        "Profit after tax corporate income": 4967,
        "Volume": 25522767,
        "Close of Quarter": 3.9,
        "EPS": 283,
        "Non-adjusted EPS": 283,
        "PE": 13.8,
        "Book Price": 12.7
      }
    },
    {
      "quarter": "Q3 2016",
      "income status": {
        "Net sales": 7464,
        "Cost of goods sold": 7095,
        "Gross Profit": 370,
        "Financial expenses": -10486,
        "Of which: Interest expense": -680,
        "Cost of sales": 242,
        "Enterprise cost management": 10842,
        "Total Operating Expenses": 598,
        "Total revenue financing activities": 623,
        "Net profit from business activities": 395,
        "Profit": -43,
        "Profit before tax": 352,
        "Present corporate income tax expenses": 80,
        "Deferred income taxes expenses": "N/A",
        "The interests of minority shareholders": "N/A",
        "Total Cost of profits": 80,
        "Profit after tax corporate income": 272,
        "Volume": 25522767,
        "Close of Quarter": 4.3,
        "EPS": 319,
        "Non-adjusted EPS": 319,
        "PE": 13.5,
        "Book Price": 11.6
      }
    },
    {
      "quarter": "Q2 2016",
      "income status": {
        "Net sales": 19262,
        "Cost of goods sold": 16465,
        "Gross Profit": 2797,
        "Financial expenses": 11647,
        "Of which: Interest expense": 1781,
        "Cost of sales": 355,
        "Enterprise cost management": -8556,
        "Total Operating Expenses": 3446,
        "Total revenue financing activities": 1,
        "Net profit from business activities": -648,
        "Profit": 3133,
        "Profit before tax": 2486,
        "Present corporate income tax expenses": 1194,
        "Deferred income taxes expenses": "N/A",
        "The interests of minority shareholders": "N/A",
        "Total Cost of profits": 1194,
        "Profit after tax corporate income": 1291,
        "Volume": 25522767,
        "Close of Quarter": 4.2,
        "EPS": 984,
        "Non-adjusted EPS": 984,
        "PE": 4.3,
        "Book Price": 11.5
      }
    },
    {
      "quarter": "Q1 2016",
      "income status": {
        "Net sales": 6839,
        "Cost of goods sold": 5394,
        "Gross Profit": 1445,
        "Financial expenses": 2968,
        "Of which: Interest expense": 2968,
        "Cost of sales": 405,
        "Enterprise cost management": 1586,
        "Total Operating Expenses": 4959,
        "Total revenue financing activities": 588,
        "Net profit from business activities": -2926,
        "Profit": 3670,
        "Profit before tax": 745,
        "Present corporate income tax expenses": 58,
        "Deferred income taxes expenses": "N/A",
        "The interests of minority shareholders": "N/A",
        "Total Cost of profits": 58,
        "Profit after tax corporate income": 687,
        "Volume": 25522767,
        "Close of Quarter": 4.7,
        "EPS": 944,
        "Non-adjusted EPS": 944,
        "PE": 5.0,
        "Book Price": 11.5
      }
    },
    {
      "quarter": "Q4 2015",
      "income status": {
        "Net sales": 6994,
        "Cost of goods sold": 8003,
        "Gross Profit": -1009,
        "Financial expenses": -10467,
        "Of which: Interest expense": 1579,
        "Cost of sales": 415,
        "Enterprise cost management": 1625,
        "Total Operating Expenses": -8427,
        "Total revenue financing activities": 59,
        "Net profit from business activities": 7476,
        "Profit": 109,
        "Profit before tax": 7585,
        "Present corporate income tax expenses": 1688,
        "Deferred income taxes expenses": "N/A",
        "The interests of minority shareholders": "N/A",
        "Total Cost of profits": 1688,
        "Profit after tax corporate income": 5897,
        "Volume": 25522767,
        "Close of Quarter": 6,
        "EPS": 600,
        "Non-adjusted EPS": 600,
        "PE": 10,
        "Book Price": 11.7
      }
    },
    {
      "quarter": "Q3 2015",
      "income status": {
        "Net sales": 75640,
        "Cost of goods sold": 87907,
        "Gross Profit": -12268,
        "Financial expenses": 35994,
        "Of which: Interest expense": 1615,
        "Cost of sales": 409,
        "Enterprise cost management": 15507,
        "Total Operating Expenses": 51910,
        "Total revenue financing activities": 85946,
        "Net profit from business activities": 21769,
        "Profit": -65,
        "Profit before tax": 21704,
        "Present corporate income tax expenses": 4473,
        "Deferred income taxes expenses": "N/A",
        "The interests of minority shareholders": "N/A",
        "Total Cost of profits": 4473,
        "Profit after tax corporate income": 17232,
        "Volume": 25522767,
        "Close of Quarter": 8.4,
        "EPS": 1791,
        "Non-adjusted EPS": 1791,
        "PE": 4.7,
        "Book Price": 11.5
      }
    },
    {
      "quarter": "Q2 2015",
      "income status": {
        "Net sales": 16450,
        "Cost of goods sold": 17831,
        "Gross Profit": -1381,
        "Financial expenses": -150,
        "Of which: Interest expense": 1633,
        "Cost of sales": 450,
        "Enterprise cost management": -605,
        "Total Operating Expenses": -305,
        "Total revenue financing activities": 172,
        "Net profit from business activities": -904,
        "Profit": 1172,
        "Profit before tax": 268,
        "Present corporate income tax expenses": "N/A",
        "Deferred income taxes expenses": "N/A",
        "The interests of minority shareholders": "N/A",
        "Total Cost of profits": 0,
        "Profit after tax corporate income": 268,
        "Volume": 25522767,
        "Close of Quarter": 4.6,
        "EPS": 1009,
        "Non-adjusted EPS": 1009,
        "PE": 4.6,
        "Book Price": 10.8
      }
    },
    {
      "quarter": "Q1 2015",
      "income status": {
        "Net sales": 24415,
        "Cost of goods sold": 27946,
        "Gross Profit": -3531,
        "Financial expenses": 2226,
        "Of which: Interest expense": 2226,
        "Cost of sales": 346,
        "Enterprise cost management": 1838,
        "Total Operating Expenses": 4410,
        "Total revenue financing activities": 921,
        "Net profit from business activities": -7021,
        "Profit": -1068,
        "Profit before tax": -8089,
        "Present corporate income tax expenses": "N/A",
        "Deferred income taxes expenses": "N/A",
        "The interests of minority shareholders": "N/A",
        "Total Cost of profits": 0,
        "Profit after tax corporate income": -8089,
        "Volume": 25522767,
        "Close of Quarter": 4.6,
        "EPS": -23,
        "Non-adjusted EPS": -23,
        "PE": -200,
        "Book Price": 10.8
      }
    },
    {
      "quarter": "Q4 2014",
      "income status": {
        "Net sales": 8218,
        "Cost of goods sold": 7735,
        "Gross Profit": 484,
        "Financial expenses": 22683,
        "Of which: Interest expense": 4819,
        "Cost of sales": 333,
        "Enterprise cost management": -1451,
        "Total Operating Expenses": 21565,
        "Total revenue financing activities": 56921,
        "Net profit from business activities": 35839,
        "Profit": 466,
        "Profit before tax": 36305,
        "Present corporate income tax expenses": "N/A",
        "Deferred income taxes expenses": "N/A",
        "The interests of minority shareholders": "N/A",
        "Total Cost of profits": 0,
        "Profit after tax corporate income": 36305,
        "Volume": 25522767,
        "Close of Quarter": 4.1,
        "EPS": 300,
        "Non-adjusted EPS": 300,
        "PE": 13.7,
        "Book Price": 11
      }
    },
    {
      "quarter": "Q3 2014",
      "income status": {
        "Net sales": 21372,
        "Cost of goods sold": 21978,
        "Gross Profit": -606,
        "Financial expenses": 1575,
        "Of which: Interest expense": 1553,
        "Cost of sales": 384,
        "Enterprise cost management": 1749,
        "Total Operating Expenses": 3708,
        "Total revenue financing activities": 1092,
        "Net profit from business activities": -3223,
        "Profit": 488,
        "Profit before tax": -2734,
        "Present corporate income tax expenses": "N/A",
        "Deferred income taxes expenses": "N/A",
        "The interests of minority shareholders": "N/A",
        "Total Cost of profits": 0,
        "Profit after tax corporate income": -2734,
        "Volume": 25522767,
        "Close of Quarter": 4.2,
        "EPS": 1853,
        "Non-adjusted EPS": 1853,
        "PE": 2.3,
        "Book Price": 9.7
      }
    },
    {
      "quarter": "Q2 2014",
      "income status": {
        "Net sales": 11009,
        "Cost of goods sold": 9107,
        "Gross Profit": 1902,
        "Financial expenses": 1561,
        "Of which: Interest expense": 2440,
        "Cost of sales": 437,
        "Enterprise cost management": 26596,
        "Total Operating Expenses": 28594,
        "Total revenue financing activities": 1,
        "Net profit from business activities": -26691,
        "Profit": 704,
        "Profit before tax": -25986,
        "Present corporate income tax expenses": 83,
        "Deferred income taxes expenses": "N/A",
        "The interests of minority shareholders": "N/A",
        "Total Cost of profits": 83,
        "Profit after tax corporate income": -26070,
        "Volume": 25522767,
        "Close of Quarter": 4.6,
        "EPS": 1853,
        "Non-adjusted EPS": 1853,
        "PE": 2.5,
        "Book Price": 9.8
      }
    },
    {
      "quarter": "Q1 2014",
      "income status": {
        "Net sales": 49696,
        "Cost of goods sold": 49240,
        "Gross Profit": 457,
        "Financial expenses": 549,
        "Of which: Interest expense": 540,
        "Cost of sales": 491,
        "Enterprise cost management": 1825,
        "Total Operating Expenses": 2865,
        "Total revenue financing activities": 2344,
        "Net profit from business activities": -64,
        "Profit": 219,
        "Profit before tax": 155,
        "Present corporate income tax expenses": "N/A",
        "Deferred income taxes expenses": "N/A",
        "The interests of minority shareholders": "N/A",
        "Total Cost of profits": 0,
        "Profit after tax corporate income": 155,
        "Volume": 25522767,
        "Close of Quarter": 6.2,
        "EPS": 815,
        "Non-adjusted EPS": 815,
        "PE": 7.6,
        "Book Price": 10.9
      }
    },
    {
      "quarter": "Q4 2013",
      "income status": {
        "Net sales": 28127,
        "Cost of goods sold": 33050,
        "Gross Profit": -4922,
        "Financial expenses": 90620,
        "Of which: Interest expense": 7287,
        "Cost of sales": -796,
        "Enterprise cost management": -40969,
        "Total Operating Expenses": 48855,
        "Total revenue financing activities": 130408,
        "Net profit from business activities": 76631,
        "Profit": -1825,
        "Profit before tax": 74806,
        "Present corporate income tax expenses": -1133,
        "Deferred income taxes expenses": "N/A",
        "The interests of minority shareholders": "N/A",
        "Total Cost of profits": -1133,
        "Profit after tax corporate income": 75939,
        "Volume": 25522767,
        "Close of Quarter": 4,
        "EPS": 883,
        "Non-adjusted EPS": 883,
        "PE": 4.5,
        "Book Price": 10.8
      }
    },
    {
      "quarter": "Q3 2013",
      "income status": {
        "Net sales": 62809,
        "Cost of goods sold": 51288,
        "Gross Profit": 11521,
        "Financial expenses": 14797,
        "Of which: Interest expense": 14635,
        "Cost of sales": 1923,
        "Enterprise cost management": 23435,
        "Total Operating Expenses": 40155,
        "Total revenue financing activities": 330,
        "Net profit from business activities": -28304,
        "Profit": 26616,
        "Profit before tax": -1688,
        "Present corporate income tax expenses": 1038,
        "Deferred income taxes expenses": "N/A",
        "The interests of minority shareholders": "N/A",
        "Total Cost of profits": 1038,
        "Profit after tax corporate income": -2727,
        "Volume": 25522767,
        "Close of Quarter": 3.1,
        "EPS": -1581,
        "Non-adjusted EPS": -1581,
        "PE": -2.0,
        "Book Price": 7.9
      }
    },
    {
      "quarter": "Q2 2013",
      "income status": {
        "Net sales": 77689,
        "Cost of goods sold": 65157,
        "Gross Profit": 12533,
        "Financial expenses": 29722,
        "Of which: Interest expense": 17210,
        "Cost of sales": 1987,
        "Enterprise cost management": 34619,
        "Total Operating Expenses": 66328,
        "Total revenue financing activities": 958,
        "Net profit from business activities": -52837,
        "Profit": 478,
        "Profit before tax": -52359,
        "Present corporate income tax expenses": 196,
        "Deferred income taxes expenses": "N/A",
        "The interests of minority shareholders": "N/A",
        "Total Cost of profits": 196,
        "Profit after tax corporate income": -52555,
        "Volume": 25522767,
        "Close of Quarter": 4.2,
        "EPS": -1578,
        "Non-adjusted EPS": -1578,
        "PE": -2.7,
        "Book Price": 8
      }
    },
    {
      "quarter": "Q1 2013",
      "income status": {
        "Net sales": 72799,
        "Cost of goods sold": 60118,
        "Gross Profit": 12681,
        "Financial expenses": 5623,
        "Of which: Interest expense": 5428,
        "Cost of sales": 2358,
        "Enterprise cost management": 5298,
        "Total Operating Expenses": 13279,
        "Total revenue financing activities": 2263,
        "Net profit from business activities": 1665,
        "Profit": 530,
        "Profit before tax": 2195,
        "Present corporate income tax expenses": 302,
        "Deferred income taxes expenses": "N/A",
        "The interests of minority shareholders": "N/A",
        "Total Cost of profits": 302,
        "Profit after tax corporate income": 1892,
        "Volume": 25522767,
        "Close of Quarter": 4.2,
        "EPS": 451,
        "Non-adjusted EPS": 451,
        "PE": 9.3,
        "Book Price": 10.1
      }
    },
    {
      "quarter": "Q4 2012",
      "income status": {
        "Net sales": 166564,
        "Cost of goods sold": 151216,
        "Gross Profit": 15349,
        "Financial expenses": -4386,
        "Of which: Interest expense": 5467,
        "Cost of sales": 1761,
        "Enterprise cost management": 5785,
        "Total Operating Expenses": 3160,
        "Total revenue financing activities": 172,
        "Net profit from business activities": 12362,
        "Profit": 962,
        "Profit before tax": 13324,
        "Present corporate income tax expenses": 294,
        "Deferred income taxes expenses": "N/A",
        "The interests of minority shareholders": "N/A",
        "Total Cost of profits": 294,
        "Profit after tax corporate income": 13030,
        "Volume": 25522767,
        "Close of Quarter": 2.7,
        "EPS": 284,
        "Non-adjusted EPS": 284,
        "PE": 9.5,
        "Book Price": 11.2
      }
    },
    {
      "quarter": "Q3 2012",
      "income status": {
        "Net sales": 89537,
        "Cost of goods sold": 77356,
        "Gross Profit": 12181,
        "Financial expenses": 8456,
        "Of which: Interest expense": 8091,
        "Cost of sales": 1764,
        "Enterprise cost management": 5713,
        "Total Operating Expenses": 15933,
        "Total revenue financing activities": 409,
        "Net profit from business activities": -3343,
        "Profit": 1050,
        "Profit before tax": -2293,
        "Present corporate income tax expenses": 345,
        "Deferred income taxes expenses": "N/A",
        "The interests of minority shareholders": "N/A",
        "Total Cost of profits": 345,
        "Profit after tax corporate income": -2638,
        "Volume": 25522767,
        "Close of Quarter": 3.8,
        "EPS": -502,
        "Non-adjusted EPS": -502,
        "PE": -7.6,
        "Book Price": 10.7
      }
    },
    {
      "quarter": "Q2 2012",
      "income status": {
        "Net sales": 126487,
        "Cost of goods sold": 111495,
        "Gross Profit": 14992,
        "Financial expenses": 9471,
        "Of which: Interest expense": 7959,
        "Cost of sales": 2524,
        "Enterprise cost management": 5469,
        "Total Operating Expenses": 17464,
        "Total revenue financing activities": 1414,
        "Net profit from business activities": -1059,
        "Profit": 658,
        "Profit before tax": -401,
        "Present corporate income tax expenses": 380,
        "Deferred income taxes expenses": "N/A",
        "The interests of minority shareholders": "N/A",
        "Total Cost of profits": 380,
        "Profit after tax corporate income": -780,
        "Volume": 25522767,
        "Close of Quarter": 4.7,
        "EPS": -391,
        "Non-adjusted EPS": -391,
        "PE": -12.0,
        "Book Price": 10.8
      }
    },
    {
      "quarter": "Q1 2012",
      "income status": {
        "Net sales": 230060,
        "Cost of goods sold": 212034,
        "Gross Profit": 18026,
        "Financial expenses": 13199,
        "Of which: Interest expense": 12710,
        "Cost of sales": 2214,
        "Enterprise cost management": 7757,
        "Total Operating Expenses": 23170,
        "Total revenue financing activities": 2612,
        "Net profit from business activities": -2532,
        "Profit": 429,
        "Profit before tax": -2103,
        "Present corporate income tax expenses": 258,
        "Deferred income taxes expenses": "N/A",
        "The interests of minority shareholders": "N/A",
        "Total Cost of profits": 258,
        "Profit after tax corporate income": -2361,
        "Volume": 25522767,
        "Close of Quarter": 4.2,
        "EPS": -342,
        "Non-adjusted EPS": -342,
        "PE": -12.3,
        "Book Price": 10.9
      }
    },
    {
      "quarter": "Q4 2011",
      "income status": {
        "Net sales": 219851,
        "Cost of goods sold": 202241,
        "Gross Profit": 17610,
        "Financial expenses": 32226,
        "Of which: Interest expense": 19296,
        "Cost of sales": 3351,
        "Enterprise cost management": 8221,
        "Total Operating Expenses": 43798,
        "Total revenue financing activities": 418,
        "Net profit from business activities": -25770,
        "Profit": 18893,
        "Profit before tax": -6877,
        "Present corporate income tax expenses": 165,
        "Deferred income taxes expenses": "N/A",
        "The interests of minority shareholders": "N/A",
        "Total Cost of profits": 165,
        "Profit after tax corporate income": -7042,
        "Volume": 25522767,
        "Close of Quarter": 4,
        "EPS": -231,
        "Non-adjusted EPS": -231,
        "PE": -17.3,
        "Book Price": 11.1
      }
    },
    {
      "quarter": "Q3 2011",
      "income status": {
        "Net sales": 297847,
        "Cost of goods sold": 270499,
        "Gross Profit": 27348,
        "Financial expenses": 19731,
        "Of which: Interest expense": 17863,
        "Cost of sales": 1902,
        "Enterprise cost management": 6676,
        "Total Operating Expenses": 28309,
        "Total revenue financing activities": 881,
        "Net profit from business activities": -80,
        "Profit": 691,
        "Profit before tax": 611,
        "Present corporate income tax expenses": 399,
        "Deferred income taxes expenses": "N/A",
        "The interests of minority shareholders": "N/A",
        "Total Cost of profits": 399,
        "Profit after tax corporate income": 212,
        "Volume": 25522767,
        "Close of Quarter": 5.7,
        "EPS": 79,
        "Non-adjusted EPS": 79,
        "PE": 72.2,
        "Book Price": 11.4
      }
    },
    {
      "quarter": "Q2 2011",
      "income status": {
        "Net sales": 223830,
        "Cost of goods sold": 197937,
        "Gross Profit": 25893,
        "Financial expenses": 20126,
        "Of which: Interest expense": 15394,
        "Cost of sales": 2837,
        "Enterprise cost management": 7228,
        "Total Operating Expenses": 30191,
        "Total revenue financing activities": 4361,
        "Net profit from business activities": 62,
        "Profit": 514,
        "Profit before tax": 576,
        "Present corporate income tax expenses": 120,
        "Deferred income taxes expenses": "N/A",
        "The interests of minority shareholders": "N/A",
        "Total Cost of profits": 120,
        "Profit after tax corporate income": 456,
        "Volume": 25522767,
        "Close of Quarter": 5.7,
        "EPS": 251,
        "Non-adjusted EPS": 251,
        "PE": 22.7,
        "Book Price": 11.9
      }
    },
    {
      "quarter": "Q1 2011",
      "income status": {
        "Net sales": 236940,
        "Cost of goods sold": 215334,
        "Gross Profit": 21606,
        "Financial expenses": 22051,
        "Of which: Interest expense": 12975,
        "Cost of sales": 2558,
        "Enterprise cost management": 6898,
        "Total Operating Expenses": 31507,
        "Total revenue financing activities": 10177,
        "Net profit from business activities": 276,
        "Profit": 497,
        "Profit before tax": 773,
        "Present corporate income tax expenses": 297,
        "Deferred income taxes expenses": "N/A",
        "The interests of minority shareholders": "N/A",
        "Total Cost of profits": 297,
        "Profit after tax corporate income": 476,
        "Volume": 25522767,
        "Close of Quarter": 8.6,
        "EPS": 405,
        "Non-adjusted EPS": 405,
        "PE": 21.2,
        "Book Price": 12
      }
    },
    {
      "quarter": "Q4 2010",
      "income status": {
        "Net sales": 313504,
        "Cost of goods sold": 286290,
        "Gross Profit": 27213,
        "Financial expenses": 17773,
        "Of which: Interest expense": 12787,
        "Cost of sales": 2650,
        "Enterprise cost management": 7177,
        "Total Operating Expenses": 27600,
        "Total revenue financing activities": 667,
        "Net profit from business activities": 280,
        "Profit": 291,
        "Profit before tax": 571,
        "Present corporate income tax expenses": -299,
        "Deferred income taxes expenses": "N/A",
        "The interests of minority shareholders": "N/A",
        "Total Cost of profits": -299,
        "Profit after tax corporate income": 870,
        "Volume": 25522767,
        "Close of Quarter": 10.4,
        "EPS": 574,
        "Non-adjusted EPS": 574,
        "PE": 18.1,
        "Book Price": 11.4
      }
    },
    {
      "quarter": "Q3 2010",
      "income status": {
        "Net sales": 238326,
        "Cost of goods sold": 213593,
        "Gross Profit": 24733,
        "Financial expenses": 12110,
        "Of which: Interest expense": 8821,
        "Cost of sales": 2158,
        "Enterprise cost management": 6697,
        "Total Operating Expenses": 20965,
        "Total revenue financing activities": 347,
        "Net profit from business activities": 4115,
        "Profit": 736,
        "Profit before tax": 4852,
        "Present corporate income tax expenses": 260,
        "Deferred income taxes expenses": "N/A",
        "The interests of minority shareholders": "N/A",
        "Total Cost of profits": 260,
        "Profit after tax corporate income": 4592,
        "Volume": 25522767,
        "Close of Quarter": 11.8,
        "EPS": 827,
        "Non-adjusted EPS": 827,
        "PE": 14.3,
        "Book Price": 11.3
      }
    },
    {
      "quarter": "Q2 2010",
      "income status": {
        "Net sales": 188117,
        "Cost of goods sold": 164361,
        "Gross Profit": 23756,
        "Financial expenses": 13512,
        "Of which: Interest expense": 9707,
        "Cost of sales": 2454,
        "Enterprise cost management": 6830,
        "Total Operating Expenses": 22796,
        "Total revenue financing activities": 2315,
        "Net profit from business activities": 3275,
        "Profit": 1194,
        "Profit before tax": 4469,
        "Present corporate income tax expenses": 73,
        "Deferred income taxes expenses": "N/A",
        "The interests of minority shareholders": "N/A",
        "Total Cost of profits": 73,
        "Profit after tax corporate income": 4396,
        "Volume": 21449191,
        "Close of Quarter": 16,
        "EPS": 1199.2,
        "Non-adjusted EPS": 1427,
        "PE": 11.2,
        "Book Price": 11.4
      }
    },
    {
      "quarter": "Q1 2010",
      "income status": {
        "Net sales": 175021,
        "Cost of goods sold": 157925,
        "Gross Profit": 17095,
        "Financial expenses": 7369,
        "Of which: Interest expense": 5172,
        "Cost of sales": 1957,
        "Enterprise cost management": 4527,
        "Total Operating Expenses": 13853,
        "Total revenue financing activities": 1252,
        "Net profit from business activities": 4494,
        "Profit": 307,
        "Profit before tax": 4801,
        "Present corporate income tax expenses": 18,
        "Deferred income taxes expenses": "N/A",
        "The interests of minority shareholders": "N/A",
        "Total Cost of profits": 18,
        "Profit after tax corporate income": 4783,
        "Volume": 21449191,
        "Close of Quarter": 10.7,
        "EPS": 1215.2,
        "Non-adjusted EPS": 1446,
        "PE": 7.4,
        "Book Price": 11.1
      }
    },
    {
      "quarter": "Q4 2009",
      "income status": {
        "Net sales": 196638,
        "Cost of goods sold": 173534,
        "Gross Profit": 23104,
        "Financial expenses": 9898,
        "Of which: Interest expense": "N/A",
        "Cost of sales": 1874,
        "Enterprise cost management": 4860,
        "Total Operating Expenses": 16632,
        "Total revenue financing activities": 427,
        "Net profit from business activities": 6898,
        "Profit": 281,
        "Profit before tax": 7179,
        "Present corporate income tax expenses": -153,
        "Deferred income taxes expenses": "N/A",
        "The interests of minority shareholders": "N/A",
        "Total Cost of profits": -153,
        "Profit after tax corporate income": 7332,
        "Volume": 21449191,
        "Close of Quarter": 10.8,
        "EPS": 1173.2,
        "Non-adjusted EPS": 1396,
        "PE": 7.7,
        "Book Price": 10.9
      }
    },
    {
      "quarter": "Q3 2009",
      "income status": {
        "Net sales": 157220,
        "Cost of goods sold": 138394,
        "Gross Profit": 18826,
        "Financial expenses": 7526,
        "Of which: Interest expense": 301,
        "Cost of sales": 1549,
        "Enterprise cost management": 5146,
        "Total Operating Expenses": 14221,
        "Total revenue financing activities": 11128,
        "Net profit from business activities": 15732,
        "Profit": 15,
        "Profit before tax": 15747,
        "Present corporate income tax expenses": 1660,
        "Deferred income taxes expenses": "N/A",
        "The interests of minority shareholders": "N/A",
        "Total Cost of profits": 1660,
        "Profit after tax corporate income": 14087,
        "Volume": 21449191,
        "Close of Quarter": 10.1,
        "EPS": 1260.6,
        "Non-adjusted EPS": 1500,
        "PE": 6.7,
        "Book Price": 10.6
      }
    },
    {
      "quarter": "Q2 2009",
      "income status": {
        "Net sales": 153447,
        "Cost of goods sold": 134703,
        "Gross Profit": 18744,
        "Financial expenses": 7547,
        "Of which: Interest expense": 2405,
        "Cost of sales": 1734,
        "Enterprise cost management": 5086,
        "Total Operating Expenses": 14367,
        "Total revenue financing activities": 450,
        "Net profit from business activities": 4827,
        "Profit": 30,
        "Profit before tax": 4857,
        "Present corporate income tax expenses": 48,
        "Deferred income taxes expenses": "N/A",
        "The interests of minority shareholders": "N/A",
        "Total Cost of profits": 48,
        "Profit after tax corporate income": 4809,
        "Volume": 21449191,
        "Close of Quarter": 9.0,
        "EPS": 971.5,
        "Non-adjusted EPS": 1156,
        "PE": 7.8,
        "Book Price": 10.1
      }
    },
    {
      "quarter": "Q1 2009",
      "income status": {
        "Net sales": 138762,
        "Cost of goods sold": 125678,
        "Gross Profit": 13084,
        "Financial expenses": 4317,
        "Of which: Interest expense": 3455,
        "Cost of sales": 1251,
        "Enterprise cost management": 3904,
        "Total Operating Expenses": 9472,
        "Total revenue financing activities": 395,
        "Net profit from business activities": 4008,
        "Profit": 23,
        "Profit before tax": 4031,
        "Present corporate income tax expenses": 323,
        "Deferred income taxes expenses": "N/A",
        "The interests of minority shareholders": "N/A",
        "Total Cost of profits": 323,
        "Profit after tax corporate income": 3708,
        "Volume": 21449191,
        "Close of Quarter": 7.7,
        "EPS": 1043.8,
        "Non-adjusted EPS": 1242,
        "PE": 6.2,
        "Book Price": 10.8
      }
    },
    {
      "quarter": "Q4 2008",
      "income status": {
        "Net sales": 155992,
        "Cost of goods sold": 140060,
        "Gross Profit": 15932,
        "Financial expenses": 11939,
        "Of which: Interest expense": 5154,
        "Cost of sales": 1419,
        "Enterprise cost management": 3972,
        "Total Operating Expenses": 17330,
        "Total revenue financing activities": 10096,
        "Net profit from business activities": 8699,
        "Profit": 2455,
        "Profit before tax": 11154,
        "Present corporate income tax expenses": 1579,
        "Deferred income taxes expenses": "N/A",
        "The interests of minority shareholders": "N/A",
        "Total Cost of profits": 1579,
        "Profit after tax corporate income": 9575,
        "Volume": 21449191,
        "Close of Quarter": 7.3,
        "EPS": 1047.1,
        "Non-adjusted EPS": 1246,
        "PE": 5.8,
        "Book Price": 10.6
      }
    },
    {
      "quarter": "Q3 2008",
      "income status": {
        "Net sales": 178563,
        "Cost of goods sold": 152721,
        "Gross Profit": 25842,
        "Financial expenses": 12711,
        "Of which: Interest expense": 4517,
        "Cost of sales": 1593,
        "Enterprise cost management": 4049,
        "Total Operating Expenses": 18353,
        "Total revenue financing activities": 227,
        "Net profit from business activities": 7715,
        "Profit": 79,
        "Profit before tax": 7794,
        "Present corporate income tax expenses": 1091,
        "Deferred income taxes expenses": "N/A",
        "The interests of minority shareholders": "N/A",
        "Total Cost of profits": 1091,
        "Profit after tax corporate income": 6703,
        "Volume": 21449191,
        "Close of Quarter": 8.7,
        "EPS": 984.9,
        "Non-adjusted EPS": 1172,
        "PE": 7.4,
        "Book Price": 10.3
      }
    },
    {
      "quarter": "Q2 2008",
      "income status": {
        "Net sales": 110590,
        "Cost of goods sold": 99249,
        "Gross Profit": 11342,
        "Financial expenses": 8591,
        "Of which: Interest expense": 3626,
        "Cost of sales": 1407,
        "Enterprise cost management": 3430,
        "Total Operating Expenses": 13428,
        "Total revenue financing activities": 9631,
        "Net profit from business activities": 7545,
        "Profit": 139,
        "Profit before tax": 7683,
        "Present corporate income tax expenses": 1027,
        "Deferred income taxes expenses": "N/A",
        "The interests of minority shareholders": "N/A",
        "Total Cost of profits": 1027,
        "Profit after tax corporate income": 6656,
        "Volume": 19499342,
        "Close of Quarter": 8.1,
        "EPS": 847.3,
        "Non-adjusted EPS": 1109,
        "PE": 7.3,
        "Book Price": 10.1
      }
    },
    {
      "quarter": "Q1 2008",
      "income status": {
        "Net sales": 109940,
        "Cost of goods sold": 100293,
        "Gross Profit": 9647,
        "Financial expenses": 2083,
        "Of which: Interest expense": 2066,
        "Cost of sales": 1022,
        "Enterprise cost management": 3171,
        "Total Operating Expenses": 6276,
        "Total revenue financing activities": 1032,
        "Net profit from business activities": 4403,
        "Profit": 12,
        "Profit before tax": 4415,
        "Present corporate income tax expenses": 618,
        "Deferred income taxes expenses": "N/A",
        "The interests of minority shareholders": "N/A",
        "Total Cost of profits": 618,
        "Profit after tax corporate income": 3797,
        "Volume": 19499342,
        "Close of Quarter": 10.8,
        "EPS": 754.8,
        "Non-adjusted EPS": 988,
        "PE": 10.9,
        "Book Price": 9.8
      }
    },
    {
      "quarter": "Q4 2007",
      "income status": {
        "Net sales": 139971,
        "Cost of goods sold": 123573,
        "Gross Profit": 16398,
        "Financial expenses": 3575,
        "Of which: Interest expense": 3355,
        "Cost of sales": 1279,
        "Enterprise cost management": 3159,
        "Total Operating Expenses": 8013,
        "Total revenue financing activities": 894,
        "Net profit from business activities": 9278,
        "Profit": 22,
        "Profit before tax": 9299,
        "Present corporate income tax expenses": 1308,
        "Deferred income taxes expenses": "N/A",
        "The interests of minority shareholders": "N/A",
        "Total Cost of profits": 1308,
        "Profit after tax corporate income": 7992,
        "Volume": 19499342,
        "Close of Quarter": 23.7,
        "EPS": 877.8,
        "Non-adjusted EPS": 1149,
        "PE": 20.6,
        "Book Price": 9.7
      }
    },
    {
      "quarter": "Q3 2007",
      "income status": {
        "Net sales": 118239,
        "Cost of goods sold": 108066,
        "Gross Profit": 10172,
        "Financial expenses": 2913,
        "Of which: Interest expense": 2633,
        "Cost of sales": 584,
        "Enterprise cost management": 3255,
        "Total Operating Expenses": 6752,
        "Total revenue financing activities": 221,
        "Net profit from business activities": 3641,
        "Profit": 56,
        "Profit before tax": 3697,
        "Present corporate income tax expenses": 518,
        "Deferred income taxes expenses": "N/A",
        "The interests of minority shareholders": "N/A",
        "Total Cost of profits": 518,
        "Profit after tax corporate income": 3179,
        "Volume": 9301262,
        "Close of Quarter": 25.1,
        "EPS": 782.4,
        "Non-adjusted EPS": 2147,
        "PE": 11.7,
        "Book Price": 4.8
      }
    },
    {
      "quarter": "Q2 2007",
      "income status": {
        "Net sales": 114625,
        "Cost of goods sold": 104384,
        "Gross Profit": 10241,
        "Financial expenses": 1581,
        "Of which: Interest expense": 1537,
        "Cost of sales": 841,
        "Enterprise cost management": 3189,
        "Total Operating Expenses": 5611,
        "Total revenue financing activities": 258,
        "Net profit from business activities": 4888,
        "Profit": 104,
        "Profit before tax": 4992,
        "Present corporate income tax expenses": 699,
        "Deferred income taxes expenses": "N/A",
        "The interests of minority shareholders": "N/A",
        "Total Cost of profits": 699,
        "Profit after tax corporate income": 4293,
        "Volume": 8455700,
        "Close of Quarter": 23.9,
        "EPS": 771.6,
        "Non-adjusted EPS": 2329,
        "PE": 10.3,
        "Book Price": 4.6
      }
    },
    {
      "quarter": "Q1 2007",
      "income status": {
        "Net sales": 67691,
        "Cost of goods sold": 59504,
        "Gross Profit": 8187,
        "Financial expenses": 1722,
        "Of which: Interest expense": 1673,
        "Cost of sales": 683,
        "Enterprise cost management": 2519,
        "Total Operating Expenses": 4924,
        "Total revenue financing activities": 4791,
        "Net profit from business activities": 8055,
        "Profit": 9,
        "Profit before tax": 8064,
        "Present corporate income tax expenses": 1129,
        "Deferred income taxes expenses": "N/A",
        "The interests of minority shareholders": "N/A",
        "Total Cost of profits": 1129,
        "Profit after tax corporate income": 6935,
        "Volume": 8455700,
        "Close of Quarter": 24.3,
        "EPS": 678.5,
        "Non-adjusted EPS": 2048,
        "PE": 11.9,
        "Book Price": 4.5
      }
    },
    {
      "quarter": "Q4 2006",
      "income status": {
        "Net sales": 93773,
        "Cost of goods sold": 82864,
        "Gross Profit": 10908,
        "Financial expenses": 1805,
        "Of which: Interest expense": 1520,
        "Cost of sales": 772,
        "Enterprise cost management": 2502,
        "Total Operating Expenses": 5079,
        "Total revenue financing activities": 73,
        "Net profit from business activities": 5901,
        "Profit": 459,
        "Profit before tax": 6360,
        "Present corporate income tax expenses": 795,
        "Deferred income taxes expenses": "N/A",
        "The interests of minority shareholders": "N/A",
        "Total Cost of profits": 795,
        "Profit after tax corporate income": 5565,
        "Volume": 8455700,
        "Close of Quarter": 33.5,
        "EPS": 422.4,
        "Non-adjusted EPS": 1275,
        "PE": 26.3,
        "Book Price": 4.2
      }
    },
    {
      "quarter": "Q3 2006",
      "income status": {
        "Net sales": 72832,
        "Cost of goods sold": 64298,
        "Gross Profit": 8534,
        "Financial expenses": 2085,
        "Of which: Interest expense": 1411,
        "Cost of sales": 508,
        "Enterprise cost management": 2178,
        "Total Operating Expenses": 4771,
        "Total revenue financing activities": 11,
        "Net profit from business activities": 3774,
        "Profit": -395,
        "Profit before tax": 3379,
        "Present corporate income tax expenses": 480,
        "Deferred income taxes expenses": "N/A",
        "The interests of minority shareholders": "N/A",
        "Total Cost of profits": 480,
        "Profit after tax corporate income": 2899,
        "Volume": 8455700,
        "Close of Quarter": "N/A",
        "EPS": 204.4,
        "Non-adjusted EPS": 617,
        "PE": "N/A",
        "Book Price": 4.0
      }
    },
    {
      "quarter": "Q2 2006",
      "income status": {
        "Net sales": 63369,
        "Cost of goods sold": 56822,
        "Gross Profit": 6547,
        "Financial expenses": 1716,
        "Of which: Interest expense": 1415,
        "Cost of sales": 678,
        "Enterprise cost management": 2104,
        "Total Operating Expenses": 4498,
        "Total revenue financing activities": 28,
        "Net profit from business activities": 2077,
        "Profit": 155,
        "Profit before tax": 2232,
        "Present corporate income tax expenses": 312,
        "Deferred income taxes expenses": "N/A",
        "The interests of minority shareholders": "N/A",
        "Total Cost of profits": 312,
        "Profit after tax corporate income": 1919,
        "Volume": 8455700,
        "Close of Quarter": "N/A",
        "EPS": 90.8,
        "Non-adjusted EPS": 274,
        "PE": "N/A",
        "Book Price": "N/A"
      }
    },
    {
      "quarter": "Q1 2006",
      "income status": {
        "Net sales": 35713,
        "Cost of goods sold": 31209,
        "Gross Profit": 4504,
        "Financial expenses": 1476,
        "Of which: Interest expense": 1444,
        "Cost of sales": 630,
        "Enterprise cost management": 2040,
        "Total Operating Expenses": 4146,
        "Total revenue financing activities": "N/A",
        "Net profit from business activities": 357,
        "Profit": 94,
        "Profit before tax": 452,
        "Present corporate income tax expenses": 56,
        "Deferred income taxes expenses": "N/A",
        "The interests of minority shareholders": "N/A",
        "Total Cost of profits": 56,
        "Profit after tax corporate income": 395,
        "Volume": 8455700,
        "Close of Quarter": "N/A",
        "EPS": 15.6,
        "Non-adjusted EPS": 47,
        "PE": "N/A",
        "Book Price": "N/A"
      }
    }
  ]
}