{
  "ticker": "HLG",
  "data": [
    {
      "quarter": "Q1 2017",
      "income status": {
        "Net sales": 715886,
        "Cost of goods sold": 677079,
        "Gross Profit": 38807,
        "Financial expenses": 16250,
        "Of which: Interest expense": 16232,
        "Cost of sales": 1499,
        "Enterprise cost management": 5326,
        "Total Operating Expenses": 23075,
        "Total revenue financing activities": 10336,
        "Net profit from business activities": 26067,
        "Profit": -1001,
        "Profit before tax": 25066,
        "Present corporate income tax expenses": 420,
        "Deferred income taxes expenses": 3461,
        "The interests of minority shareholders": "N/A",
        "Total Cost of profits": 3881,
        "Profit after tax corporate income": 21186,
        "Volume": 44225385,
        "Close of Quarter": 9.7,
        "EPS": 3053,
        "Non-adjusted EPS": 3053,
        "PE": 3.2,
        "Book Price": 12
      }
    },
    {
      "quarter": "Q4 2016",
      "income status": {
        "Net sales": 835119,
        "Cost of goods sold": 783350,
        "Gross Profit": 51769,
        "Financial expenses": 26417,
        "Of which: Interest expense": 26457,
        "Cost of sales": 3958,
        "Enterprise cost management": 8092,
        "Total Operating Expenses": 38467,
        "Total revenue financing activities": 15114,
        "Net profit from business activities": 28410,
        "Profit": 590,
        "Profit before tax": 28999,
        "Present corporate income tax expenses": 847,
        "Deferred income taxes expenses": 4020,
        "The interests of minority shareholders": "N/A",
        "Total Cost of profits": 4867,
        "Profit after tax corporate income": 24132,
        "Volume": 44225385,
        "Close of Quarter": 9.8,
        "EPS": 3197,
        "Non-adjusted EPS": 3197,
        "PE": 3.1,
        "Book Price": 11.5
      }
    },
    {
      "quarter": "Q3 2016",
      "income status": {
        "Net sales": 706914,
        "Cost of goods sold": 634089,
        "Gross Profit": 72826,
        "Financial expenses": 51071,
        "Of which: Interest expense": 50949,
        "Cost of sales": 2973,
        "Enterprise cost management": 4970,
        "Total Operating Expenses": 59014,
        "Total revenue financing activities": 40395,
        "Net profit from business activities": 54206,
        "Profit": 309,
        "Profit before tax": 54515,
        "Present corporate income tax expenses": 942,
        "Deferred income taxes expenses": 8561,
        "The interests of minority shareholders": "N/A",
        "Total Cost of profits": 9503,
        "Profit after tax corporate income": 45013,
        "Volume": 44225385,
        "Close of Quarter": 9.7,
        "EPS": 4502,
        "Non-adjusted EPS": 4502,
        "PE": 2.2,
        "Book Price": 11
      }
    },
    {
      "quarter": "Q2 2016",
      "income status": {
        "Net sales": 881672,
        "Cost of goods sold": 812434,
        "Gross Profit": 69238,
        "Financial expenses": -15413,
        "Of which: Interest expense": -15494,
        "Cost of sales": 3286,
        "Enterprise cost management": 6865,
        "Total Operating Expenses": -5262,
        "Total revenue financing activities": -23674,
        "Net profit from business activities": 50818,
        "Profit": 1050,
        "Profit before tax": 51868,
        "Present corporate income tax expenses": 910,
        "Deferred income taxes expenses": 6290,
        "The interests of minority shareholders": "N/A",
        "Total Cost of profits": 7200,
        "Profit after tax corporate income": 44667,
        "Volume": 44225385,
        "Close of Quarter": 8,
        "EPS": 5618,
        "Non-adjusted EPS": 5618,
        "PE": 1.4,
        "Book Price": 9.9
      }
    },
    {
      "quarter": "Q1 2016",
      "income status": {
        "Net sales": 624476,
        "Cost of goods sold": 573173,
        "Gross Profit": 51302,
        "Financial expenses": 47969,
        "Of which: Interest expense": 47881,
        "Cost of sales": 3563,
        "Enterprise cost management": 5825,
        "Total Operating Expenses": 57357,
        "Total revenue financing activities": 38409,
        "Net profit from business activities": 32355,
        "Profit": 45,
        "Profit before tax": 32400,
        "Present corporate income tax expenses": 584,
        "Deferred income taxes expenses": 4237,
        "The interests of minority shareholders": "N/A",
        "Total Cost of profits": 4821,
        "Profit after tax corporate income": 27579,
        "Volume": 44225385,
        "Close of Quarter": 5,
        "EPS": 3861,
        "Non-adjusted EPS": 3861,
        "PE": 1.3,
        "Book Price": 8.9
      }
    },
    {
      "quarter": "Q4 2015",
      "income status": {
        "Net sales": 801158,
        "Cost of goods sold": 749958,
        "Gross Profit": 51200,
        "Financial expenses": 227985,
        "Of which: Interest expense": 19238,
        "Cost of sales": 6140,
        "Enterprise cost management": 9428,
        "Total Operating Expenses": 243553,
        "Total revenue financing activities": 220029,
        "Net profit from business activities": 27672,
        "Profit": -557,
        "Profit before tax": 27114,
        "Present corporate income tax expenses": 1497,
        "Deferred income taxes expenses": -55408,
        "The interests of minority shareholders": -832,
        "Total Cost of profits": -54743,
        "Profit after tax corporate income": 81857,
        "Volume": 44225385,
        "Close of Quarter": 4.8,
        "EPS": 2903,
        "Non-adjusted EPS": 2903,
        "PE": 1.7,
        "Book Price": 7.8
      }
    },
    {
      "quarter": "Q3 2015",
      "income status": {
        "Net sales": 446381,
        "Cost of goods sold": 421632,
        "Gross Profit": 24749,
        "Financial expenses": -82631,
        "Of which: Interest expense": 12382,
        "Cost of sales": 8411,
        "Enterprise cost management": 7325,
        "Total Operating Expenses": -66895,
        "Total revenue financing activities": 47198,
        "Net profit from business activities": 138842,
        "Profit": 1069,
        "Profit before tax": 139911,
        "Present corporate income tax expenses": 306,
        "Deferred income taxes expenses": 45249,
        "The interests of minority shareholders": "N/A",
        "Total Cost of profits": 45555,
        "Profit after tax corporate income": 94356,
        "Volume": 44225385,
        "Close of Quarter": 5,
        "EPS": 347,
        "Non-adjusted EPS": 347,
        "PE": 14.4,
        "Book Price": 6
      }
    },
    {
      "quarter": "Q2 2015",
      "income status": {
        "Net sales": 367856,
        "Cost of goods sold": 349544,
        "Gross Profit": 18313,
        "Financial expenses": 33931,
        "Of which: Interest expense": 18776,
        "Cost of sales": 8117,
        "Enterprise cost management": 9433,
        "Total Operating Expenses": 51481,
        "Total revenue financing activities": 1955,
        "Net profit from business activities": -31219,
        "Profit": 476,
        "Profit before tax": -30743,
        "Present corporate income tax expenses": -8,
        "Deferred income taxes expenses": 1868,
        "The interests of minority shareholders": 434,
        "Total Cost of profits": 2294,
        "Profit after tax corporate income": -33038,
        "Volume": 44225385,
        "Close of Quarter": 2.6,
        "EPS": -1789,
        "Non-adjusted EPS": -1789,
        "PE": -1.5,
        "Book Price": 3.9
      }
    },
    {
      "quarter": "Q1 2015",
      "income status": {
        "Net sales": 307926,
        "Cost of goods sold": 295542,
        "Gross Profit": 12384,
        "Financial expenses": 12614,
        "Of which: Interest expense": 12382,
        "Cost of sales": 6642,
        "Enterprise cost management": 8579,
        "Total Operating Expenses": 27835,
        "Total revenue financing activities": 95,
        "Net profit from business activities": -15355,
        "Profit": 278,
        "Profit before tax": -15077,
        "Present corporate income tax expenses": 303,
        "Deferred income taxes expenses": 4,
        "The interests of minority shareholders": -608,
        "Total Cost of profits": -301,
        "Profit after tax corporate income": -14776,
        "Volume": 44225385,
        "Close of Quarter": 3.7,
        "EPS": -1135,
        "Non-adjusted EPS": -1135,
        "PE": -3.3,
        "Book Price": 4.6
      }
    },
    {
      "quarter": "Q4 2014",
      "income status": {
        "Net sales": 382202,
        "Cost of goods sold": 355125,
        "Gross Profit": 27077,
        "Financial expenses": 22923,
        "Of which: Interest expense": 13986,
        "Cost of sales": 12869,
        "Enterprise cost management": 17663,
        "Total Operating Expenses": 53455,
        "Total revenue financing activities": 886,
        "Net profit from business activities": -25494,
        "Profit": 2667,
        "Profit before tax": -22827,
        "Present corporate income tax expenses": -90,
        "Deferred income taxes expenses": 8418,
        "The interests of minority shareholders": 21,
        "Total Cost of profits": 8349,
        "Profit after tax corporate income": -31175,
        "Volume": 44225385,
        "Close of Quarter": 3.4,
        "EPS": -1151,
        "Non-adjusted EPS": -1151,
        "PE": -3.0,
        "Book Price": 4.8
      }
    },
    {
      "quarter": "Q3 2014",
      "income status": {
        "Net sales": 349363,
        "Cost of goods sold": 306182,
        "Gross Profit": 43181,
        "Financial expenses": 14341,
        "Of which: Interest expense": 13943,
        "Cost of sales": 18011,
        "Enterprise cost management": 10962,
        "Total Operating Expenses": 43314,
        "Total revenue financing activities": 539,
        "Net profit from business activities": 407,
        "Profit": -732,
        "Profit before tax": -326,
        "Present corporate income tax expenses": 24,
        "Deferred income taxes expenses": "N/A",
        "The interests of minority shareholders": -220,
        "Total Cost of profits": -196,
        "Profit after tax corporate income": -130,
        "Volume": 44225385,
        "Close of Quarter": 4.9,
        "EPS": -3898,
        "Non-adjusted EPS": -3898,
        "PE": -1.3,
        "Book Price": 5.5
      }
    },
    {
      "quarter": "Q2 2014",
      "income status": {
        "Net sales": 370106,
        "Cost of goods sold": 330079,
        "Gross Profit": 40028,
        "Financial expenses": 18272,
        "Of which: Interest expense": 15168,
        "Cost of sales": 16783,
        "Enterprise cost management": 11434,
        "Total Operating Expenses": 46489,
        "Total revenue financing activities": 1043,
        "Net profit from business activities": -5412,
        "Profit": -228,
        "Profit before tax": -5640,
        "Present corporate income tax expenses": -206,
        "Deferred income taxes expenses": -1150,
        "The interests of minority shareholders": -177,
        "Total Cost of profits": -1533,
        "Profit after tax corporate income": -4107,
        "Volume": 44225385,
        "Close of Quarter": 5,
        "EPS": -4285,
        "Non-adjusted EPS": -4285,
        "PE": -1.2,
        "Book Price": 5.4
      }
    },
    {
      "quarter": "Q1 2014",
      "income status": {
        "Net sales": 325078,
        "Cost of goods sold": 298969,
        "Gross Profit": 26109,
        "Financial expenses": 13875,
        "Of which: Interest expense": 13401,
        "Cost of sales": 15271,
        "Enterprise cost management": 10931,
        "Total Operating Expenses": 40077,
        "Total revenue financing activities": 1513,
        "Net profit from business activities": -12468,
        "Profit": -2500,
        "Profit before tax": -14967,
        "Present corporate income tax expenses": 309,
        "Deferred income taxes expenses": 103,
        "The interests of minority shareholders": 131,
        "Total Cost of profits": 543,
        "Profit after tax corporate income": -15511,
        "Volume": 44225385,
        "Close of Quarter": 6.2,
        "EPS": -4224,
        "Non-adjusted EPS": -4224,
        "PE": -1.5,
        "Book Price": 5.6
      }
    },
    {
      "quarter": "Q4 2013",
      "income status": {
        "Net sales": 332984,
        "Cost of goods sold": 444068,
        "Gross Profit": -111084,
        "Financial expenses": 64559,
        "Of which: Interest expense": 48976,
        "Cost of sales": 21921,
        "Enterprise cost management": 47751,
        "Total Operating Expenses": 134231,
        "Total revenue financing activities": 24699,
        "Net profit from business activities": -220616,
        "Profit": 6806,
        "Profit before tax": -213824,
        "Present corporate income tax expenses": -223,
        "Deferred income taxes expenses": -60854,
        "The interests of minority shareholders": -94,
        "Total Cost of profits": -61171,
        "Profit after tax corporate income": -152653,
        "Volume": 44225385,
        "Close of Quarter": 5.7,
        "EPS": -4884,
        "Non-adjusted EPS": -4884,
        "PE": -1.2,
        "Book Price": 7
      }
    },
    {
      "quarter": "Q3 2013",
      "income status": {
        "Net sales": 269818,
        "Cost of goods sold": 260503,
        "Gross Profit": 9315,
        "Financial expenses": 4776,
        "Of which: Interest expense": 3685,
        "Cost of sales": 17646,
        "Enterprise cost management": 13834,
        "Total Operating Expenses": 36256,
        "Total revenue financing activities": 1461,
        "Net profit from business activities": -25479,
        "Profit": 8552,
        "Profit before tax": -16928,
        "Present corporate income tax expenses": 287,
        "Deferred income taxes expenses": 4,
        "The interests of minority shareholders": 15,
        "Total Cost of profits": 306,
        "Profit after tax corporate income": -17235,
        "Volume": 44225385,
        "Close of Quarter": 7.4,
        "EPS": -2315,
        "Non-adjusted EPS": -2315,
        "PE": -3.2,
        "Book Price": 10.3
      }
    },
    {
      "quarter": "Q2 2013",
      "income status": {
        "Net sales": 242677,
        "Cost of goods sold": 230272,
        "Gross Profit": 12405,
        "Financial expenses": 58381,
        "Of which: Interest expense": 52417,
        "Cost of sales": 18425,
        "Enterprise cost management": 16080,
        "Total Operating Expenses": 92886,
        "Total revenue financing activities": 19324,
        "Net profit from business activities": -61157,
        "Profit": 55853,
        "Profit before tax": -5304,
        "Present corporate income tax expenses": 511,
        "Deferred income taxes expenses": -4389,
        "The interests of minority shareholders": -28,
        "Total Cost of profits": -3906,
        "Profit after tax corporate income": -1398,
        "Volume": 44225385,
        "Close of Quarter": 8.4,
        "EPS": -1546,
        "Non-adjusted EPS": -1546,
        "PE": -5.4,
        "Book Price": 10.7
      }
    },
    {
      "quarter": "Q1 2013",
      "income status": {
        "Net sales": 295052,
        "Cost of goods sold": 295890,
        "Gross Profit": -838,
        "Financial expenses": 18015,
        "Of which: Interest expense": 15563,
        "Cost of sales": 16532,
        "Enterprise cost management": 16853,
        "Total Operating Expenses": 51400,
        "Total revenue financing activities": 4081,
        "Net profit from business activities": -48157,
        "Profit": 207,
        "Profit before tax": -47950,
        "Present corporate income tax expenses": 211,
        "Deferred income taxes expenses": -3436,
        "The interests of minority shareholders": -14,
        "Total Cost of profits": -3239,
        "Profit after tax corporate income": -44711,
        "Volume": 44225385,
        "Close of Quarter": 6.1,
        "EPS": -1230,
        "Non-adjusted EPS": -1230,
        "PE": -5.0,
        "Book Price": 10.7
      }
    },
    {
      "quarter": "Q4 2012",
      "income status": {
        "Net sales": 389384,
        "Cost of goods sold": 363360,
        "Gross Profit": 26024,
        "Financial expenses": 24558,
        "Of which: Interest expense": 23719,
        "Cost of sales": 26048,
        "Enterprise cost management": 23921,
        "Total Operating Expenses": 74527,
        "Total revenue financing activities": 12267,
        "Net profit from business activities": -36236,
        "Profit": 28,
        "Profit before tax": -36209,
        "Present corporate income tax expenses": 1971,
        "Deferred income taxes expenses": 875,
        "The interests of minority shareholders": -14,
        "Total Cost of profits": 2832,
        "Profit after tax corporate income": -39040,
        "Volume": 44225385,
        "Close of Quarter": 8.8,
        "EPS": 3,
        "Non-adjusted EPS": 3,
        "PE": 2933.3,
        "Book Price": 11.7
      }
    },
    {
      "quarter": "Q3 2012",
      "income status": {
        "Net sales": 510923,
        "Cost of goods sold": 441717,
        "Gross Profit": 69206,
        "Financial expenses": 15599,
        "Of which: Interest expense": 13209,
        "Cost of sales": 24049,
        "Enterprise cost management": 17418,
        "Total Operating Expenses": 57066,
        "Total revenue financing activities": 3090,
        "Net profit from business activities": 15230,
        "Profit": 515,
        "Profit before tax": 15745,
        "Present corporate income tax expenses": -187,
        "Deferred income taxes expenses": -850,
        "The interests of minority shareholders": -9,
        "Total Cost of profits": -1046,
        "Profit after tax corporate income": 16791,
        "Volume": 44225385,
        "Close of Quarter": 9.2,
        "EPS": 1271,
        "Non-adjusted EPS": 1271,
        "PE": 7.2,
        "Book Price": 13.1
      }
    },
    {
      "quarter": "Q2 2012",
      "income status": {
        "Net sales": 496830,
        "Cost of goods sold": 426100,
        "Gross Profit": 70729,
        "Financial expenses": 19295,
        "Of which: Interest expense": 18120,
        "Cost of sales": 25361,
        "Enterprise cost management": 17701,
        "Total Operating Expenses": 62357,
        "Total revenue financing activities": 4502,
        "Net profit from business activities": 12876,
        "Profit": 71,
        "Profit before tax": 12947,
        "Present corporate income tax expenses": 572,
        "Deferred income taxes expenses": -176,
        "The interests of minority shareholders": -14,
        "Total Cost of profits": 382,
        "Profit after tax corporate income": 12565,
        "Volume": 44225385,
        "Close of Quarter": 8.1,
        "EPS": 1041,
        "Non-adjusted EPS": 1041,
        "PE": 7.7,
        "Book Price": 12.7
      }
    },
    {
      "quarter": "Q1 2012",
      "income status": {
        "Net sales": 541274,
        "Cost of goods sold": 471550,
        "Gross Profit": 69724,
        "Financial expenses": 19927,
        "Of which: Interest expense": 13609,
        "Cost of sales": 22948,
        "Enterprise cost management": 18157,
        "Total Operating Expenses": 61032,
        "Total revenue financing activities": 430,
        "Net profit from business activities": 9121,
        "Profit": 1553,
        "Profit before tax": 10674,
        "Present corporate income tax expenses": 676,
        "Deferred income taxes expenses": 165,
        "The interests of minority shareholders": "N/A",
        "Total Cost of profits": 841,
        "Profit after tax corporate income": 9834,
        "Volume": 44225385,
        "Close of Quarter": 9.8,
        "EPS": 1183,
        "Non-adjusted EPS": 1183,
        "PE": 8.2,
        "Book Price": 13
      }
    },
    {
      "quarter": "Q4 2011",
      "income status": {
        "Net sales": 597657,
        "Cost of goods sold": 502728,
        "Gross Profit": 94929,
        "Financial expenses": 36544,
        "Of which: Interest expense": 17676,
        "Cost of sales": 21333,
        "Enterprise cost management": 29233,
        "Total Operating Expenses": 87110,
        "Total revenue financing activities": 9746,
        "Net profit from business activities": 17564,
        "Profit": 2806,
        "Profit before tax": 20345,
        "Present corporate income tax expenses": 3574,
        "Deferred income taxes expenses": -41,
        "The interests of minority shareholders": -230,
        "Total Cost of profits": 3303,
        "Profit after tax corporate income": 17042,
        "Volume": 44225385,
        "Close of Quarter": 9.4,
        "EPS": 1421,
        "Non-adjusted EPS": 1421,
        "PE": 6.6,
        "Book Price": 13
      }
    },
    {
      "quarter": "Q3 2011",
      "income status": {
        "Net sales": 375353,
        "Cost of goods sold": 314851,
        "Gross Profit": 60501,
        "Financial expenses": 24079,
        "Of which: Interest expense": 4806,
        "Cost of sales": 17313,
        "Enterprise cost management": 16662,
        "Total Operating Expenses": 58054,
        "Total revenue financing activities": 3201,
        "Net profit from business activities": 5648,
        "Profit": 1402,
        "Profit before tax": 46888,
        "Present corporate income tax expenses": 460,
        "Deferred income taxes expenses": 8,
        "The interests of minority shareholders": -22,
        "Total Cost of profits": 446,
        "Profit after tax corporate income": 6604,
        "Volume": 44225385,
        "Close of Quarter": 10.6,
        "EPS": 1093,
        "Non-adjusted EPS": 1093,
        "PE": 9.7,
        "Book Price": 12.6
      }
    },
    {
      "quarter": "Q2 2011",
      "income status": {
        "Net sales": 431629,
        "Cost of goods sold": 342100,
        "Gross Profit": 89529,
        "Financial expenses": 41329,
        "Of which: Interest expense": 14458,
        "Cost of sales": 22416,
        "Enterprise cost management": 18043,
        "Total Operating Expenses": 81788,
        "Total revenue financing activities": 10042,
        "Net profit from business activities": 17783,
        "Profit": 1310,
        "Profit before tax": 19093,
        "Present corporate income tax expenses": 481,
        "Deferred income taxes expenses": -120,
        "The interests of minority shareholders": -90,
        "Total Cost of profits": 271,
        "Profit after tax corporate income": 18822,
        "Volume": 44225385,
        "Close of Quarter": 10.2,
        "EPS": 1169,
        "Non-adjusted EPS": 1169,
        "PE": 8.7,
        "Book Price": 13
      }
    },
    {
      "quarter": "Q1 2011",
      "income status": {
        "Net sales": 383188,
        "Cost of goods sold": 302395,
        "Gross Profit": 80793,
        "Financial expenses": 21052,
        "Of which: Interest expense": 14225,
        "Cost of sales": 24622,
        "Enterprise cost management": 15957,
        "Total Operating Expenses": 61631,
        "Total revenue financing activities": 1877,
        "Net profit from business activities": 21039,
        "Profit": -293,
        "Profit before tax": 20745,
        "Present corporate income tax expenses": 120,
        "Deferred income taxes expenses": 262,
        "The interests of minority shareholders": -28,
        "Total Cost of profits": 354,
        "Profit after tax corporate income": 20392,
        "Volume": 44225385,
        "Close of Quarter": 7.9,
        "EPS": 1045,
        "Non-adjusted EPS": 1045,
        "PE": 7.6,
        "Book Price": 12.6
      }
    },
    {
      "quarter": "Q4 2010",
      "income status": {
        "Net sales": 260385,
        "Cost of goods sold": 208881,
        "Gross Profit": 51503,
        "Financial expenses": 19024,
        "Of which: Interest expense": 18440,
        "Cost of sales": 23193,
        "Enterprise cost management": 23023,
        "Total Operating Expenses": 65240,
        "Total revenue financing activities": 12777,
        "Net profit from business activities": -958,
        "Profit": 1802,
        "Profit before tax": 624,
        "Present corporate income tax expenses": -1501,
        "Deferred income taxes expenses": -320,
        "The interests of minority shareholders": -54,
        "Total Cost of profits": -1875,
        "Profit after tax corporate income": 2499,
        "Volume": 44225385,
        "Close of Quarter": 9.8,
        "EPS": 958,
        "Non-adjusted EPS": 958,
        "PE": 10.2,
        "Book Price": 12.2
      }
    },
    {
      "quarter": "Q3 2010",
      "income status": {
        "Net sales": 340936,
        "Cost of goods sold": 295100,
        "Gross Profit": 45836,
        "Financial expenses": 7795,
        "Of which: Interest expense": 6698,
        "Cost of sales": 14600,
        "Enterprise cost management": 14524,
        "Total Operating Expenses": 36919,
        "Total revenue financing activities": 1577,
        "Net profit from business activities": 10493,
        "Profit": 318,
        "Profit before tax": 10811,
        "Present corporate income tax expenses": 906,
        "Deferred income taxes expenses": -31,
        "The interests of minority shareholders": -31,
        "Total Cost of profits": 844,
        "Profit after tax corporate income": 9967,
        "Volume": 29430711,
        "Close of Quarter": 12.9,
        "EPS": 1410.1,
        "Non-adjusted EPS": 2119,
        "PE": 6.1,
        "Book Price": 13.0
      }
    },
    {
      "quarter": "Q2 2010",
      "income status": {
        "Net sales": 335199,
        "Cost of goods sold": 279335,
        "Gross Profit": 55864,
        "Financial expenses": 17554,
        "Of which: Interest expense": 7396,
        "Cost of sales": 7579,
        "Enterprise cost management": 14382,
        "Total Operating Expenses": 39515,
        "Total revenue financing activities": 1899,
        "Net profit from business activities": 18247,
        "Profit": 7590,
        "Profit before tax": 25837,
        "Present corporate income tax expenses": 16451,
        "Deferred income taxes expenses": -3880,
        "The interests of minority shareholders": -107,
        "Total Cost of profits": 12464,
        "Profit after tax corporate income": 13373,
        "Volume": 29430711,
        "Close of Quarter": 18.4,
        "EPS": 1913.9,
        "Non-adjusted EPS": 2876,
        "PE": 6.4,
        "Book Price": 12.8
      }
    },
    {
      "quarter": "Q1 2010",
      "income status": {
        "Net sales": 215064,
        "Cost of goods sold": 185429,
        "Gross Profit": 29635,
        "Financial expenses": 5698,
        "Of which: Interest expense": 5698,
        "Cost of sales": 2409,
        "Enterprise cost management": 13545,
        "Total Operating Expenses": 21652,
        "Total revenue financing activities": 1732,
        "Net profit from business activities": 9715,
        "Profit": 9737,
        "Profit before tax": 19451,
        "Present corporate income tax expenses": 2817,
        "Deferred income taxes expenses": 293,
        "The interests of minority shareholders": -177,
        "Total Cost of profits": 2933,
        "Profit after tax corporate income": 16518,
        "Volume": 29430711,
        "Close of Quarter": 12.6,
        "EPS": 2168.1,
        "Non-adjusted EPS": 3258,
        "PE": 3.9,
        "Book Price": 13.1
      }
    },
    {
      "quarter": "Q4 2009",
      "income status": {
        "Net sales": 231561,
        "Cost of goods sold": 189606,
        "Gross Profit": 41955,
        "Financial expenses": 5216,
        "Of which: Interest expense": "N/A",
        "Cost of sales": 905,
        "Enterprise cost management": 16902,
        "Total Operating Expenses": 23023,
        "Total revenue financing activities": 836,
        "Net profit from business activities": 19768,
        "Profit": 7146,
        "Profit before tax": 26906,
        "Present corporate income tax expenses": 9069,
        "Deferred income taxes expenses": -4670,
        "The interests of minority shareholders": "N/A",
        "Total Cost of profits": 4399,
        "Profit after tax corporate income": 22507,
        "Volume": 29580711,
        "Close of Quarter": 13.2,
        "EPS": 1845.4,
        "Non-adjusted EPS": 2759,
        "PE": 4.8,
        "Book Price": 12.8
      }
    },
    {
      "quarter": "Q3 2009",
      "income status": {
        "Net sales": 246342,
        "Cost of goods sold": 190511,
        "Gross Profit": 55831,
        "Financial expenses": 5798,
        "Of which: Interest expense": "N/A",
        "Cost of sales": 1152,
        "Enterprise cost management": 11967,
        "Total Operating Expenses": 18917,
        "Total revenue financing activities": 1895,
        "Net profit from business activities": 38810,
        "Profit": 1747,
        "Profit before tax": 40557,
        "Present corporate income tax expenses": 8152,
        "Deferred income taxes expenses": 148,
        "The interests of minority shareholders": "N/A",
        "Total Cost of profits": 8300,
        "Profit after tax corporate income": 32257,
        "Volume": 28768711,
        "Close of Quarter": 20.8,
        "EPS": 1336.1,
        "Non-adjusted EPS": 2054,
        "PE": 10.1,
        "Book Price": 12.4
      }
    },
    {
      "quarter": "Q2 2009",
      "income status": {
        "Net sales": 246885,
        "Cost of goods sold": 198146,
        "Gross Profit": 48739,
        "Financial expenses": 6265,
        "Of which: Interest expense": 6097,
        "Cost of sales": 776,
        "Enterprise cost management": 10450,
        "Total Operating Expenses": 17491,
        "Total revenue financing activities": 419,
        "Net profit from business activities": 31666,
        "Profit": -115,
        "Profit before tax": 31532,
        "Present corporate income tax expenses": 6944,
        "Deferred income taxes expenses": -16,
        "The interests of minority shareholders": "N/A",
        "Total Cost of profits": 6928,
        "Profit after tax corporate income": 24605,
        "Volume": 28768711,
        "Close of Quarter": "N/A",
        "EPS": 606.9,
        "Non-adjusted EPS": 933,
        "PE": "N/A",
        "Book Price": 11.6
      }
    },
    {
      "quarter": "Q1 2009",
      "income status": {
        "Net sales": 178349,
        "Cost of goods sold": 162782,
        "Gross Profit": 15566,
        "Financial expenses": 1459,
        "Of which: Interest expense": 1459,
        "Cost of sales": 711,
        "Enterprise cost management": 9285,
        "Total Operating Expenses": 11455,
        "Total revenue financing activities": 165,
        "Net profit from business activities": 4277,
        "Profit": 170,
        "Profit before tax": 4447,
        "Present corporate income tax expenses": 2215,
        "Deferred income taxes expenses": -9,
        "The interests of minority shareholders": "N/A",
        "Total Cost of profits": 2206,
        "Profit after tax corporate income": 2241,
        "Volume": 28768711,
        "Close of Quarter": "N/A",
        "EPS": 50.7,
        "Non-adjusted EPS": 78,
        "PE": "N/A",
        "Book Price": "N/A"
      }
    }
  ]
}