{
  "ticker": "HT1",
  "data": [
    {
      "quarter": "Q1 2017",
      "income status": {
        "Net sales": 1896666,
        "Cost of goods sold": 1595244,
        "Gross Profit": 301422,
        "Financial expenses": 97659,
        "Of which: Interest expense": 80986,
        "Cost of sales": 28318,
        "Enterprise cost management": 38427,
        "Total Operating Expenses": 164404,
        "Total revenue financing activities": 2678,
        "Net profit from business activities": 139214,
        "Profit": 2845,
        "Profit before tax": 142059,
        "Present corporate income tax expenses": 28609,
        "Deferred income taxes expenses": 5038,
        "The interests of minority shareholders": -174,
        "Total Cost of profits": 33473,
        "Profit after tax corporate income": 108586,
        "Volume": 381541911,
        "Close of Quarter": 22.4,
        "EPS": 2073,
        "Non-adjusted EPS": 2073,
        "PE": 10.8,
        "Book Price": 13.9
      }
    },
    {
      "quarter": "Q4 2016",
      "income status": {
        "Net sales": 2194751,
        "Cost of goods sold": 1840561,
        "Gross Profit": 354190,
        "Financial expenses": 72989,
        "Of which: Interest expense": 83097,
        "Cost of sales": 34659,
        "Enterprise cost management": 75616,
        "Total Operating Expenses": 183264,
        "Total revenue financing activities": 36045,
        "Net profit from business activities": 206971,
        "Profit": 23906,
        "Profit before tax": 230876,
        "Present corporate income tax expenses": 46175,
        "Deferred income taxes expenses": 576,
        "The interests of minority shareholders": "N/A",
        "Total Cost of profits": 46751,
        "Profit after tax corporate income": 184125,
        "Volume": 381541911,
        "Close of Quarter": 20.5,
        "EPS": 2131,
        "Non-adjusted EPS": 2131,
        "PE": 9.6,
        "Book Price": 13.6
      }
    },
    {
      "quarter": "Q3 2016",
      "income status": {
        "Net sales": 2113937,
        "Cost of goods sold": 1638046,
        "Gross Profit": 475891,
        "Financial expenses": 100592,
        "Of which: Interest expense": 86146,
        "Cost of sales": 36321,
        "Enterprise cost management": 42697,
        "Total Operating Expenses": 179610,
        "Total revenue financing activities": 16476,
        "Net profit from business activities": 312756,
        "Profit": 9700,
        "Profit before tax": 322456,
        "Present corporate income tax expenses": 64491,
        "Deferred income taxes expenses": -23,
        "The interests of minority shareholders": "N/A",
        "Total Cost of profits": 64468,
        "Profit after tax corporate income": 257988,
        "Volume": 317952000,
        "Close of Quarter": 23.3,
        "EPS": 2221.7,
        "Non-adjusted EPS": 2666,
        "PE": 8.8,
        "Book Price": 12.9
      }
    },
    {
      "quarter": "Q2 2016",
      "income status": {
        "Net sales": 2184328,
        "Cost of goods sold": 1759207,
        "Gross Profit": 425121,
        "Financial expenses": 65925,
        "Of which: Interest expense": 89651,
        "Cost of sales": 35826,
        "Enterprise cost management": 46682,
        "Total Operating Expenses": 148433,
        "Total revenue financing activities": 14998,
        "Net profit from business activities": 291686,
        "Profit": 10420,
        "Profit before tax": 302105,
        "Present corporate income tax expenses": 60421,
        "Deferred income taxes expenses": 1333,
        "The interests of minority shareholders": "N/A",
        "Total Cost of profits": 61754,
        "Profit after tax corporate income": 240351,
        "Volume": 317952000,
        "Close of Quarter": 24.3,
        "EPS": 1905.8,
        "Non-adjusted EPS": 2287,
        "PE": 10.6,
        "Book Price": 12.3
      }
    },
    {
      "quarter": "Q1 2016",
      "income status": {
        "Net sales": 1743669,
        "Cost of goods sold": 1375507,
        "Gross Profit": 368162,
        "Financial expenses": 138274,
        "Of which: Interest expense": 88469,
        "Cost of sales": 30839,
        "Enterprise cost management": 47548,
        "Total Operating Expenses": 216661,
        "Total revenue financing activities": 11726,
        "Net profit from business activities": 163228,
        "Profit": 263,
        "Profit before tax": 163490,
        "Present corporate income tax expenses": 32698,
        "Deferred income taxes expenses": 95,
        "The interests of minority shareholders": "N/A",
        "Total Cost of profits": 32793,
        "Profit after tax corporate income": 130697,
        "Volume": 317952000,
        "Close of Quarter": 21.5,
        "EPS": 1660,
        "Non-adjusted EPS": 1992,
        "PE": 10.8,
        "Book Price": 11.9
      }
    },
    {
      "quarter": "Q4 2015",
      "income status": {
        "Net sales": 2036675,
        "Cost of goods sold": 1575090,
        "Gross Profit": 461585,
        "Financial expenses": 125297,
        "Of which: Interest expense": 93953,
        "Cost of sales": 25909,
        "Enterprise cost management": 96409,
        "Total Operating Expenses": 247615,
        "Total revenue financing activities": 58997,
        "Net profit from business activities": 272968,
        "Profit": 8985,
        "Profit before tax": 281953,
        "Present corporate income tax expenses": 63470,
        "Deferred income taxes expenses": "N/A",
        "The interests of minority shareholders": "N/A",
        "Total Cost of profits": 63470,
        "Profit after tax corporate income": 218483,
        "Volume": 317952000,
        "Close of Quarter": 22.3,
        "EPS": 1974.2,
        "Non-adjusted EPS": 2369,
        "PE": 9.4,
        "Book Price": 11.7
      }
    },
    {
      "quarter": "Q3 2015",
      "income status": {
        "Net sales": 1909007,
        "Cost of goods sold": 1468476,
        "Gross Profit": 440531,
        "Financial expenses": 109373,
        "Of which: Interest expense": 101454,
        "Cost of sales": 20744,
        "Enterprise cost management": 61807,
        "Total Operating Expenses": 191924,
        "Total revenue financing activities": -72180,
        "Net profit from business activities": 176426,
        "Profit": 205,
        "Profit before tax": 176631,
        "Present corporate income tax expenses": 38859,
        "Deferred income taxes expenses": "N/A",
        "The interests of minority shareholders": "N/A",
        "Total Cost of profits": 38859,
        "Profit after tax corporate income": 137772,
        "Volume": 317952000,
        "Close of Quarter": 18.3,
        "EPS": 1971.7,
        "Non-adjusted EPS": 2366,
        "PE": 7.8,
        "Book Price": 11.1
      }
    },
    {
      "quarter": "Q2 2015",
      "income status": {
        "Net sales": 2062957,
        "Cost of goods sold": 1629477,
        "Gross Profit": 433480,
        "Financial expenses": 112149,
        "Of which: Interest expense": 108308,
        "Cost of sales": -11834,
        "Enterprise cost management": 64742,
        "Total Operating Expenses": 165057,
        "Total revenue financing activities": -79398,
        "Net profit from business activities": 189026,
        "Profit": -1246,
        "Profit before tax": 187780,
        "Present corporate income tax expenses": 41312,
        "Deferred income taxes expenses": "N/A",
        "The interests of minority shareholders": "N/A",
        "Total Cost of profits": 41312,
        "Profit after tax corporate income": 146469,
        "Volume": 317952000,
        "Close of Quarter": 19,
        "EPS": 1814.2,
        "Non-adjusted EPS": 2177,
        "PE": 8.7,
        "Book Price": 10.7
      }
    },
    {
      "quarter": "Q1 2015",
      "income status": {
        "Net sales": 1599810,
        "Cost of goods sold": 1244727,
        "Gross Profit": 355083,
        "Financial expenses": 116922,
        "Of which: Interest expense": 112942,
        "Cost of sales": 50770,
        "Enterprise cost management": 58652,
        "Total Operating Expenses": 226344,
        "Total revenue financing activities": 191553,
        "Net profit from business activities": 320292,
        "Profit": 682,
        "Profit before tax": 320974,
        "Present corporate income tax expenses": 70614,
        "Deferred income taxes expenses": "N/A",
        "The interests of minority shareholders": "N/A",
        "Total Cost of profits": 70614,
        "Profit after tax corporate income": 250360,
        "Volume": 317952000,
        "Close of Quarter": 17.3,
        "EPS": 1460,
        "Non-adjusted EPS": 1752,
        "PE": 9.9,
        "Book Price": 10.4
      }
    },
    {
      "quarter": "Q4 2014",
      "income status": {
        "Net sales": 1853195,
        "Cost of goods sold": 1406391,
        "Gross Profit": 446804,
        "Financial expenses": 124162,
        "Of which: Interest expense": 120017,
        "Cost of sales": 103654,
        "Enterprise cost management": 42986,
        "Total Operating Expenses": 270802,
        "Total revenue financing activities": 102544,
        "Net profit from business activities": 278547,
        "Profit": 482,
        "Profit before tax": 279029,
        "Present corporate income tax expenses": 61386,
        "Deferred income taxes expenses": "N/A",
        "The interests of minority shareholders": "N/A",
        "Total Cost of profits": 61386,
        "Profit after tax corporate income": 217642,
        "Volume": 317952000,
        "Close of Quarter": 14.5,
        "EPS": 809.2,
        "Non-adjusted EPS": 971,
        "PE": 14.9,
        "Book Price": 9.8
      }
    },
    {
      "quarter": "Q3 2014",
      "income status": {
        "Net sales": 1599186,
        "Cost of goods sold": 1339954,
        "Gross Profit": 259232,
        "Financial expenses": 212947,
        "Of which: Interest expense": 125839,
        "Cost of sales": 81355,
        "Enterprise cost management": 40930,
        "Total Operating Expenses": 335232,
        "Total revenue financing activities": 176294,
        "Net profit from business activities": 100295,
        "Profit": -647,
        "Profit before tax": 99648,
        "Present corporate income tax expenses": 21922,
        "Deferred income taxes expenses": "N/A",
        "The interests of minority shareholders": "N/A",
        "Total Cost of profits": 21922,
        "Profit after tax corporate income": 77725,
        "Volume": 317952000,
        "Close of Quarter": 12.4,
        "EPS": 429.2,
        "Non-adjusted EPS": 515,
        "PE": 24.1,
        "Book Price": 9.2
      }
    },
    {
      "quarter": "Q2 2014",
      "income status": {
        "Net sales": 1727360,
        "Cost of goods sold": 1440798,
        "Gross Profit": 286562,
        "Financial expenses": 153158,
        "Of which: Interest expense": 133297,
        "Cost of sales": 75937,
        "Enterprise cost management": 50694,
        "Total Operating Expenses": 279789,
        "Total revenue financing activities": 7159,
        "Net profit from business activities": 13933,
        "Profit": 537,
        "Profit before tax": 14471,
        "Present corporate income tax expenses": 3184,
        "Deferred income taxes expenses": "N/A",
        "The interests of minority shareholders": "N/A",
        "Total Cost of profits": 3184,
        "Profit after tax corporate income": 11287,
        "Volume": 317952000,
        "Close of Quarter": 11.5,
        "EPS": 35.8,
        "Non-adjusted EPS": 43,
        "PE": 267.4,
        "Book Price": 8.7
      }
    },
    {
      "quarter": "Q1 2014",
      "income status": {
        "Net sales": 1578345,
        "Cost of goods sold": 1237245,
        "Gross Profit": 341101,
        "Financial expenses": 255429,
        "Of which: Interest expense": 143556,
        "Cost of sales": 60157,
        "Enterprise cost management": 29608,
        "Total Operating Expenses": 345194,
        "Total revenue financing activities": 5609,
        "Net profit from business activities": 1516,
        "Profit": 1033,
        "Profit before tax": 2549,
        "Present corporate income tax expenses": 561,
        "Deferred income taxes expenses": "N/A",
        "The interests of minority shareholders": "N/A",
        "Total Cost of profits": 561,
        "Profit after tax corporate income": 1988,
        "Volume": 317952000,
        "Close of Quarter": 9.9,
        "EPS": 8.3,
        "Non-adjusted EPS": 10,
        "PE": 992,
        "Book Price": 8.7
      }
    },
    {
      "quarter": "Q4 2013",
      "income status": {
        "Net sales": 1766036,
        "Cost of goods sold": 1325593,
        "Gross Profit": 440443,
        "Financial expenses": 227409,
        "Of which: Interest expense": 168759,
        "Cost of sales": 122402,
        "Enterprise cost management": 29717,
        "Total Operating Expenses": 379528,
        "Total revenue financing activities": 6402,
        "Net profit from business activities": 67317,
        "Profit": 8428,
        "Profit before tax": 75745,
        "Present corporate income tax expenses": 2849,
        "Deferred income taxes expenses": "N/A",
        "The interests of minority shareholders": "N/A",
        "Total Cost of profits": 2849,
        "Profit after tax corporate income": 72896,
        "Volume": 197952000,
        "Close of Quarter": 4.2,
        "EPS": 5.2,
        "Non-adjusted EPS": 10,
        "PE": 417,
        "Book Price": 8.4
      }
    },
    {
      "quarter": "Q3 2013",
      "income status": {
        "Net sales": 1580928,
        "Cost of goods sold": 1267971,
        "Gross Profit": 312957,
        "Financial expenses": 296787,
        "Of which: Interest expense": 177821,
        "Cost of sales": 63803,
        "Enterprise cost management": 30319,
        "Total Operating Expenses": 390909,
        "Total revenue financing activities": 4617,
        "Net profit from business activities": -73335,
        "Profit": 755,
        "Profit before tax": -72579,
        "Present corporate income tax expenses": "N/A",
        "Deferred income taxes expenses": "N/A",
        "The interests of minority shareholders": "N/A",
        "Total Cost of profits": 0,
        "Profit after tax corporate income": -72579,
        "Volume": 197952000,
        "Close of Quarter": 4.2,
        "EPS": -104.3,
        "Non-adjusted EPS": -201,
        "PE": -20.8,
        "Book Price": 5.0
      }
    },
    {
      "quarter": "Q2 2013",
      "income status": {
        "Net sales": 1870182,
        "Cost of goods sold": 1428523,
        "Gross Profit": 441659,
        "Financial expenses": 260073,
        "Of which: Interest expense": -647161,
        "Cost of sales": 96707,
        "Enterprise cost management": 28187,
        "Total Operating Expenses": 384967,
        "Total revenue financing activities": -55806,
        "Net profit from business activities": 885,
        "Profit": 434,
        "Profit before tax": 1320,
        "Present corporate income tax expenses": 330,
        "Deferred income taxes expenses": "N/A",
        "The interests of minority shareholders": "N/A",
        "Total Cost of profits": 330,
        "Profit after tax corporate income": 990,
        "Volume": 197952000,
        "Close of Quarter": 4.2,
        "EPS": 7.8,
        "Non-adjusted EPS": 15,
        "PE": 278,
        "Book Price": 5.1
      }
    },
    {
      "quarter": "Q1 2013",
      "income status": {
        "Net sales": 1151601,
        "Cost of goods sold": 917044,
        "Gross Profit": 234557,
        "Financial expenses": 255843,
        "Of which: Interest expense": 220468,
        "Cost of sales": 19302,
        "Enterprise cost management": 25204,
        "Total Operating Expenses": 300349,
        "Total revenue financing activities": 66016,
        "Net profit from business activities": 224,
        "Profit": 671,
        "Profit before tax": 895,
        "Present corporate income tax expenses": 224,
        "Deferred income taxes expenses": "N/A",
        "The interests of minority shareholders": "N/A",
        "Total Cost of profits": 224,
        "Profit after tax corporate income": 671,
        "Volume": 197952000,
        "Close of Quarter": 4.2,
        "EPS": 5.2,
        "Non-adjusted EPS": 10,
        "PE": 417,
        "Book Price": 5.0
      }
    },
    {
      "quarter": "Q4 2012",
      "income status": {
        "Net sales": 1548828,
        "Cost of goods sold": 1211846,
        "Gross Profit": 336981,
        "Financial expenses": 252413,
        "Of which: Interest expense": 229364,
        "Cost of sales": 85126,
        "Enterprise cost management": 30934,
        "Total Operating Expenses": 368473,
        "Total revenue financing activities": 47008,
        "Net profit from business activities": 15516,
        "Profit": 15953,
        "Profit before tax": 31469,
        "Present corporate income tax expenses": 414,
        "Deferred income taxes expenses": "N/A",
        "The interests of minority shareholders": "N/A",
        "Total Cost of profits": 414,
        "Profit after tax corporate income": 31055,
        "Volume": 197952000,
        "Close of Quarter": 3.4,
        "EPS": 3.1,
        "Non-adjusted EPS": 6,
        "PE": 570,
        "Book Price": 4.9
      }
    },
    {
      "quarter": "Q3 2012",
      "income status": {
        "Net sales": 1425579,
        "Cost of goods sold": 1121785,
        "Gross Profit": 303794,
        "Financial expenses": 207831,
        "Of which: Interest expense": 177009,
        "Cost of sales": 112436,
        "Enterprise cost management": 25460,
        "Total Operating Expenses": 345727,
        "Total revenue financing activities": 6391,
        "Net profit from business activities": -35541,
        "Profit": 5730,
        "Profit before tax": -29812,
        "Present corporate income tax expenses": "N/A",
        "Deferred income taxes expenses": "N/A",
        "The interests of minority shareholders": "N/A",
        "Total Cost of profits": 0,
        "Profit after tax corporate income": -29812,
        "Volume": 197952000,
        "Close of Quarter": 3.7,
        "EPS": -78.3,
        "Non-adjusted EPS": -151,
        "PE": -24.3,
        "Book Price": 5.0
      }
    },
    {
      "quarter": "Q1 2012",
      "income status": {
        "Net sales": 1160668,
        "Cost of goods sold": 874729,
        "Gross Profit": 285939,
        "Financial expenses": 233815,
        "Of which: Interest expense": 215197,
        "Cost of sales": 27325,
        "Enterprise cost management": 25632,
        "Total Operating Expenses": 286772,
        "Total revenue financing activities": 1268,
        "Net profit from business activities": 435,
        "Profit": -435,
        "Profit before tax": "N/A",
        "Present corporate income tax expenses": "N/A",
        "Deferred income taxes expenses": "N/A",
        "The interests of minority shareholders": "N/A",
        "Total Cost of profits": 0,
        "Profit after tax corporate income": 0,
        "Volume": 197952000,
        "Close of Quarter": 3.8,
        "EPS": 147.9,
        "Non-adjusted EPS": 285,
        "PE": 13.4,
        "Book Price": 4.6
      }
    },
    {
      "quarter": "Q4 2011",
      "income status": {
        "Net sales": 1345662,
        "Cost of goods sold": 956351,
        "Gross Profit": 389311,
        "Financial expenses": 275723,
        "Of which: Interest expense": 275723,
        "Cost of sales": 71233,
        "Enterprise cost management": 41179,
        "Total Operating Expenses": 388135,
        "Total revenue financing activities": 1180,
        "Net profit from business activities": 2356,
        "Profit": -2356,
        "Profit before tax": "N/A",
        "Present corporate income tax expenses": "N/A",
        "Deferred income taxes expenses": "N/A",
        "The interests of minority shareholders": "N/A",
        "Total Cost of profits": 0,
        "Profit after tax corporate income": 0,
        "Volume": 197952000,
        "Close of Quarter": 2.4,
        "EPS": 1.0,
        "Non-adjusted EPS": 2,
        "PE": 1210,
        "Book Price": 4.7
      }
    },
    {
      "quarter": "Q3 2011",
      "income status": {
        "Net sales": 1245028,
        "Cost of goods sold": 899801,
        "Gross Profit": 345227,
        "Financial expenses": 262430,
        "Of which: Interest expense": 200664,
        "Cost of sales": 58641,
        "Enterprise cost management": 29013,
        "Total Operating Expenses": 350084,
        "Total revenue financing activities": 5829,
        "Net profit from business activities": 972,
        "Profit": -972,
        "Profit before tax": "N/A",
        "Present corporate income tax expenses": "N/A",
        "Deferred income taxes expenses": "N/A",
        "The interests of minority shareholders": "N/A",
        "Total Cost of profits": 0,
        "Profit after tax corporate income": 0,
        "Volume": 197952000,
        "Close of Quarter": 3.6,
        "EPS": -66.9,
        "Non-adjusted EPS": -129,
        "PE": -27.8,
        "Book Price": 4.3
      }
    },
    {
      "quarter": "Q2 2011",
      "income status": {
        "Net sales": 1484778,
        "Cost of goods sold": 1047290,
        "Gross Profit": 437488,
        "Financial expenses": 249227,
        "Of which: Interest expense": 193146,
        "Cost of sales": 98499,
        "Enterprise cost management": 34805,
        "Total Operating Expenses": 382531,
        "Total revenue financing activities": 5079,
        "Net profit from business activities": 60034,
        "Profit": -3402,
        "Profit before tax": 56632,
        "Present corporate income tax expenses": 142,
        "Deferred income taxes expenses": "N/A",
        "The interests of minority shareholders": "N/A",
        "Total Cost of profits": 142,
        "Profit after tax corporate income": 56490,
        "Volume": 197952000,
        "Close of Quarter": 4.3,
        "EPS": -125.6,
        "Non-adjusted EPS": -242,
        "PE": -17.9,
        "Book Price": 3.7
      }
    },
    {
      "quarter": "Q1 2011",
      "income status": {
        "Net sales": 1205182,
        "Cost of goods sold": 914824,
        "Gross Profit": 290357,
        "Financial expenses": 240433,
        "Of which: Interest expense": 202054,
        "Cost of sales": 79673,
        "Enterprise cost management": 33674,
        "Total Operating Expenses": 353780,
        "Total revenue financing activities": 3606,
        "Net profit from business activities": -59817,
        "Profit": 3753,
        "Profit before tax": -56064,
        "Present corporate income tax expenses": "N/A",
        "Deferred income taxes expenses": "N/A",
        "The interests of minority shareholders": "N/A",
        "Total Cost of profits": 0,
        "Profit after tax corporate income": -56064,
        "Volume": 197952000,
        "Close of Quarter": 7.2,
        "EPS": -50.8,
        "Non-adjusted EPS": -98,
        "PE": -73.3,
        "Book Price": 3.8
      }
    },
    {
      "quarter": "Q4 2010",
      "income status": {
        "Net sales": 1272805,
        "Cost of goods sold": 1013500,
        "Gross Profit": 259304,
        "Financial expenses": 169942,
        "Of which: Interest expense": 143639,
        "Cost of sales": 59107,
        "Enterprise cost management": 63650,
        "Total Operating Expenses": 292699,
        "Total revenue financing activities": 4822,
        "Net profit from business activities": -28573,
        "Profit": 2636,
        "Profit before tax": -25937,
        "Present corporate income tax expenses": "N/A",
        "Deferred income taxes expenses": "N/A",
        "The interests of minority shareholders": "N/A",
        "Total Cost of profits": 0,
        "Profit after tax corporate income": -25937,
        "Volume": 197952000,
        "Close of Quarter": 8.4,
        "EPS": 148.4,
        "Non-adjusted EPS": 286,
        "PE": 29.3,
        "Book Price": 4.8
      }
    },
    {
      "quarter": "Q3 2010",
      "income status": {
        "Net sales": 1136132,
        "Cost of goods sold": 988241,
        "Gross Profit": 147891,
        "Financial expenses": 83853,
        "Of which: Interest expense": 73933,
        "Cost of sales": 43270,
        "Enterprise cost management": 48353,
        "Total Operating Expenses": 175476,
        "Total revenue financing activities": 4038,
        "Net profit from business activities": -23547,
        "Profit": 1209,
        "Profit before tax": -22338,
        "Present corporate income tax expenses": "N/A",
        "Deferred income taxes expenses": "N/A",
        "The interests of minority shareholders": "N/A",
        "Total Cost of profits": 0,
        "Profit after tax corporate income": -22338,
        "Volume": 197952000,
        "Close of Quarter": 8.4,
        "EPS": 291.1,
        "Non-adjusted EPS": 561,
        "PE": 14.9,
        "Book Price": 5.1
      }
    },
    {
      "quarter": "Q2 2010",
      "income status": {
        "Net sales": 1198493,
        "Cost of goods sold": 963942,
        "Gross Profit": 234551,
        "Financial expenses": 87622,
        "Of which: Interest expense": 77939,
        "Cost of sales": 39658,
        "Enterprise cost management": 54471,
        "Total Operating Expenses": 181751,
        "Total revenue financing activities": 55147,
        "Net profit from business activities": 107948,
        "Profit": -2463,
        "Profit before tax": 105484,
        "Present corporate income tax expenses": 23016,
        "Deferred income taxes expenses": -2568,
        "The interests of minority shareholders": "N/A",
        "Total Cost of profits": 20448,
        "Profit after tax corporate income": 85037,
        "Volume": 197952000,
        "Close of Quarter": 10.9,
        "EPS": 492.4,
        "Non-adjusted EPS": 949,
        "PE": 11.4,
        "Book Price": 6.3
      }
    },
    {
      "quarter": "Q1 2010",
      "income status": {
        "Net sales": 643764,
        "Cost of goods sold": 563710,
        "Gross Profit": 80054,
        "Financial expenses": 22516,
        "Of which: Interest expense": 16124,
        "Cost of sales": 21195,
        "Enterprise cost management": 18131,
        "Total Operating Expenses": 61842,
        "Total revenue financing activities": 6315,
        "Net profit from business activities": 24528,
        "Profit": -766,
        "Profit before tax": 23761,
        "Present corporate income tax expenses": 3883,
        "Deferred income taxes expenses": "N/A",
        "The interests of minority shareholders": "N/A",
        "Total Cost of profits": 3883,
        "Profit after tax corporate income": 19879,
        "Volume": 109952000,
        "Close of Quarter": 10.1,
        "EPS": 431.1,
        "Non-adjusted EPS": 1496,
        "PE": 6.7,
        "Book Price": 3.4
      }
    },
    {
      "quarter": "Q4 2009",
      "income status": {
        "Net sales": 901466,
        "Cost of goods sold": 768711,
        "Gross Profit": 132755,
        "Financial expenses": 33972,
        "Of which: Interest expense": 24612,
        "Cost of sales": 44884,
        "Enterprise cost management": 36430,
        "Total Operating Expenses": 115286,
        "Total revenue financing activities": 8417,
        "Net profit from business activities": 25885,
        "Profit": 6646,
        "Profit before tax": 32531,
        "Present corporate income tax expenses": 4072,
        "Deferred income taxes expenses": "N/A",
        "The interests of minority shareholders": "N/A",
        "Total Cost of profits": 4072,
        "Profit after tax corporate income": 28459,
        "Volume": 109952000,
        "Close of Quarter": 10.7,
        "EPS": 420.7,
        "Non-adjusted EPS": 1460,
        "PE": 7.3,
        "Book Price": 3.1
      }
    },
    {
      "quarter": "Q3 2009",
      "income status": {
        "Net sales": 626853,
        "Cost of goods sold": 481128,
        "Gross Profit": 145726,
        "Financial expenses": 10826,
        "Of which: Interest expense": 12278,
        "Cost of sales": 33839,
        "Enterprise cost management": 33813,
        "Total Operating Expenses": 78478,
        "Total revenue financing activities": 3578,
        "Net profit from business activities": 70826,
        "Profit": -8665,
        "Profit before tax": 62161,
        "Present corporate income tax expenses": 7775,
        "Deferred income taxes expenses": "N/A",
        "The interests of minority shareholders": "N/A",
        "Total Cost of profits": 7775,
        "Profit after tax corporate income": 54385,
        "Volume": 109952000,
        "Close of Quarter": 12.3,
        "EPS": 478.4,
        "Non-adjusted EPS": 1660,
        "PE": 7.4,
        "Book Price": 3.5
      }
    },
    {
      "quarter": "Q2 2009",
      "income status": {
        "Net sales": 726602,
        "Cost of goods sold": 568659,
        "Gross Profit": 157942,
        "Financial expenses": 18974,
        "Of which: Interest expense": "N/A",
        "Cost of sales": 39800,
        "Enterprise cost management": 26303,
        "Total Operating Expenses": 85077,
        "Total revenue financing activities": 6061,
        "Net profit from business activities": 78926,
        "Profit": -8296,
        "Profit before tax": 70631,
        "Present corporate income tax expenses": 8863,
        "Deferred income taxes expenses": "N/A",
        "The interests of minority shareholders": "N/A",
        "Total Cost of profits": 8863,
        "Profit after tax corporate income": 61768,
        "Volume": 86952000,
        "Close of Quarter": 11.1,
        "EPS": 394.7,
        "Non-adjusted EPS": 1732,
        "PE": 6.4,
        "Book Price": 2.6
      }
    },
    {
      "quarter": "Q1 2009",
      "income status": {
        "Net sales": 561922,
        "Cost of goods sold": 472775,
        "Gross Profit": 89147,
        "Financial expenses": 26324,
        "Of which: Interest expense": 15863,
        "Cost of sales": 25011,
        "Enterprise cost management": 21755,
        "Total Operating Expenses": 73090,
        "Total revenue financing activities": 373,
        "Net profit from business activities": 16430,
        "Profit": 1757,
        "Profit before tax": 18187,
        "Present corporate income tax expenses": 2276,
        "Deferred income taxes expenses": "N/A",
        "The interests of minority shareholders": "N/A",
        "Total Cost of profits": 2276,
        "Profit after tax corporate income": 15911,
        "Volume": 86952000,
        "Close of Quarter": 11.0,
        "EPS": 191.7,
        "Non-adjusted EPS": 841,
        "PE": 13.0,
        "Book Price": 2.6
      }
    },
    {
      "quarter": "Q4 2008",
      "income status": {
        "Net sales": 756597,
        "Cost of goods sold": 635318,
        "Gross Profit": 121279,
        "Financial expenses": 25369,
        "Of which: Interest expense": 4772,
        "Cost of sales": 30843,
        "Enterprise cost management": 17020,
        "Total Operating Expenses": 73232,
        "Total revenue financing activities": 2092,
        "Net profit from business activities": 50139,
        "Profit": 331,
        "Profit before tax": 50470,
        "Present corporate income tax expenses": "N/A",
        "Deferred income taxes expenses": "N/A",
        "The interests of minority shareholders": "N/A",
        "Total Cost of profits": 0,
        "Profit after tax corporate income": 50470,
        "Volume": 86952000,
        "Close of Quarter": 11.6,
        "EPS": 184.8,
        "Non-adjusted EPS": 811,
        "PE": 14.3,
        "Book Price": 2.5
      }
    },
    {
      "quarter": "Q3 2008",
      "income status": {
        "Net sales": 599586,
        "Cost of goods sold": 515962,
        "Gross Profit": 83624,
        "Financial expenses": 16028,
        "Of which: Interest expense": 16604,
        "Cost of sales": 24018,
        "Enterprise cost management": 21958,
        "Total Operating Expenses": 62004,
        "Total revenue financing activities": 2233,
        "Net profit from business activities": 23854,
        "Profit": -1434,
        "Profit before tax": 22420,
        "Present corporate income tax expenses": "N/A",
        "Deferred income taxes expenses": "N/A",
        "The interests of minority shareholders": "N/A",
        "Total Cost of profits": 0,
        "Profit after tax corporate income": 22420,
        "Volume": 86952000,
        "Close of Quarter": 10.1,
        "EPS": 169.3,
        "Non-adjusted EPS": 743,
        "PE": 13.6,
        "Book Price": 2.5
      }
    },
    {
      "quarter": "Q2 2008",
      "income status": {
        "Net sales": 649971,
        "Cost of goods sold": 605063,
        "Gross Profit": 44908,
        "Financial expenses": 28638,
        "Of which: Interest expense": 9901,
        "Cost of sales": 18033,
        "Enterprise cost management": 14918,
        "Total Operating Expenses": 61589,
        "Total revenue financing activities": 1186,
        "Net profit from business activities": -15495,
        "Profit": -195,
        "Profit before tax": -15691,
        "Present corporate income tax expenses": "N/A",
        "Deferred income taxes expenses": "N/A",
        "The interests of minority shareholders": "N/A",
        "Total Cost of profits": 0,
        "Profit after tax corporate income": -15691,
        "Volume": 87000000,
        "Close of Quarter": 9.4,
        "EPS": 166,
        "Non-adjusted EPS": 728,
        "PE": 12.9,
        "Book Price": 2.1
      }
    },
    {
      "quarter": "Q1 2008",
      "income status": {
        "Net sales": 539061,
        "Cost of goods sold": 483884,
        "Gross Profit": 55178,
        "Financial expenses": 11098,
        "Of which: Interest expense": 9885,
        "Cost of sales": 18151,
        "Enterprise cost management": 15174,
        "Total Operating Expenses": 44423,
        "Total revenue financing activities": 2478,
        "Net profit from business activities": 13233,
        "Profit": 45,
        "Profit before tax": 13277,
        "Present corporate income tax expenses": "N/A",
        "Deferred income taxes expenses": "N/A",
        "The interests of minority shareholders": "N/A",
        "Total Cost of profits": 0,
        "Profit after tax corporate income": 13277,
        "Volume": 87000000,
        "Close of Quarter": 15.7,
        "EPS": 207.3,
        "Non-adjusted EPS": 909,
        "PE": 17.3,
        "Book Price": 2.4
      }
    },
    {
      "quarter": "Q4 2007",
      "income status": {
        "Net sales": 651251,
        "Cost of goods sold": 566687,
        "Gross Profit": 84564,
        "Financial expenses": 4725,
        "Of which: Interest expense": "N/A",
        "Cost of sales": 21191,
        "Enterprise cost management": 15733,
        "Total Operating Expenses": 41649,
        "Total revenue financing activities": 1585,
        "Net profit from business activities": 44500,
        "Profit": 142,
        "Profit before tax": 44642,
        "Present corporate income tax expenses": "N/A",
        "Deferred income taxes expenses": "N/A",
        "The interests of minority shareholders": "N/A",
        "Total Cost of profits": 0,
        "Profit after tax corporate income": 44642,
        "Volume": 87000000,
        "Close of Quarter": 29.0,
        "EPS": 172.4,
        "Non-adjusted EPS": 756,
        "PE": 38.3,
        "Book Price": 2.5
      }
    },
    {
      "quarter": "Q3 2007",
      "income status": {
        "Net sales": 526903,
        "Cost of goods sold": 471503,
        "Gross Profit": 55400,
        "Financial expenses": 5670,
        "Of which: Interest expense": 4103,
        "Cost of sales": 16783,
        "Enterprise cost management": 12348,
        "Total Operating Expenses": 34801,
        "Total revenue financing activities": 538,
        "Net profit from business activities": 21137,
        "Profit": -5,
        "Profit before tax": 21132,
        "Present corporate income tax expenses": "N/A",
        "Deferred income taxes expenses": "N/A",
        "The interests of minority shareholders": "N/A",
        "Total Cost of profits": 0,
        "Profit after tax corporate income": 21132,
        "Volume": 87000000,
        "Close of Quarter": "N/A",
        "EPS": 55.4,
        "Non-adjusted EPS": 243,
        "PE": "N/A",
        "Book Price": 2.4
      }
    }
  ]
}