{
  "ticker": "CTC",
  "data": [
    {
      "quarter": "Q1 2017",
      "income status": {
        "Net sales": 35552,
        "Cost of goods sold": 27629,
        "Gross Profit": 7923,
        "Financial expenses": 2727,
        "Of which: Interest expense": 2727,
        "Cost of sales": 3706,
        "Enterprise cost management": 1559,
        "Total Operating Expenses": 7992,
        "Total revenue financing activities": 1004,
        "Net profit from business activities": 936,
        "Profit": 49,
        "Profit before tax": 985,
        "Present corporate income tax expenses": "N/A",
        "Deferred income taxes expenses": "N/A",
        "The interests of minority shareholders": "N/A",
        "Total Cost of profits": 0,
        "Profit after tax corporate income": 985,
        "Volume": 8799926,
        "Close of Quarter": 5.7,
        "EPS": -31,
        "Non-adjusted EPS": -31,
        "PE": -183.9,
        "Book Price": 10
      }
    },
    {
      "quarter": "Q4 2016",
      "income status": {
        "Net sales": 29973,
        "Cost of goods sold": 18260,
        "Gross Profit": 11713,
        "Financial expenses": 2342,
        "Of which: Interest expense": 2342,
        "Cost of sales": 3891,
        "Enterprise cost management": 1683,
        "Total Operating Expenses": 7916,
        "Total revenue financing activities": 1,
        "Net profit from business activities": 3798,
        "Profit": 52,
        "Profit before tax": 3850,
        "Present corporate income tax expenses": "N/A",
        "Deferred income taxes expenses": "N/A",
        "The interests of minority shareholders": "N/A",
        "Total Cost of profits": 0,
        "Profit after tax corporate income": 3850,
        "Volume": 8799926,
        "Close of Quarter": 6.4,
        "EPS": 38,
        "Non-adjusted EPS": 38,
        "PE": 168.4,
        "Book Price": 11
      }
    },
    {
      "quarter": "Q3 2016",
      "income status": {
        "Net sales": 38534,
        "Cost of goods sold": 30480,
        "Gross Profit": 8054,
        "Financial expenses": 2782,
        "Of which: Interest expense": 2732,
        "Cost of sales": 4021,
        "Enterprise cost management": 1724,
        "Total Operating Expenses": 8527,
        "Total revenue financing activities": 11,
        "Net profit from business activities": -462,
        "Profit": -5,
        "Profit before tax": -468,
        "Present corporate income tax expenses": "N/A",
        "Deferred income taxes expenses": "N/A",
        "The interests of minority shareholders": "N/A",
        "Total Cost of profits": 0,
        "Profit after tax corporate income": -468,
        "Volume": 8799926,
        "Close of Quarter": 8,
        "EPS": 39,
        "Non-adjusted EPS": 39,
        "PE": 205.1,
        "Book Price": 10.6
      }
    },
    {
      "quarter": "Q2 2016",
      "income status": {
        "Net sales": 34483,
        "Cost of goods sold": 26837,
        "Gross Profit": 7646,
        "Financial expenses": 2939,
        "Of which: Interest expense": 2839,
        "Cost of sales": 3225,
        "Enterprise cost management": 6660,
        "Total Operating Expenses": 12824,
        "Total revenue financing activities": 94,
        "Net profit from business activities": -5085,
        "Profit": -33,
        "Profit before tax": -5117,
        "Present corporate income tax expenses": -475,
        "Deferred income taxes expenses": "N/A",
        "The interests of minority shareholders": "N/A",
        "Total Cost of profits": -475,
        "Profit after tax corporate income": -4642,
        "Volume": 8799926,
        "Close of Quarter": 8.7,
        "EPS": 187,
        "Non-adjusted EPS": 187,
        "PE": 46.3,
        "Book Price": 10.6
      }
    },
    {
      "quarter": "Q1 2016",
      "income status": {
        "Net sales": 28976,
        "Cost of goods sold": 20153,
        "Gross Profit": 8823,
        "Financial expenses": 2836,
        "Of which: Interest expense": 2836,
        "Cost of sales": 2682,
        "Enterprise cost management": 1155,
        "Total Operating Expenses": 6673,
        "Total revenue financing activities": 3,
        "Net profit from business activities": 2153,
        "Profit": -88,
        "Profit before tax": 2065,
        "Present corporate income tax expenses": 475,
        "Deferred income taxes expenses": "N/A",
        "The interests of minority shareholders": "N/A",
        "Total Cost of profits": 475,
        "Profit after tax corporate income": 1590,
        "Volume": 8799926,
        "Close of Quarter": 7.3,
        "EPS": 628,
        "Non-adjusted EPS": 628,
        "PE": 11.7,
        "Book Price": 11.7
      }
    },
    {
      "quarter": "Q4 2015",
      "income status": {
        "Net sales": 29715,
        "Cost of goods sold": 22162,
        "Gross Profit": 7552,
        "Financial expenses": 4061,
        "Of which: Interest expense": 3672,
        "Cost of sales": 3010,
        "Enterprise cost management": 1591,
        "Total Operating Expenses": 8662,
        "Total revenue financing activities": 1265,
        "Net profit from business activities": 594,
        "Profit": 3960,
        "Profit before tax": 4554,
        "Present corporate income tax expenses": 749,
        "Deferred income taxes expenses": "N/A",
        "The interests of minority shareholders": -59,
        "Total Cost of profits": 690,
        "Profit after tax corporate income": 3864,
        "Volume": 8799926,
        "Close of Quarter": 7.3,
        "EPS": 548,
        "Non-adjusted EPS": 548,
        "PE": 13.4,
        "Book Price": 11.4
      }
    },
    {
      "quarter": "Q3 2015",
      "income status": {
        "Net sales": 36236,
        "Cost of goods sold": 27089,
        "Gross Profit": 9148,
        "Financial expenses": 3530,
        "Of which: Interest expense": 3228,
        "Cost of sales": 3025,
        "Enterprise cost management": 1798,
        "Total Operating Expenses": 8353,
        "Total revenue financing activities": 7,
        "Net profit from business activities": 1051,
        "Profit": 48,
        "Profit before tax": 1099,
        "Present corporate income tax expenses": 260,
        "Deferred income taxes expenses": "N/A",
        "The interests of minority shareholders": 5,
        "Total Cost of profits": 265,
        "Profit after tax corporate income": 834,
        "Volume": 8799926,
        "Close of Quarter": 7.2,
        "EPS": 391,
        "Non-adjusted EPS": 391,
        "PE": 18.5,
        "Book Price": 11
      }
    },
    {
      "quarter": "Q2 2015",
      "income status": {
        "Net sales": 43607,
        "Cost of goods sold": 34523,
        "Gross Profit": 9084,
        "Financial expenses": 4599,
        "Of which: Interest expense": 4210,
        "Cost of sales": 3203,
        "Enterprise cost management": 2174,
        "Total Operating Expenses": 9976,
        "Total revenue financing activities": 79,
        "Net profit from business activities": -553,
        "Profit": 90,
        "Profit before tax": -463,
        "Present corporate income tax expenses": 184,
        "Deferred income taxes expenses": 56,
        "The interests of minority shareholders": 62,
        "Total Cost of profits": 302,
        "Profit after tax corporate income": -765,
        "Volume": 8799926,
        "Close of Quarter": 6.2,
        "EPS": 317,
        "Non-adjusted EPS": 317,
        "PE": 19.4,
        "Book Price": 10.9
      }
    },
    {
      "quarter": "Q1 2015",
      "income status": {
        "Net sales": 38311,
        "Cost of goods sold": 27142,
        "Gross Profit": 11169,
        "Financial expenses": 4555,
        "Of which: Interest expense": 4505,
        "Cost of sales": 3337,
        "Enterprise cost management": 2127,
        "Total Operating Expenses": 10019,
        "Total revenue financing activities": 6,
        "Net profit from business activities": 1156,
        "Profit": 127,
        "Profit before tax": 1283,
        "Present corporate income tax expenses": 312,
        "Deferred income taxes expenses": -14,
        "The interests of minority shareholders": 95,
        "Total Cost of profits": 393,
        "Profit after tax corporate income": 889,
        "Volume": 8799926,
        "Close of Quarter": 7.3,
        "EPS": 553,
        "Non-adjusted EPS": 553,
        "PE": 13.2,
        "Book Price": 12.1
      }
    },
    {
      "quarter": "Q4 2014",
      "income status": {
        "Net sales": 37529,
        "Cost of goods sold": 23956,
        "Gross Profit": 13573,
        "Financial expenses": 4877,
        "Of which: Interest expense": 4827,
        "Cost of sales": 2925,
        "Enterprise cost management": 2703,
        "Total Operating Expenses": 10505,
        "Total revenue financing activities": 142,
        "Net profit from business activities": 3231,
        "Profit": 166,
        "Profit before tax": 3397,
        "Present corporate income tax expenses": 488,
        "Deferred income taxes expenses": 64,
        "The interests of minority shareholders": 360,
        "Total Cost of profits": 912,
        "Profit after tax corporate income": 2485,
        "Volume": 8799926,
        "Close of Quarter": 5.3,
        "EPS": 469,
        "Non-adjusted EPS": 469,
        "PE": 11.2,
        "Book Price": 11.8
      }
    },
    {
      "quarter": "Q3 2014",
      "income status": {
        "Net sales": 49490,
        "Cost of goods sold": 37894,
        "Gross Profit": 11595,
        "Financial expenses": 5546,
        "Of which: Interest expense": 5396,
        "Cost of sales": 3763,
        "Enterprise cost management": 1869,
        "Total Operating Expenses": 11178,
        "Total revenue financing activities": 47,
        "Net profit from business activities": 465,
        "Profit": 149,
        "Profit before tax": 613,
        "Present corporate income tax expenses": 367,
        "Deferred income taxes expenses": "N/A",
        "The interests of minority shareholders": 67,
        "Total Cost of profits": 434,
        "Profit after tax corporate income": 179,
        "Volume": 8799926,
        "Close of Quarter": 6.7,
        "EPS": 209,
        "Non-adjusted EPS": 209,
        "PE": 32.0,
        "Book Price": 11.2
      }
    },
    {
      "quarter": "Q2 2014",
      "income status": {
        "Net sales": 52564,
        "Cost of goods sold": 38590,
        "Gross Profit": 13974,
        "Financial expenses": 5337,
        "Of which: Interest expense": 5387,
        "Cost of sales": 4349,
        "Enterprise cost management": 3002,
        "Total Operating Expenses": 12688,
        "Total revenue financing activities": 63,
        "Net profit from business activities": 1376,
        "Profit": 466,
        "Profit before tax": 1842,
        "Present corporate income tax expenses": 570,
        "Deferred income taxes expenses": -351,
        "The interests of minority shareholders": 308,
        "Total Cost of profits": 527,
        "Profit after tax corporate income": 1315,
        "Volume": 8799926,
        "Close of Quarter": 5.3,
        "EPS": -4,
        "Non-adjusted EPS": -4,
        "PE": -1335,
        "Book Price": 11.2
      }
    },
    {
      "quarter": "Q1 2014",
      "income status": {
        "Net sales": 61208,
        "Cost of goods sold": 48159,
        "Gross Profit": 13048,
        "Financial expenses": 5423,
        "Of which: Interest expense": 5373,
        "Cost of sales": 4904,
        "Enterprise cost management": 3002,
        "Total Operating Expenses": 13329,
        "Total revenue financing activities": 119,
        "Net profit from business activities": -163,
        "Profit": 484,
        "Profit before tax": 322,
        "Present corporate income tax expenses": 144,
        "Deferred income taxes expenses": "N/A",
        "The interests of minority shareholders": 29,
        "Total Cost of profits": 173,
        "Profit after tax corporate income": 149,
        "Volume": 8799926,
        "Close of Quarter": 7.8,
        "EPS": -164,
        "Non-adjusted EPS": -164,
        "PE": -47.3,
        "Book Price": 12.2
      }
    },
    {
      "quarter": "Q4 2013",
      "income status": {
        "Net sales": 65102,
        "Cost of goods sold": 50721,
        "Gross Profit": 14381,
        "Financial expenses": 4498,
        "Of which: Interest expense": 4497,
        "Cost of sales": 6281,
        "Enterprise cost management": 3112,
        "Total Operating Expenses": 13891,
        "Total revenue financing activities": 45,
        "Net profit from business activities": 535,
        "Profit": -210,
        "Profit before tax": 325,
        "Present corporate income tax expenses": 60,
        "Deferred income taxes expenses": 60,
        "The interests of minority shareholders": 13,
        "Total Cost of profits": 133,
        "Profit after tax corporate income": 192,
        "Volume": 8799926,
        "Close of Quarter": 6.5,
        "EPS": 141,
        "Non-adjusted EPS": 141,
        "PE": 45.8,
        "Book Price": 11.7
      }
    },
    {
      "quarter": "Q3 2013",
      "income status": {
        "Net sales": 66372,
        "Cost of goods sold": 50568,
        "Gross Profit": 15804,
        "Financial expenses": 9303,
        "Of which: Interest expense": 5279,
        "Cost of sales": 5549,
        "Enterprise cost management": 2829,
        "Total Operating Expenses": 17681,
        "Total revenue financing activities": 144,
        "Net profit from business activities": -1733,
        "Profit": 103,
        "Profit before tax": -1631,
        "Present corporate income tax expenses": "N/A",
        "Deferred income taxes expenses": 59,
        "The interests of minority shareholders": "N/A",
        "Total Cost of profits": 59,
        "Profit after tax corporate income": -1690,
        "Volume": 8799926,
        "Close of Quarter": 5.4,
        "EPS": 192,
        "Non-adjusted EPS": 192,
        "PE": 28.0,
        "Book Price": 11.6
      }
    },
    {
      "quarter": "Q2 2013",
      "income status": {
        "Net sales": 69432,
        "Cost of goods sold": 54699,
        "Gross Profit": 14733,
        "Financial expenses": 5607,
        "Of which: Interest expense": 5624,
        "Cost of sales": 4291,
        "Enterprise cost management": 4506,
        "Total Operating Expenses": 14404,
        "Total revenue financing activities": 37,
        "Net profit from business activities": 367,
        "Profit": -196,
        "Profit before tax": 171,
        "Present corporate income tax expenses": 77,
        "Deferred income taxes expenses": 238,
        "The interests of minority shareholders": -50,
        "Total Cost of profits": 265,
        "Profit after tax corporate income": -95,
        "Volume": 8799926,
        "Close of Quarter": 5.2,
        "EPS": 511,
        "Non-adjusted EPS": 511,
        "PE": 10.2,
        "Book Price": 11.9
      }
    },
    {
      "quarter": "Q1 2013",
      "income status": {
        "Net sales": 72553,
        "Cost of goods sold": 53773,
        "Gross Profit": 18780,
        "Financial expenses": 4659,
        "Of which: Interest expense": 4659,
        "Cost of sales": 4219,
        "Enterprise cost management": 5901,
        "Total Operating Expenses": 14779,
        "Total revenue financing activities": 144,
        "Net profit from business activities": 4145,
        "Profit": 860,
        "Profit before tax": 5005,
        "Present corporate income tax expenses": 1038,
        "Deferred income taxes expenses": "N/A",
        "The interests of minority shareholders": 1135,
        "Total Cost of profits": 2173,
        "Profit after tax corporate income": 2832,
        "Volume": 8799926,
        "Close of Quarter": 4.5,
        "EPS": 732,
        "Non-adjusted EPS": 732,
        "PE": 6.1,
        "Book Price": 12
      }
    },
    {
      "quarter": "Q4 2012",
      "income status": {
        "Net sales": 75023,
        "Cost of goods sold": 55974,
        "Gross Profit": 19049,
        "Financial expenses": 6669,
        "Of which: Interest expense": 6746,
        "Cost of sales": 4218,
        "Enterprise cost management": 6363,
        "Total Operating Expenses": 17250,
        "Total revenue financing activities": 551,
        "Net profit from business activities": 2350,
        "Profit": 7,
        "Profit before tax": 2357,
        "Present corporate income tax expenses": 862,
        "Deferred income taxes expenses": 270,
        "The interests of minority shareholders": 579,
        "Total Cost of profits": 1711,
        "Profit after tax corporate income": 645,
        "Volume": 8799926,
        "Close of Quarter": 5.1,
        "EPS": 743,
        "Non-adjusted EPS": 743,
        "PE": 6.8,
        "Book Price": 11.6
      }
    },
    {
      "quarter": "Q3 2012",
      "income status": {
        "Net sales": 71393,
        "Cost of goods sold": 55950,
        "Gross Profit": 15444,
        "Financial expenses": 5088,
        "Of which: Interest expense": 5088,
        "Cost of sales": 4212,
        "Enterprise cost management": 4864,
        "Total Operating Expenses": 14164,
        "Total revenue financing activities": 277,
        "Net profit from business activities": 1557,
        "Profit": 242,
        "Profit before tax": 1800,
        "Present corporate income tax expenses": 254,
        "Deferred income taxes expenses": "N/A",
        "The interests of minority shareholders": 432,
        "Total Cost of profits": 686,
        "Profit after tax corporate income": 1114,
        "Volume": 8799926,
        "Close of Quarter": 5.1,
        "EPS": 1034,
        "Non-adjusted EPS": 1034,
        "PE": 4.9,
        "Book Price": 11.6
      }
    },
    {
      "quarter": "Q2 2012",
      "income status": {
        "Net sales": 75016,
        "Cost of goods sold": 57335,
        "Gross Profit": 17682,
        "Financial expenses": 5128,
        "Of which: Interest expense": 5195,
        "Cost of sales": 3548,
        "Enterprise cost management": 6086,
        "Total Operating Expenses": 14762,
        "Total revenue financing activities": 54,
        "Net profit from business activities": 2975,
        "Profit": 167,
        "Profit before tax": 3142,
        "Present corporate income tax expenses": 737,
        "Deferred income taxes expenses": "N/A",
        "The interests of minority shareholders": 552,
        "Total Cost of profits": 1289,
        "Profit after tax corporate income": 1853,
        "Volume": 8799926,
        "Close of Quarter": 5.8,
        "EPS": 1298,
        "Non-adjusted EPS": 1298,
        "PE": 4.5,
        "Book Price": 11.5
      }
    },
    {
      "quarter": "Q1 2012",
      "income status": {
        "Net sales": 74723,
        "Cost of goods sold": 56301,
        "Gross Profit": 18421,
        "Financial expenses": 4572,
        "Of which: Interest expense": 4522,
        "Cost of sales": 3971,
        "Enterprise cost management": 5263,
        "Total Operating Expenses": 13806,
        "Total revenue financing activities": 57,
        "Net profit from business activities": 4672,
        "Profit": 58,
        "Profit before tax": 4730,
        "Present corporate income tax expenses": 792,
        "Deferred income taxes expenses": "N/A",
        "The interests of minority shareholders": 1012,
        "Total Cost of profits": 1804,
        "Profit after tax corporate income": 2926,
        "Volume": 8799926,
        "Close of Quarter": 4.7,
        "EPS": 1379,
        "Non-adjusted EPS": 1379,
        "PE": 3.4,
        "Book Price": 12.5
      }
    },
    {
      "quarter": "Q4 2011",
      "income status": {
        "Net sales": 73029,
        "Cost of goods sold": 55442,
        "Gross Profit": 17587,
        "Financial expenses": 4208,
        "Of which: Interest expense": 4208,
        "Cost of sales": 3536,
        "Enterprise cost management": 4859,
        "Total Operating Expenses": 12603,
        "Total revenue financing activities": 154,
        "Net profit from business activities": 5137,
        "Profit": -55,
        "Profit before tax": 5082,
        "Present corporate income tax expenses": 1097,
        "Deferred income taxes expenses": "N/A",
        "The interests of minority shareholders": 776,
        "Total Cost of profits": 1873,
        "Profit after tax corporate income": 3209,
        "Volume": 8000000,
        "Close of Quarter": 6.2,
        "EPS": 1460.9,
        "Non-adjusted EPS": 1607,
        "PE": 3.9,
        "Book Price": 12.3
      }
    },
    {
      "quarter": "Q3 2011",
      "income status": {
        "Net sales": 76693,
        "Cost of goods sold": 59394,
        "Gross Profit": 17299,
        "Financial expenses": 4427,
        "Of which: Interest expense": 4427,
        "Cost of sales": 3308,
        "Enterprise cost management": 4442,
        "Total Operating Expenses": 12177,
        "Total revenue financing activities": 260,
        "Net profit from business activities": 5383,
        "Profit": 492,
        "Profit before tax": 5874,
        "Present corporate income tax expenses": 909,
        "Deferred income taxes expenses": "N/A",
        "The interests of minority shareholders": 1529,
        "Total Cost of profits": 2438,
        "Profit after tax corporate income": 3436,
        "Volume": 8000000,
        "Close of Quarter": 5.4,
        "EPS": 1348.2,
        "Non-adjusted EPS": 1483,
        "PE": 3.7,
        "Book Price": 12.1
      }
    },
    {
      "quarter": "Q2 2011",
      "income status": {
        "Net sales": 83080,
        "Cost of goods sold": 67098,
        "Gross Profit": 15982,
        "Financial expenses": 2784,
        "Of which: Interest expense": 2686,
        "Cost of sales": 3292,
        "Enterprise cost management": 6126,
        "Total Operating Expenses": 12202,
        "Total revenue financing activities": 26,
        "Net profit from business activities": 3806,
        "Profit": 200,
        "Profit before tax": 4006,
        "Present corporate income tax expenses": 800,
        "Deferred income taxes expenses": "N/A",
        "The interests of minority shareholders": 639,
        "Total Cost of profits": 1439,
        "Profit after tax corporate income": 2567,
        "Volume": 8000000,
        "Close of Quarter": 4.5,
        "EPS": 1215.5,
        "Non-adjusted EPS": 1337,
        "PE": 3.3,
        "Book Price": 11.7
      }
    },
    {
      "quarter": "Q1 2011",
      "income status": {
        "Net sales": 60020,
        "Cost of goods sold": 45326,
        "Gross Profit": 14693,
        "Financial expenses": 2561,
        "Of which: Interest expense": 2561,
        "Cost of sales": 3171,
        "Enterprise cost management": 3690,
        "Total Operating Expenses": 9422,
        "Total revenue financing activities": 295,
        "Net profit from business activities": 5567,
        "Profit": 1,
        "Profit before tax": 5568,
        "Present corporate income tax expenses": 903,
        "Deferred income taxes expenses": "N/A",
        "The interests of minority shareholders": 1023,
        "Total Cost of profits": 1926,
        "Profit after tax corporate income": 3642,
        "Volume": 8000000,
        "Close of Quarter": 6.2,
        "EPS": 1294.6,
        "Non-adjusted EPS": 1424,
        "PE": 4.4,
        "Book Price": 11.6
      }
    },
    {
      "quarter": "Q4 2010",
      "income status": {
        "Net sales": 49750,
        "Cost of goods sold": 37121,
        "Gross Profit": 12629,
        "Financial expenses": 1920,
        "Of which: Interest expense": 1920,
        "Cost of sales": 2614,
        "Enterprise cost management": 4747,
        "Total Operating Expenses": 9281,
        "Total revenue financing activities": 165,
        "Net profit from business activities": 3513,
        "Profit": 152,
        "Profit before tax": 3665,
        "Present corporate income tax expenses": 433,
        "Deferred income taxes expenses": "N/A",
        "The interests of minority shareholders": 1017,
        "Total Cost of profits": 1450,
        "Profit after tax corporate income": 2216,
        "Volume": 4871200,
        "Close of Quarter": 7.3,
        "EPS": 1105.4,
        "Non-adjusted EPS": 1997,
        "PE": 3.7,
        "Book Price": 11.4
      }
    },
    {
      "quarter": "Q3 2010",
      "income status": {
        "Net sales": 49548,
        "Cost of goods sold": 37431,
        "Gross Profit": 12117,
        "Financial expenses": 2580,
        "Of which: Interest expense": 2580,
        "Cost of sales": 2160,
        "Enterprise cost management": 4023,
        "Total Operating Expenses": 8763,
        "Total revenue financing activities": 119,
        "Net profit from business activities": 3473,
        "Profit": 153,
        "Profit before tax": 3626,
        "Present corporate income tax expenses": 482,
        "Deferred income taxes expenses": "N/A",
        "The interests of minority shareholders": 870,
        "Total Cost of profits": 1352,
        "Profit after tax corporate income": 2274,
        "Volume": 4871200,
        "Close of Quarter": 10.3,
        "EPS": 1206.7,
        "Non-adjusted EPS": 2180,
        "PE": 4.7,
        "Book Price": 7.5
      }
    },
    {
      "quarter": "Q2 2010",
      "income status": {
        "Net sales": 47976,
        "Cost of goods sold": 36614,
        "Gross Profit": 11362,
        "Financial expenses": 1494,
        "Of which: Interest expense": 1494,
        "Cost of sales": 1970,
        "Enterprise cost management": 3622,
        "Total Operating Expenses": 7086,
        "Total revenue financing activities": 467,
        "Net profit from business activities": 4744,
        "Profit": 11,
        "Profit before tax": 4755,
        "Present corporate income tax expenses": 933,
        "Deferred income taxes expenses": "N/A",
        "The interests of minority shareholders": 561,
        "Total Cost of profits": 1494,
        "Profit after tax corporate income": 3261,
        "Volume": 4871200,
        "Close of Quarter": 7.7,
        "EPS": 1130.9,
        "Non-adjusted EPS": 2043,
        "PE": 3.8,
        "Book Price": 7.2
      }
    },
    {
      "quarter": "Q1 2010",
      "income status": {
        "Net sales": 41827,
        "Cost of goods sold": 31000,
        "Gross Profit": 10827,
        "Financial expenses": 1760,
        "Of which: Interest expense": 1760,
        "Cost of sales": 2062,
        "Enterprise cost management": 3824,
        "Total Operating Expenses": 7646,
        "Total revenue financing activities": 25,
        "Net profit from business activities": 3206,
        "Profit": 24,
        "Profit before tax": 3231,
        "Present corporate income tax expenses": 353,
        "Deferred income taxes expenses": "N/A",
        "The interests of minority shareholders": 898,
        "Total Cost of profits": 1251,
        "Profit after tax corporate income": 1979,
        "Volume": 4871200,
        "Close of Quarter": 7.8,
        "EPS": 974.3,
        "Non-adjusted EPS": 1760,
        "PE": 4.4,
        "Book Price": 7.2
      }
    },
    {
      "quarter": "Q4 2009",
      "income status": {
        "Net sales": 38675,
        "Cost of goods sold": 20858,
        "Gross Profit": 17817,
        "Financial expenses": 1241,
        "Of which: Interest expense": "N/A",
        "Cost of sales": 4548,
        "Enterprise cost management": 7224,
        "Total Operating Expenses": 13013,
        "Total revenue financing activities": 99,
        "Net profit from business activities": 4904,
        "Profit": 279,
        "Profit before tax": 5183,
        "Present corporate income tax expenses": 276,
        "Deferred income taxes expenses": "N/A",
        "The interests of minority shareholders": 1804,
        "Total Cost of profits": 2080,
        "Profit after tax corporate income": 3103,
        "Volume": 4871200,
        "Close of Quarter": 5.5,
        "EPS": 889,
        "Non-adjusted EPS": 1606,
        "PE": 3.4,
        "Book Price": 7.0
      }
    },
    {
      "quarter": "Q3 2009",
      "income status": {
        "Net sales": 33465,
        "Cost of goods sold": 25845,
        "Gross Profit": 7620,
        "Financial expenses": 1511,
        "Of which: Interest expense": 1511,
        "Cost of sales": 1712,
        "Enterprise cost management": 2650,
        "Total Operating Expenses": 5873,
        "Total revenue financing activities": 39,
        "Net profit from business activities": 1786,
        "Profit": 54,
        "Profit before tax": 1840,
        "Present corporate income tax expenses": 230,
        "Deferred income taxes expenses": "N/A",
        "The interests of minority shareholders": "N/A",
        "Total Cost of profits": 230,
        "Profit after tax corporate income": 1610,
        "Volume": 2376200,
        "Close of Quarter": 6.5,
        "EPS": 709.4,
        "Non-adjusted EPS": 2627,
        "PE": 2.5,
        "Book Price": 6.7
      }
    },
    {
      "quarter": "Q2 2009",
      "income status": {
        "Net sales": 34273,
        "Cost of goods sold": 27277,
        "Gross Profit": 6996,
        "Financial expenses": 1101,
        "Of which: Interest expense": 1101,
        "Cost of sales": 1473,
        "Enterprise cost management": 2418,
        "Total Operating Expenses": 4992,
        "Total revenue financing activities": 5,
        "Net profit from business activities": 2010,
        "Profit": 141,
        "Profit before tax": 2150,
        "Present corporate income tax expenses": 269,
        "Deferred income taxes expenses": "N/A",
        "The interests of minority shareholders": "N/A",
        "Total Cost of profits": 269,
        "Profit after tax corporate income": 1882,
        "Volume": 2376200,
        "Close of Quarter": 6.8,
        "EPS": 696.4,
        "Non-adjusted EPS": 2579,
        "PE": 2.6,
        "Book Price": 3.9
      }
    },
    {
      "quarter": "Q1 2009",
      "income status": {
        "Net sales": 24017,
        "Cost of goods sold": 17709,
        "Gross Profit": 6308,
        "Financial expenses": 1509,
        "Of which: Interest expense": "N/A",
        "Cost of sales": 1453,
        "Enterprise cost management": 1951,
        "Total Operating Expenses": 4913,
        "Total revenue financing activities": 8,
        "Net profit from business activities": 1402,
        "Profit": 4,
        "Profit before tax": 1406,
        "Present corporate income tax expenses": 176,
        "Deferred income taxes expenses": "N/A",
        "The interests of minority shareholders": "N/A",
        "Total Cost of profits": 176,
        "Profit after tax corporate income": 1230,
        "Volume": 2376200,
        "Close of Quarter": 3.9,
        "EPS": 576.0,
        "Non-adjusted EPS": 2133,
        "PE": 1.9,
        "Book Price": 3.9
      }
    },
    {
      "quarter": "Q4 2008",
      "income status": {
        "Net sales": 22103,
        "Cost of goods sold": 15774,
        "Gross Profit": 6329,
        "Financial expenses": 1950,
        "Of which: Interest expense": 1744,
        "Cost of sales": 788,
        "Enterprise cost management": 2291,
        "Total Operating Expenses": 5029,
        "Total revenue financing activities": 654,
        "Net profit from business activities": 1954,
        "Profit": -227,
        "Profit before tax": 1727,
        "Present corporate income tax expenses": 206,
        "Deferred income taxes expenses": "N/A",
        "The interests of minority shareholders": "N/A",
        "Total Cost of profits": 206,
        "Profit after tax corporate income": 1521,
        "Volume": 2376200,
        "Close of Quarter": 4.1,
        "EPS": 519.0,
        "Non-adjusted EPS": 1922,
        "PE": 2.1,
        "Book Price": 3.7
      }
    },
    {
      "quarter": "Q3 2008",
      "income status": {
        "Net sales": 29860,
        "Cost of goods sold": 22810,
        "Gross Profit": 7049,
        "Financial expenses": 2059,
        "Of which: Interest expense": 2059,
        "Cost of sales": 833,
        "Enterprise cost management": 2550,
        "Total Operating Expenses": 5442,
        "Total revenue financing activities": 32,
        "Net profit from business activities": 1639,
        "Profit": 438,
        "Profit before tax": 2078,
        "Present corporate income tax expenses": 582,
        "Deferred income taxes expenses": "N/A",
        "The interests of minority shareholders": "N/A",
        "Total Cost of profits": 582,
        "Profit after tax corporate income": 1496,
        "Volume": 2376200,
        "Close of Quarter": 4.8,
        "EPS": 346.2,
        "Non-adjusted EPS": 1282,
        "PE": 3.7,
        "Book Price": 3.8
      }
    },
    {
      "quarter": "Q2 2008",
      "income status": {
        "Net sales": 24434,
        "Cost of goods sold": 19180,
        "Gross Profit": 5253,
        "Financial expenses": 1481,
        "Of which: Interest expense": 1481,
        "Cost of sales": 1143,
        "Enterprise cost management": 1947,
        "Total Operating Expenses": 4571,
        "Total revenue financing activities": 9,
        "Net profit from business activities": 691,
        "Profit": 450,
        "Profit before tax": 1141,
        "Present corporate income tax expenses": 319,
        "Deferred income taxes expenses": "N/A",
        "The interests of minority shareholders": "N/A",
        "Total Cost of profits": 319,
        "Profit after tax corporate income": 822,
        "Volume": 2376200,
        "Close of Quarter": "N/A",
        "EPS": 176.1,
        "Non-adjusted EPS": 652,
        "PE": "N/A",
        "Book Price": 3.7
      }
    },
    {
      "quarter": "Q1 2008",
      "income status": {
        "Net sales": 16628,
        "Cost of goods sold": 12351,
        "Gross Profit": 4277,
        "Financial expenses": 872,
        "Of which: Interest expense": 872,
        "Cost of sales": 1018,
        "Enterprise cost management": 1546,
        "Total Operating Expenses": 3436,
        "Total revenue financing activities": 15,
        "Net profit from business activities": 854,
        "Profit": 157,
        "Profit before tax": 1012,
        "Present corporate income tax expenses": 283,
        "Deferred income taxes expenses": "N/A",
        "The interests of minority shareholders": "N/A",
        "Total Cost of profits": 283,
        "Profit after tax corporate income": 728,
        "Volume": 2376200,
        "Close of Quarter": "N/A",
        "EPS": 82.6,
        "Non-adjusted EPS": 306,
        "PE": "N/A",
        "Book Price": "N/A"
      }
    }
  ]
}