{
  "ticker": "KHA",
  "data": [
    {
      "quarter": "Q1 2017",
      "income status": {
        "Net sales": 17360,
        "Cost of goods sold": 7379,
        "Gross Profit": 9980,
        "Financial expenses": -736,
        "Of which: Interest expense": 7,
        "Cost of sales": 9,
        "Enterprise cost management": 3687,
        "Total Operating Expenses": 2960,
        "Total revenue financing activities": 4933,
        "Net profit from business activities": 11954,
        "Profit": 216,
        "Profit before tax": 12170,
        "Present corporate income tax expenses": 2330,
        "Deferred income taxes expenses": 3,
        "The interests of minority shareholders": "N/A",
        "Total Cost of profits": 2333,
        "Profit after tax corporate income": 9837,
        "Volume": 12768439,
        "Close of Quarter": 36.5,
        "EPS": 3691,
        "Non-adjusted EPS": 3691,
        "PE": 9.9,
        "Book Price": 34.1
      }
    },
    {
      "quarter": "Q4 2016",
      "income status": {
        "Net sales": 17013,
        "Cost of goods sold": 7039,
        "Gross Profit": 9973,
        "Financial expenses": 466,
        "Of which: Interest expense": 6,
        "Cost of sales": 15,
        "Enterprise cost management": 6429,
        "Total Operating Expenses": 6910,
        "Total revenue financing activities": 5312,
        "Net profit from business activities": 8118,
        "Profit": 200,
        "Profit before tax": 8318,
        "Present corporate income tax expenses": 1494,
        "Deferred income taxes expenses": 3,
        "The interests of minority shareholders": "N/A",
        "Total Cost of profits": 1497,
        "Profit after tax corporate income": 6821,
        "Volume": 12768439,
        "Close of Quarter": 41.1,
        "EPS": 3584,
        "Non-adjusted EPS": 3584,
        "PE": 11.5,
        "Book Price": 34.6
      }
    },
    {
      "quarter": "Q3 2016",
      "income status": {
        "Net sales": 16099,
        "Cost of goods sold": 6101,
        "Gross Profit": 9998,
        "Financial expenses": 7,
        "Of which: Interest expense": 7,
        "Cost of sales": "N/A",
        "Enterprise cost management": 3876,
        "Total Operating Expenses": 3883,
        "Total revenue financing activities": 14541,
        "Net profit from business activities": 20510,
        "Profit": 391,
        "Profit before tax": 20900,
        "Present corporate income tax expenses": 3934,
        "Deferred income taxes expenses": 3,
        "The interests of minority shareholders": "N/A",
        "Total Cost of profits": 3937,
        "Profit after tax corporate income": 16964,
        "Volume": 12768439,
        "Close of Quarter": 36.1,
        "EPS": 7492,
        "Non-adjusted EPS": 7492,
        "PE": 4.8,
        "Book Price": 30.4
      }
    },
    {
      "quarter": "Q2 2016",
      "income status": {
        "Net sales": 16004,
        "Cost of goods sold": 5824,
        "Gross Profit": 10181,
        "Financial expenses": -791,
        "Of which: Interest expense": 7,
        "Cost of sales": 32,
        "Enterprise cost management": 3175,
        "Total Operating Expenses": 2416,
        "Total revenue financing activities": 3630,
        "Net profit from business activities": 11396,
        "Profit": 5429,
        "Profit before tax": 16825,
        "Present corporate income tax expenses": 3314,
        "Deferred income taxes expenses": 2,
        "The interests of minority shareholders": "N/A",
        "Total Cost of profits": 3316,
        "Profit after tax corporate income": 13509,
        "Volume": 12768439,
        "Close of Quarter": 34.2,
        "EPS": 7317,
        "Non-adjusted EPS": 7317,
        "PE": 4.7,
        "Book Price": 29.1
      }
    },
    {
      "quarter": "Q1 2016",
      "income status": {
        "Net sales": 15065,
        "Cost of goods sold": 5550,
        "Gross Profit": 9515,
        "Financial expenses": 7,
        "Of which: Interest expense": 7,
        "Cost of sales": "N/A",
        "Enterprise cost management": 3443,
        "Total Operating Expenses": 3450,
        "Total revenue financing activities": 3991,
        "Net profit from business activities": 10057,
        "Profit": 287,
        "Profit before tax": 10343,
        "Present corporate income tax expenses": 1873,
        "Deferred income taxes expenses": 3,
        "The interests of minority shareholders": "N/A",
        "Total Cost of profits": 1876,
        "Profit after tax corporate income": 8467,
        "Volume": 12768439,
        "Close of Quarter": 32.2,
        "EPS": 6799,
        "Non-adjusted EPS": 6799,
        "PE": 4.7,
        "Book Price": 29.1
      }
    },
    {
      "quarter": "Q4 2015",
      "income status": {
        "Net sales": 434733,
        "Cost of goods sold": 359028,
        "Gross Profit": 75705,
        "Financial expenses": 820,
        "Of which: Interest expense": "N/A",
        "Cost of sales": 12,
        "Enterprise cost management": 4693,
        "Total Operating Expenses": 5525,
        "Total revenue financing activities": 3770,
        "Net profit from business activities": 73952,
        "Profit": -548,
        "Profit before tax": 73403,
        "Present corporate income tax expenses": 16652,
        "Deferred income taxes expenses": 27,
        "The interests of minority shareholders": "N/A",
        "Total Cost of profits": 16679,
        "Profit after tax corporate income": 56724,
        "Volume": 12768439,
        "Close of Quarter": 27.9,
        "EPS": 6295,
        "Non-adjusted EPS": 6295,
        "PE": 4.4,
        "Book Price": 29.7
      }
    },
    {
      "quarter": "Q3 2015",
      "income status": {
        "Net sales": 7037,
        "Cost of goods sold": 5773,
        "Gross Profit": 1264,
        "Financial expenses": "N/A",
        "Of which: Interest expense": "N/A",
        "Cost of sales": 24,
        "Enterprise cost management": -10874,
        "Total Operating Expenses": -10850,
        "Total revenue financing activities": 5648,
        "Net profit from business activities": 17762,
        "Profit": 452,
        "Profit before tax": 18214,
        "Present corporate income tax expenses": 3530,
        "Deferred income taxes expenses": -43,
        "The interests of minority shareholders": "N/A",
        "Total Cost of profits": 3487,
        "Profit after tax corporate income": 14727,
        "Volume": 12768439,
        "Close of Quarter": 26.9,
        "EPS": 3506,
        "Non-adjusted EPS": 3506,
        "PE": 7.7,
        "Book Price": 25.2
      }
    },
    {
      "quarter": "Q2 2015",
      "income status": {
        "Net sales": 14682,
        "Cost of goods sold": 5621,
        "Gross Profit": 9060,
        "Financial expenses": -1339,
        "Of which: Interest expense": "N/A",
        "Cost of sales": 42,
        "Enterprise cost management": 3589,
        "Total Operating Expenses": 2292,
        "Total revenue financing activities": 1474,
        "Net profit from business activities": 8243,
        "Profit": 393,
        "Profit before tax": 8636,
        "Present corporate income tax expenses": 1748,
        "Deferred income taxes expenses": -2,
        "The interests of minority shareholders": "N/A",
        "Total Cost of profits": 1746,
        "Profit after tax corporate income": 6890,
        "Volume": 12768439,
        "Close of Quarter": 26.8,
        "EPS": 5135,
        "Non-adjusted EPS": 5135,
        "PE": 5.2,
        "Book Price": 25.1
      }
    },
    {
      "quarter": "Q1 2015",
      "income status": {
        "Net sales": 3480,
        "Cost of goods sold": 971,
        "Gross Profit": 2509,
        "Financial expenses": 1339,
        "Of which: Interest expense": "N/A",
        "Cost of sales": 49,
        "Enterprise cost management": 3055,
        "Total Operating Expenses": 4443,
        "Total revenue financing activities": 4011,
        "Net profit from business activities": 2077,
        "Profit": 348,
        "Profit before tax": 2425,
        "Present corporate income tax expenses": 392,
        "Deferred income taxes expenses": -1,
        "The interests of minority shareholders": "N/A",
        "Total Cost of profits": 391,
        "Profit after tax corporate income": 2033,
        "Volume": 12768439,
        "Close of Quarter": 28.1,
        "EPS": 5042,
        "Non-adjusted EPS": 5042,
        "PE": 5.6,
        "Book Price": 25.5
      }
    },
    {
      "quarter": "Q4 2014",
      "income status": {
        "Net sales": 50184,
        "Cost of goods sold": 18158,
        "Gross Profit": 32027,
        "Financial expenses": 2196,
        "Of which: Interest expense": "N/A",
        "Cost of sales": 43,
        "Enterprise cost management": 4180,
        "Total Operating Expenses": 6419,
        "Total revenue financing activities": 2220,
        "Net profit from business activities": 27828,
        "Profit": 199,
        "Profit before tax": 28027,
        "Present corporate income tax expenses": 6907,
        "Deferred income taxes expenses": -1,
        "The interests of minority shareholders": "N/A",
        "Total Cost of profits": 6906,
        "Profit after tax corporate income": 21120,
        "Volume": 12768439,
        "Close of Quarter": 21.7,
        "EPS": 5395,
        "Non-adjusted EPS": 5395,
        "PE": 4.0,
        "Book Price": 25.9
      }
    },
    {
      "quarter": "Q3 2014",
      "income status": {
        "Net sales": 104756,
        "Cost of goods sold": 59292,
        "Gross Profit": 45464,
        "Financial expenses": "N/A",
        "Of which: Interest expense": "N/A",
        "Cost of sales": 45,
        "Enterprise cost management": 2499,
        "Total Operating Expenses": 2544,
        "Total revenue financing activities": 2514,
        "Net profit from business activities": 45434,
        "Profit": 101,
        "Profit before tax": 45534,
        "Present corporate income tax expenses": 10013,
        "Deferred income taxes expenses": 1,
        "The interests of minority shareholders": "N/A",
        "Total Cost of profits": 10014,
        "Profit after tax corporate income": 35521,
        "Volume": 12768439,
        "Close of Quarter": 18.4,
        "EPS": 4493,
        "Non-adjusted EPS": 4493,
        "PE": 4.1,
        "Book Price": 25.8
      }
    },
    {
      "quarter": "Q2 2014",
      "income status": {
        "Net sales": 15415,
        "Cost of goods sold": 5973,
        "Gross Profit": 9442,
        "Financial expenses": 1053,
        "Of which: Interest expense": 1,
        "Cost of sales": 51,
        "Enterprise cost management": 2468,
        "Total Operating Expenses": 3572,
        "Total revenue financing activities": 1286,
        "Net profit from business activities": 6704,
        "Profit": 421,
        "Profit before tax": 7125,
        "Present corporate income tax expenses": 1402,
        "Deferred income taxes expenses": 19,
        "The interests of minority shareholders": "N/A",
        "Total Cost of profits": 1421,
        "Profit after tax corporate income": 5704,
        "Volume": 12768439,
        "Close of Quarter": 16.2,
        "EPS": 2302,
        "Non-adjusted EPS": 2302,
        "PE": 7.1,
        "Book Price": 23
      }
    },
    {
      "quarter": "Q1 2014",
      "income status": {
        "Net sales": 13034,
        "Cost of goods sold": 4761,
        "Gross Profit": 8273,
        "Financial expenses": 152,
        "Of which: Interest expense": 152,
        "Cost of sales": 24,
        "Enterprise cost management": 2126,
        "Total Operating Expenses": 2302,
        "Total revenue financing activities": 1901,
        "Net profit from business activities": 7872,
        "Profit": 298,
        "Profit before tax": 8170,
        "Present corporate income tax expenses": 1631,
        "Deferred income taxes expenses": -1,
        "The interests of minority shareholders": "N/A",
        "Total Cost of profits": 1630,
        "Profit after tax corporate income": 6540,
        "Volume": 12768439,
        "Close of Quarter": 19.1,
        "EPS": 2524,
        "Non-adjusted EPS": 2524,
        "PE": 7.6,
        "Book Price": 23.5
      }
    },
    {
      "quarter": "Q4 2013",
      "income status": {
        "Net sales": 19276,
        "Cost of goods sold": 7770,
        "Gross Profit": 11506,
        "Financial expenses": 940,
        "Of which: Interest expense": "N/A",
        "Cost of sales": 101,
        "Enterprise cost management": 16373,
        "Total Operating Expenses": 17414,
        "Total revenue financing activities": 1996,
        "Net profit from business activities": -3912,
        "Profit": 17229,
        "Profit before tax": 12299,
        "Present corporate income tax expenses": 2758,
        "Deferred income taxes expenses": -66,
        "The interests of minority shareholders": -2,
        "Total Cost of profits": 2690,
        "Profit after tax corporate income": 9608,
        "Volume": 12768439,
        "Close of Quarter": 12.0,
        "EPS": 2558,
        "Non-adjusted EPS": 2558,
        "PE": 4.7,
        "Book Price": 22.9
      }
    },
    {
      "quarter": "Q3 2013",
      "income status": {
        "Net sales": 16479,
        "Cost of goods sold": 7145,
        "Gross Profit": 9334,
        "Financial expenses": "N/A",
        "Of which: Interest expense": "N/A",
        "Cost of sales": 114,
        "Enterprise cost management": 1844,
        "Total Operating Expenses": 1958,
        "Total revenue financing activities": 1940,
        "Net profit from business activities": 9316,
        "Profit": 537,
        "Profit before tax": 9852,
        "Present corporate income tax expenses": 2301,
        "Deferred income taxes expenses": -14,
        "The interests of minority shareholders": 23,
        "Total Cost of profits": 2310,
        "Profit after tax corporate income": 7542,
        "Volume": 12768439,
        "Close of Quarter": 10.4,
        "EPS": 2403,
        "Non-adjusted EPS": 2403,
        "PE": 4.3,
        "Book Price": 22.8
      }
    },
    {
      "quarter": "Q2 2013",
      "income status": {
        "Net sales": 19392,
        "Cost of goods sold": 8973,
        "Gross Profit": 10418,
        "Financial expenses": 42,
        "Of which: Interest expense": "N/A",
        "Cost of sales": 149,
        "Enterprise cost management": 2534,
        "Total Operating Expenses": 2725,
        "Total revenue financing activities": 3465,
        "Net profit from business activities": 11159,
        "Profit": 452,
        "Profit before tax": 11611,
        "Present corporate income tax expenses": 2610,
        "Deferred income taxes expenses": -29,
        "The interests of minority shareholders": 489,
        "Total Cost of profits": 3070,
        "Profit after tax corporate income": 8541,
        "Volume": 12768439,
        "Close of Quarter": 9.1,
        "EPS": 2682,
        "Non-adjusted EPS": 2682,
        "PE": 3.4,
        "Book Price": 22.7
      }
    },
    {
      "quarter": "Q1 2013",
      "income status": {
        "Net sales": 10091,
        "Cost of goods sold": 733,
        "Gross Profit": 9358,
        "Financial expenses": 1117,
        "Of which: Interest expense": 17,
        "Cost of sales": 65,
        "Enterprise cost management": 2746,
        "Total Operating Expenses": 3928,
        "Total revenue financing activities": 3088,
        "Net profit from business activities": 8517,
        "Profit": 361,
        "Profit before tax": 8878,
        "Present corporate income tax expenses": 460,
        "Deferred income taxes expenses": 1409,
        "The interests of minority shareholders": 34,
        "Total Cost of profits": 1903,
        "Profit after tax corporate income": 6975,
        "Volume": 12768439,
        "Close of Quarter": 8.8,
        "EPS": 2510,
        "Non-adjusted EPS": 2510,
        "PE": 3.5,
        "Book Price": 22.8
      }
    },
    {
      "quarter": "Q4 2012",
      "income status": {
        "Net sales": 28916,
        "Cost of goods sold": 13967,
        "Gross Profit": 14949,
        "Financial expenses": 1120,
        "Of which: Interest expense": 20,
        "Cost of sales": 175,
        "Enterprise cost management": 4508,
        "Total Operating Expenses": 5803,
        "Total revenue financing activities": 3244,
        "Net profit from business activities": 12390,
        "Profit": -589,
        "Profit before tax": 11801,
        "Present corporate income tax expenses": 2760,
        "Deferred income taxes expenses": 1418,
        "The interests of minority shareholders": "N/A",
        "Total Cost of profits": 4178,
        "Profit after tax corporate income": 7623,
        "Volume": 12768439,
        "Close of Quarter": 9.5,
        "EPS": 2336,
        "Non-adjusted EPS": 2336,
        "PE": 4.1,
        "Book Price": 22.5
      }
    },
    {
      "quarter": "Q3 2012",
      "income status": {
        "Net sales": 23792,
        "Cost of goods sold": 9702,
        "Gross Profit": 14090,
        "Financial expenses": 7,
        "Of which: Interest expense": 7,
        "Cost of sales": 187,
        "Enterprise cost management": 2663,
        "Total Operating Expenses": 2857,
        "Total revenue financing activities": 3070,
        "Net profit from business activities": 14303,
        "Profit": 263,
        "Profit before tax": 14566,
        "Present corporate income tax expenses": 3486,
        "Deferred income taxes expenses": 4,
        "The interests of minority shareholders": -34,
        "Total Cost of profits": 3456,
        "Profit after tax corporate income": 11110,
        "Volume": 12768439,
        "Close of Quarter": 6.5,
        "EPS": 2317,
        "Non-adjusted EPS": 2317,
        "PE": 2.8,
        "Book Price": 22
      }
    },
    {
      "quarter": "Q2 2012",
      "income status": {
        "Net sales": 12824,
        "Cost of goods sold": 5875,
        "Gross Profit": 6949,
        "Financial expenses": 11,
        "Of which: Interest expense": 11,
        "Cost of sales": 181,
        "Enterprise cost management": 3272,
        "Total Operating Expenses": 3464,
        "Total revenue financing activities": 4417,
        "Net profit from business activities": 7902,
        "Profit": 350,
        "Profit before tax": 8252,
        "Present corporate income tax expenses": 1779,
        "Deferred income taxes expenses": -25,
        "The interests of minority shareholders": 159,
        "Total Cost of profits": 1913,
        "Profit after tax corporate income": 6339,
        "Volume": 12768439,
        "Close of Quarter": 6.3,
        "EPS": 1892,
        "Non-adjusted EPS": 1892,
        "PE": 3.3,
        "Book Price": 21.6
      }
    },
    {
      "quarter": "Q1 2012",
      "income status": {
        "Net sales": 10860,
        "Cost of goods sold": 4355,
        "Gross Profit": 6505,
        "Financial expenses": 36,
        "Of which: Interest expense": 21,
        "Cost of sales": 153,
        "Enterprise cost management": 2610,
        "Total Operating Expenses": 2799,
        "Total revenue financing activities": 2422,
        "Net profit from business activities": 6127,
        "Profit": 127,
        "Profit before tax": 6254,
        "Present corporate income tax expenses": 1499,
        "Deferred income taxes expenses": -8,
        "The interests of minority shareholders": 4,
        "Total Cost of profits": 1495,
        "Profit after tax corporate income": 4759,
        "Volume": 13168439,
        "Close of Quarter": 6.2,
        "EPS": 1951.3,
        "Non-adjusted EPS": 1892,
        "PE": 3.3,
        "Book Price": 21.8
      }
    },
    {
      "quarter": "Q4 2011",
      "income status": {
        "Net sales": 31915,
        "Cost of goods sold": 26305,
        "Gross Profit": 5610,
        "Financial expenses": 1519,
        "Of which: Interest expense": 22,
        "Cost of sales": 385,
        "Enterprise cost management": 3319,
        "Total Operating Expenses": 5223,
        "Total revenue financing activities": 2657,
        "Net profit from business activities": 3044,
        "Profit": 5756,
        "Profit before tax": 8800,
        "Present corporate income tax expenses": 1089,
        "Deferred income taxes expenses": -14,
        "The interests of minority shareholders": 343,
        "Total Cost of profits": 1418,
        "Profit after tax corporate income": 7381,
        "Volume": 13168439,
        "Close of Quarter": 5.1,
        "EPS": 1944.1,
        "Non-adjusted EPS": 1885,
        "PE": 2.7,
        "Book Price": 21.9
      }
    },
    {
      "quarter": "Q3 2011",
      "income status": {
        "Net sales": 16050,
        "Cost of goods sold": 8208,
        "Gross Profit": 7842,
        "Financial expenses": 72,
        "Of which: Interest expense": 72,
        "Cost of sales": 224,
        "Enterprise cost management": 3004,
        "Total Operating Expenses": 3300,
        "Total revenue financing activities": 2500,
        "Net profit from business activities": 7042,
        "Profit": 397,
        "Profit before tax": 7439,
        "Present corporate income tax expenses": 1738,
        "Deferred income taxes expenses": -62,
        "The interests of minority shareholders": 86,
        "Total Cost of profits": 1762,
        "Profit after tax corporate income": 5677,
        "Volume": 13168439,
        "Close of Quarter": 5.7,
        "EPS": 3233.2,
        "Non-adjusted EPS": 3135,
        "PE": 1.8,
        "Book Price": 21.8
      }
    },
    {
      "quarter": "Q2 2011",
      "income status": {
        "Net sales": 45721,
        "Cost of goods sold": 32012,
        "Gross Profit": 13709,
        "Financial expenses": 2668,
        "Of which: Interest expense": 18,
        "Cost of sales": 685,
        "Enterprise cost management": 3449,
        "Total Operating Expenses": 6802,
        "Total revenue financing activities": 2045,
        "Net profit from business activities": 8952,
        "Profit": 479,
        "Profit before tax": 9432,
        "Present corporate income tax expenses": 2313,
        "Deferred income taxes expenses": 15,
        "The interests of minority shareholders": 7,
        "Total Cost of profits": 2335,
        "Profit after tax corporate income": 7097,
        "Volume": 14120309,
        "Close of Quarter": 5.5,
        "EPS": 3138.5,
        "Non-adjusted EPS": 2838,
        "PE": 1.9,
        "Book Price": 22.3
      }
    },
    {
      "quarter": "Q1 2011",
      "income status": {
        "Net sales": 12073,
        "Cost of goods sold": 5805,
        "Gross Profit": 6268,
        "Financial expenses": 54,
        "Of which: Interest expense": 54,
        "Cost of sales": 104,
        "Enterprise cost management": 2403,
        "Total Operating Expenses": 2561,
        "Total revenue financing activities": 2061,
        "Net profit from business activities": 5768,
        "Profit": 539,
        "Profit before tax": 6307,
        "Present corporate income tax expenses": 1561,
        "Deferred income taxes expenses": -5,
        "The interests of minority shareholders": 86,
        "Total Cost of profits": 1642,
        "Profit after tax corporate income": 4665,
        "Volume": 14120309,
        "Close of Quarter": 7.5,
        "EPS": 3605.2,
        "Non-adjusted EPS": 3260,
        "PE": 2.3,
        "Book Price": 22.3
      }
    },
    {
      "quarter": "Q4 2010",
      "income status": {
        "Net sales": 80919,
        "Cost of goods sold": 43262,
        "Gross Profit": 37657,
        "Financial expenses": 4630,
        "Of which: Interest expense": 131,
        "Cost of sales": 127,
        "Enterprise cost management": 2620,
        "Total Operating Expenses": 7377,
        "Total revenue financing activities": 2451,
        "Net profit from business activities": 32730,
        "Profit": 688,
        "Profit before tax": 33418,
        "Present corporate income tax expenses": 9167,
        "Deferred income taxes expenses": 6,
        "The interests of minority shareholders": 407,
        "Total Cost of profits": 9580,
        "Profit after tax corporate income": 23838,
        "Volume": 14120309,
        "Close of Quarter": 9.0,
        "EPS": 3568.7,
        "Non-adjusted EPS": 3227,
        "PE": 2.8,
        "Book Price": 23.1
      }
    },
    {
      "quarter": "Q3 2010",
      "income status": {
        "Net sales": 8665,
        "Cost of goods sold": 3814,
        "Gross Profit": 4851,
        "Financial expenses": 40,
        "Of which: Interest expense": 40,
        "Cost of sales": 70,
        "Enterprise cost management": 1863,
        "Total Operating Expenses": 1973,
        "Total revenue financing activities": 2914,
        "Net profit from business activities": 5792,
        "Profit": 253,
        "Profit before tax": 6045,
        "Present corporate income tax expenses": 1305,
        "Deferred income taxes expenses": 6,
        "The interests of minority shareholders": 264,
        "Total Cost of profits": 1575,
        "Profit after tax corporate income": 4470,
        "Volume": 14120309,
        "Close of Quarter": 10,
        "EPS": 2473.8,
        "Non-adjusted EPS": 2237,
        "PE": 4.5,
        "Book Price": 22.8
      }
    },
    {
      "quarter": "Q2 2010",
      "income status": {
        "Net sales": 25382,
        "Cost of goods sold": 4912,
        "Gross Profit": 20470,
        "Financial expenses": 2196,
        "Of which: Interest expense": 44,
        "Cost of sales": 62,
        "Enterprise cost management": 4072,
        "Total Operating Expenses": 6330,
        "Total revenue financing activities": 2951,
        "Net profit from business activities": 17091,
        "Profit": 373,
        "Profit before tax": 17465,
        "Present corporate income tax expenses": 4308,
        "Deferred income taxes expenses": 6,
        "The interests of minority shareholders": 87,
        "Total Cost of profits": 4401,
        "Profit after tax corporate income": 13064,
        "Volume": 14120309,
        "Close of Quarter": 11.8,
        "EPS": 3250.2,
        "Non-adjusted EPS": 2939,
        "PE": 4.0,
        "Book Price": 22.5
      }
    },
    {
      "quarter": "Q1 2010",
      "income status": {
        "Net sales": 16190,
        "Cost of goods sold": 10305,
        "Gross Profit": 5885,
        "Financial expenses": 70,
        "Of which: Interest expense": 68,
        "Cost of sales": 506,
        "Enterprise cost management": 2211,
        "Total Operating Expenses": 2787,
        "Total revenue financing activities": 2401,
        "Net profit from business activities": 5500,
        "Profit": 163,
        "Profit before tax": 5663,
        "Present corporate income tax expenses": 1479,
        "Deferred income taxes expenses": 4,
        "The interests of minority shareholders": -20,
        "Total Cost of profits": 1463,
        "Profit after tax corporate income": 4199,
        "Volume": 14120309,
        "Close of Quarter": 11.4,
        "EPS": 3431.5,
        "Non-adjusted EPS": 3103,
        "PE": 3.7,
        "Book Price": 21.5
      }
    },
    {
      "quarter": "Q4 2009",
      "income status": {
        "Net sales": 19641,
        "Cost of goods sold": 15277,
        "Gross Profit": 4364,
        "Financial expenses": 125,
        "Of which: Interest expense": 122,
        "Cost of sales": 527,
        "Enterprise cost management": 3710,
        "Total Operating Expenses": 4362,
        "Total revenue financing activities": 10754,
        "Net profit from business activities": 10757,
        "Profit": -184,
        "Profit before tax": 10573,
        "Present corporate income tax expenses": 2123,
        "Deferred income taxes expenses": -1167,
        "The interests of minority shareholders": -243,
        "Total Cost of profits": 713,
        "Profit after tax corporate income": 9859,
        "Volume": 14120309,
        "Close of Quarter": 11.6,
        "EPS": 3721.3,
        "Non-adjusted EPS": 3365,
        "PE": 3.5,
        "Book Price": 22.3
      }
    },
    {
      "quarter": "Q3 2009",
      "income status": {
        "Net sales": 49911,
        "Cost of goods sold": 29282,
        "Gross Profit": 20629,
        "Financial expenses": 84,
        "Of which: Interest expense": 83,
        "Cost of sales": 429,
        "Enterprise cost management": 1678,
        "Total Operating Expenses": 2191,
        "Total revenue financing activities": 2413,
        "Net profit from business activities": 20851,
        "Profit": -126,
        "Profit before tax": 20724,
        "Present corporate income tax expenses": 6344,
        "Deferred income taxes expenses": "N/A",
        "The interests of minority shareholders": "N/A",
        "Total Cost of profits": 6344,
        "Profit after tax corporate income": 14380,
        "Volume": 12745940,
        "Close of Quarter": 13.8,
        "EPS": 5599.1,
        "Non-adjusted EPS": 5609,
        "PE": 2.5,
        "Book Price": 20.3
      }
    },
    {
      "quarter": "Q2 2009",
      "income status": {
        "Net sales": 65912,
        "Cost of goods sold": 47193,
        "Gross Profit": 18718,
        "Financial expenses": 158,
        "Of which: Interest expense": 156,
        "Cost of sales": 265,
        "Enterprise cost management": 1289,
        "Total Operating Expenses": 1712,
        "Total revenue financing activities": 3778,
        "Net profit from business activities": 20785,
        "Profit": -1621,
        "Profit before tax": 19164,
        "Present corporate income tax expenses": 3788,
        "Deferred income taxes expenses": "N/A",
        "The interests of minority shareholders": "N/A",
        "Total Cost of profits": 3788,
        "Profit after tax corporate income": 15376,
        "Volume": 12745940,
        "Close of Quarter": 9.2,
        "EPS": 4919.3,
        "Non-adjusted EPS": 4928,
        "PE": 1.9,
        "Book Price": 18.8
      }
    },
    {
      "quarter": "Q1 2009",
      "income status": {
        "Net sales": 43028,
        "Cost of goods sold": 33187,
        "Gross Profit": 9841,
        "Financial expenses": 176,
        "Of which: Interest expense": 171,
        "Cost of sales": 490,
        "Enterprise cost management": 1273,
        "Total Operating Expenses": 1939,
        "Total revenue financing activities": 2090,
        "Net profit from business activities": 9991,
        "Profit": -71,
        "Profit before tax": 9920,
        "Present corporate income tax expenses": 2017,
        "Deferred income taxes expenses": "N/A",
        "The interests of minority shareholders": "N/A",
        "Total Cost of profits": 2017,
        "Profit after tax corporate income": 7903,
        "Volume": 12745940,
        "Close of Quarter": 5.0,
        "EPS": 4010.9,
        "Non-adjusted EPS": 4018,
        "PE": 1.3,
        "Book Price": 17.6
      }
    },
    {
      "quarter": "Q4 2008",
      "income status": {
        "Net sales": 167551,
        "Cost of goods sold": 125002,
        "Gross Profit": 42549,
        "Financial expenses": 3473,
        "Of which: Interest expense": "N/A",
        "Cost of sales": 1109,
        "Enterprise cost management": 3188,
        "Total Operating Expenses": 7770,
        "Total revenue financing activities": 5987,
        "Net profit from business activities": 40767,
        "Profit": 799,
        "Profit before tax": 41566,
        "Present corporate income tax expenses": 7735,
        "Deferred income taxes expenses": "N/A",
        "The interests of minority shareholders": "N/A",
        "Total Cost of profits": 7735,
        "Profit after tax corporate income": 33830,
        "Volume": 12745940,
        "Close of Quarter": 5.1,
        "EPS": 3606.6,
        "Non-adjusted EPS": 3613,
        "PE": 1.4,
        "Book Price": 18.2
      }
    },
    {
      "quarter": "Q3 2008",
      "income status": {
        "Net sales": 16582,
        "Cost of goods sold": 13275,
        "Gross Profit": 3307,
        "Financial expenses": 412,
        "Of which: Interest expense": 347,
        "Cost of sales": 715,
        "Enterprise cost management": 1237,
        "Total Operating Expenses": 2364,
        "Total revenue financing activities": 6229,
        "Net profit from business activities": 7171,
        "Profit": -134,
        "Profit before tax": 7037,
        "Present corporate income tax expenses": 1330,
        "Deferred income taxes expenses": "N/A",
        "The interests of minority shareholders": "N/A",
        "Total Cost of profits": 1330,
        "Profit after tax corporate income": 5707,
        "Volume": 12995940,
        "Close of Quarter": 5.8,
        "EPS": 1352.7,
        "Non-adjusted EPS": 1329,
        "PE": 4.3,
        "Book Price": 16.8
      }
    },
    {
      "quarter": "Q2 2008",
      "income status": {
        "Net sales": 22127,
        "Cost of goods sold": 17365,
        "Gross Profit": 4762,
        "Financial expenses": 3533,
        "Of which: Interest expense": "N/A",
        "Cost of sales": 1487,
        "Enterprise cost management": 1287,
        "Total Operating Expenses": 6307,
        "Total revenue financing activities": 6231,
        "Net profit from business activities": 4686,
        "Profit": 31,
        "Profit before tax": 4717,
        "Present corporate income tax expenses": 943,
        "Deferred income taxes expenses": "N/A",
        "The interests of minority shareholders": "N/A",
        "Total Cost of profits": 943,
        "Profit after tax corporate income": 3773,
        "Volume": 13419950,
        "Close of Quarter": 4.2,
        "EPS": 1223.4,
        "Non-adjusted EPS": 1164,
        "PE": 3.6,
        "Book Price": 17.2
      }
    },
    {
      "quarter": "Q1 2008",
      "income status": {
        "Net sales": 22549,
        "Cost of goods sold": 18070,
        "Gross Profit": 4479,
        "Financial expenses": 439,
        "Of which: Interest expense": 362,
        "Cost of sales": 1910,
        "Enterprise cost management": 1144,
        "Total Operating Expenses": 3493,
        "Total revenue financing activities": 1780,
        "Net profit from business activities": 2766,
        "Profit": 876,
        "Profit before tax": 3642,
        "Present corporate income tax expenses": 904,
        "Deferred income taxes expenses": "N/A",
        "The interests of minority shareholders": "N/A",
        "Total Cost of profits": 904,
        "Profit after tax corporate income": 2739,
        "Volume": 14120309,
        "Close of Quarter": 7.2,
        "EPS": 1212.0,
        "Non-adjusted EPS": 1096,
        "PE": 6.6,
        "Book Price": 17.3
      }
    },
    {
      "quarter": "Q4 2007",
      "income status": {
        "Net sales": 22398,
        "Cost of goods sold": 20692,
        "Gross Profit": 1706,
        "Financial expenses": 936,
        "Of which: Interest expense": "N/A",
        "Cost of sales": 1759,
        "Enterprise cost management": 1508,
        "Total Operating Expenses": 4203,
        "Total revenue financing activities": 2896,
        "Net profit from business activities": 399,
        "Profit": 5922,
        "Profit before tax": 6321,
        "Present corporate income tax expenses": 1264,
        "Deferred income taxes expenses": "N/A",
        "The interests of minority shareholders": "N/A",
        "Total Cost of profits": 1264,
        "Profit after tax corporate income": 5057,
        "Volume": 13074500,
        "Close of Quarter": 11.3,
        "EPS": 1039.3,
        "Non-adjusted EPS": 1015,
        "PE": 11.1,
        "Book Price": 18.4
      }
    },
    {
      "quarter": "Q3 2007",
      "income status": {
        "Net sales": 16207,
        "Cost of goods sold": 14617,
        "Gross Profit": 1590,
        "Financial expenses": 421,
        "Of which: Interest expense": 394,
        "Cost of sales": 1214,
        "Enterprise cost management": 976,
        "Total Operating Expenses": 2611,
        "Total revenue financing activities": 256,
        "Net profit from business activities": -764,
        "Profit": 5822,
        "Profit before tax": 5058,
        "Present corporate income tax expenses": 1012,
        "Deferred income taxes expenses": "N/A",
        "The interests of minority shareholders": "N/A",
        "Total Cost of profits": 1012,
        "Profit after tax corporate income": 4046,
        "Volume": 13083867,
        "Close of Quarter": 10.8,
        "EPS": 1003.2,
        "Non-adjusted EPS": 979,
        "PE": 11.0,
        "Book Price": 8.5
      }
    },
    {
      "quarter": "Q2 2007",
      "income status": {
        "Net sales": 21040,
        "Cost of goods sold": 14101,
        "Gross Profit": 6939,
        "Financial expenses": 454,
        "Of which: Interest expense": 443,
        "Cost of sales": 1303,
        "Enterprise cost management": 1007,
        "Total Operating Expenses": 2764,
        "Total revenue financing activities": 145,
        "Net profit from business activities": 4320,
        "Profit": 216,
        "Profit before tax": 4536,
        "Present corporate income tax expenses": 907,
        "Deferred income taxes expenses": "N/A",
        "The interests of minority shareholders": "N/A",
        "Total Cost of profits": 907,
        "Profit after tax corporate income": 3629,
        "Volume": 6546632,
        "Close of Quarter": 10.9,
        "EPS": 932.6,
        "Non-adjusted EPS": 1819,
        "PE": 6.0,
        "Book Price": 8.4
      }
    },
    {
      "quarter": "Q1 2007",
      "income status": {
        "Net sales": 15172,
        "Cost of goods sold": 12017,
        "Gross Profit": 3155,
        "Financial expenses": 641,
        "Of which: Interest expense": 606,
        "Cost of sales": 805,
        "Enterprise cost management": 989,
        "Total Operating Expenses": 2435,
        "Total revenue financing activities": 112,
        "Net profit from business activities": 832,
        "Profit": -158,
        "Profit before tax": 673,
        "Present corporate income tax expenses": 135,
        "Deferred income taxes expenses": "N/A",
        "The interests of minority shareholders": "N/A",
        "Total Cost of profits": 135,
        "Profit after tax corporate income": 539,
        "Volume": 6546632,
        "Close of Quarter": 13.0,
        "EPS": 832.1,
        "Non-adjusted EPS": 1623,
        "PE": 8.0,
        "Book Price": 8.1
      }
    },
    {
      "quarter": "Q4 2006",
      "income status": {
        "Net sales": 40083,
        "Cost of goods sold": 30834,
        "Gross Profit": 9249,
        "Financial expenses": 629,
        "Of which: Interest expense": 567,
        "Cost of sales": 1658,
        "Enterprise cost management": 1719,
        "Total Operating Expenses": 4006,
        "Total revenue financing activities": 93,
        "Net profit from business activities": 5335,
        "Profit": -224,
        "Profit before tax": 5111,
        "Present corporate income tax expenses": 522,
        "Deferred income taxes expenses": "N/A",
        "The interests of minority shareholders": "N/A",
        "Total Cost of profits": 522,
        "Profit after tax corporate income": 4589,
        "Volume": 6546632,
        "Close of Quarter": 6.8,
        "EPS": 984.9,
        "Non-adjusted EPS": 1921,
        "PE": 3.5,
        "Book Price": 8.4
      }
    },
    {
      "quarter": "Q3 2006",
      "income status": {
        "Net sales": 51669,
        "Cost of goods sold": 44634,
        "Gross Profit": 7035,
        "Financial expenses": 1243,
        "Of which: Interest expense": 1238,
        "Cost of sales": 632,
        "Enterprise cost management": 1295,
        "Total Operating Expenses": 3170,
        "Total revenue financing activities": 82,
        "Net profit from business activities": 3947,
        "Profit": -374,
        "Profit before tax": 3573,
        "Present corporate income tax expenses": 424,
        "Deferred income taxes expenses": "N/A",
        "The interests of minority shareholders": "N/A",
        "Total Cost of profits": 424,
        "Profit after tax corporate income": 3149,
        "Volume": 3291750,
        "Close of Quarter": 7.9,
        "EPS": 625.7,
        "Non-adjusted EPS": 2427,
        "PE": 3.2,
        "Book Price": 8.0
      }
    },
    {
      "quarter": "Q2 2006",
      "income status": {
        "Net sales": 19502,
        "Cost of goods sold": 14141,
        "Gross Profit": 5361,
        "Financial expenses": 769,
        "Of which: Interest expense": 768,
        "Cost of sales": 384,
        "Enterprise cost management": 984,
        "Total Operating Expenses": 2137,
        "Total revenue financing activities": 22,
        "Net profit from business activities": 3247,
        "Profit": -618,
        "Profit before tax": 2629,
        "Present corporate income tax expenses": 280,
        "Deferred income taxes expenses": "N/A",
        "The interests of minority shareholders": "N/A",
        "Total Cost of profits": 280,
        "Profit after tax corporate income": 2349,
        "Volume": 3291750,
        "Close of Quarter": 6.7,
        "EPS": 379.0,
        "Non-adjusted EPS": 1470,
        "PE": 4.6,
        "Book Price": 4
      }
    },
    {
      "quarter": "Q1 2006",
      "income status": {
        "Net sales": 22102,
        "Cost of goods sold": 19603,
        "Gross Profit": 2499,
        "Financial expenses": 904,
        "Of which: Interest expense": 899,
        "Cost of sales": 1158,
        "Enterprise cost management": 1258,
        "Total Operating Expenses": 3320,
        "Total revenue financing activities": 14,
        "Net profit from business activities": -808,
        "Profit": 3570,
        "Profit before tax": 2762,
        "Present corporate income tax expenses": 272,
        "Deferred income taxes expenses": "N/A",
        "The interests of minority shareholders": "N/A",
        "Total Cost of profits": 272,
        "Profit after tax corporate income": 2490,
        "Volume": 3135000,
        "Close of Quarter": 5.9,
        "EPS": 195.0,
        "Non-adjusted EPS": 794,
        "PE": 7.5,
        "Book Price": 3.8
      }
    }
  ]
}