{
  "ticker": "SAV",
  "data": [
    {
      "quarter": "Q1 2017",
      "income status": {
        "Net sales": 127598,
        "Cost of goods sold": 113390,
        "Gross Profit": 14208,
        "Financial expenses": 1495,
        "Of which: Interest expense": 604,
        "Cost of sales": 3047,
        "Enterprise cost management": 8601,
        "Total Operating Expenses": 13143,
        "Total revenue financing activities": 1269,
        "Net profit from business activities": 2333,
        "Profit": 399,
        "Profit before tax": 2732,
        "Present corporate income tax expenses": "N/A",
        "Deferred income taxes expenses": "N/A",
        "The interests of minority shareholders": "N/A",
        "Total Cost of profits": 0,
        "Profit after tax corporate income": 2732,
        "Volume": 11155574,
        "Close of Quarter": 8.6,
        "EPS": 375,
        "Non-adjusted EPS": 375,
        "PE": 22.8,
        "Book Price": 21
      }
    },
    {
      "quarter": "Q4 2016",
      "income status": {
        "Net sales": 113258,
        "Cost of goods sold": 97680,
        "Gross Profit": 15578,
        "Financial expenses": 3174,
        "Of which: Interest expense": 616,
        "Cost of sales": 3177,
        "Enterprise cost management": 9413,
        "Total Operating Expenses": 15764,
        "Total revenue financing activities": 1131,
        "Net profit from business activities": 945,
        "Profit": 14,
        "Profit before tax": 959,
        "Present corporate income tax expenses": "N/A",
        "Deferred income taxes expenses": "N/A",
        "The interests of minority shareholders": "N/A",
        "Total Cost of profits": 0,
        "Profit after tax corporate income": 959,
        "Volume": 11155574,
        "Close of Quarter": 7.2,
        "EPS": 248,
        "Non-adjusted EPS": 248,
        "PE": 29.0,
        "Book Price": 20.7
      }
    },
    {
      "quarter": "Q3 2016",
      "income status": {
        "Net sales": 113831,
        "Cost of goods sold": 100340,
        "Gross Profit": 13490,
        "Financial expenses": 996,
        "Of which: Interest expense": 901,
        "Cost of sales": 2648,
        "Enterprise cost management": 8896,
        "Total Operating Expenses": 12540,
        "Total revenue financing activities": 646,
        "Net profit from business activities": 1595,
        "Profit": -6,
        "Profit before tax": 1590,
        "Present corporate income tax expenses": "N/A",
        "Deferred income taxes expenses": "N/A",
        "The interests of minority shareholders": "N/A",
        "Total Cost of profits": 0,
        "Profit after tax corporate income": 1590,
        "Volume": 10141623,
        "Close of Quarter": 7.0,
        "EPS": -666.4,
        "Non-adjusted EPS": -733,
        "PE": -9.5,
        "Book Price": 20.6
      }
    },
    {
      "quarter": "Q2 2016",
      "income status": {
        "Net sales": 131890,
        "Cost of goods sold": 119291,
        "Gross Profit": 12599,
        "Financial expenses": 1843,
        "Of which: Interest expense": 1051,
        "Cost of sales": 4607,
        "Enterprise cost management": 8962,
        "Total Operating Expenses": 15412,
        "Total revenue financing activities": 1652,
        "Net profit from business activities": -1161,
        "Profit": 61,
        "Profit before tax": -1100,
        "Present corporate income tax expenses": "N/A",
        "Deferred income taxes expenses": "N/A",
        "The interests of minority shareholders": "N/A",
        "Total Cost of profits": 0,
        "Profit after tax corporate income": -1100,
        "Volume": 10141623,
        "Close of Quarter": 7.4,
        "EPS": -1408.2,
        "Non-adjusted EPS": -1549,
        "PE": -4.8,
        "Book Price": 20.5
      }
    },
    {
      "quarter": "Q1 2016",
      "income status": {
        "Net sales": 150655,
        "Cost of goods sold": 135815,
        "Gross Profit": 14841,
        "Financial expenses": 2379,
        "Of which: Interest expense": 1716,
        "Cost of sales": 3300,
        "Enterprise cost management": 8492,
        "Total Operating Expenses": 14171,
        "Total revenue financing activities": 574,
        "Net profit from business activities": 1245,
        "Profit": 78,
        "Profit before tax": 1323,
        "Present corporate income tax expenses": "N/A",
        "Deferred income taxes expenses": "N/A",
        "The interests of minority shareholders": "N/A",
        "Total Cost of profits": 0,
        "Profit after tax corporate income": 1323,
        "Volume": 9567680,
        "Close of Quarter": 8.6,
        "EPS": -1942.6,
        "Non-adjusted EPS": -2265,
        "PE": -3.8,
        "Book Price": 20.6
      }
    },
    {
      "quarter": "Q4 2015",
      "income status": {
        "Net sales": 136866,
        "Cost of goods sold": 127559,
        "Gross Profit": 9307,
        "Financial expenses": 5532,
        "Of which: Interest expense": 2579,
        "Cost of sales": 3646,
        "Enterprise cost management": 12464,
        "Total Operating Expenses": 21642,
        "Total revenue financing activities": 747,
        "Net profit from business activities": -11588,
        "Profit": 488,
        "Profit before tax": -11099,
        "Present corporate income tax expenses": -1852,
        "Deferred income taxes expenses": "N/A",
        "The interests of minority shareholders": "N/A",
        "Total Cost of profits": -1852,
        "Profit after tax corporate income": -9247,
        "Volume": 9567680,
        "Close of Quarter": 9.0,
        "EPS": -2269.4,
        "Non-adjusted EPS": -2646,
        "PE": -3.4,
        "Book Price": 20.5
      }
    },
    {
      "quarter": "Q3 2015",
      "income status": {
        "Net sales": 155537,
        "Cost of goods sold": 144584,
        "Gross Profit": 10952,
        "Financial expenses": 3809,
        "Of which: Interest expense": 1772,
        "Cost of sales": 3751,
        "Enterprise cost management": 10336,
        "Total Operating Expenses": 17896,
        "Total revenue financing activities": 1547,
        "Net profit from business activities": -5397,
        "Profit": -84,
        "Profit before tax": -5481,
        "Present corporate income tax expenses": 1207,
        "Deferred income taxes expenses": "N/A",
        "The interests of minority shareholders": "N/A",
        "Total Cost of profits": 1207,
        "Profit after tax corporate income": -6687,
        "Volume": 9567680,
        "Close of Quarter": 8.2,
        "EPS": -2084.1,
        "Non-adjusted EPS": -2430,
        "PE": -3.4,
        "Book Price": 21.3
      }
    },
    {
      "quarter": "Q2 2015",
      "income status": {
        "Net sales": 123101,
        "Cost of goods sold": 111228,
        "Gross Profit": 11872,
        "Financial expenses": 3581,
        "Of which: Interest expense": 1322,
        "Cost of sales": 3020,
        "Enterprise cost management": 10031,
        "Total Operating Expenses": 16632,
        "Total revenue financing activities": 742,
        "Net profit from business activities": -4017,
        "Profit": -783,
        "Profit before tax": -4800,
        "Present corporate income tax expenses": 2263,
        "Deferred income taxes expenses": "N/A",
        "The interests of minority shareholders": "N/A",
        "Total Cost of profits": 2263,
        "Profit after tax corporate income": -7063,
        "Volume": 9567680,
        "Close of Quarter": 7.7,
        "EPS": -1482.0,
        "Non-adjusted EPS": -1728,
        "PE": -4.5,
        "Book Price": 21.9
      }
    },
    {
      "quarter": "Q1 2015",
      "income status": {
        "Net sales": 110406,
        "Cost of goods sold": 100107,
        "Gross Profit": 10299,
        "Financial expenses": 1558,
        "Of which: Interest expense": 734,
        "Cost of sales": 3313,
        "Enterprise cost management": 11034,
        "Total Operating Expenses": 15905,
        "Total revenue financing activities": 1039,
        "Net profit from business activities": -4568,
        "Profit": 3400,
        "Profit before tax": -1168,
        "Present corporate income tax expenses": 1153,
        "Deferred income taxes expenses": "N/A",
        "The interests of minority shareholders": "N/A",
        "Total Cost of profits": 1153,
        "Profit after tax corporate income": -2321,
        "Volume": 9567680,
        "Close of Quarter": 8.4,
        "EPS": -2054.1,
        "Non-adjusted EPS": -2395,
        "PE": -3.5,
        "Book Price": 22.6
      }
    },
    {
      "quarter": "Q4 2014",
      "income status": {
        "Net sales": 276911,
        "Cost of goods sold": 243780,
        "Gross Profit": 33131,
        "Financial expenses": 1204,
        "Of which: Interest expense": 366,
        "Cost of sales": 5383,
        "Enterprise cost management": 23582,
        "Total Operating Expenses": 30169,
        "Total revenue financing activities": 1601,
        "Net profit from business activities": 4563,
        "Profit": -7883,
        "Profit before tax": -3320,
        "Present corporate income tax expenses": 3861,
        "Deferred income taxes expenses": "N/A",
        "The interests of minority shareholders": "N/A",
        "Total Cost of profits": 3861,
        "Profit after tax corporate income": -7181,
        "Volume": 9567680,
        "Close of Quarter": 10.1,
        "EPS": -1845.7,
        "Non-adjusted EPS": -2152,
        "PE": -4.7,
        "Book Price": 23.1
      }
    },
    {
      "quarter": "Q3 2014",
      "income status": {
        "Net sales": 160300,
        "Cost of goods sold": 145391,
        "Gross Profit": 14909,
        "Financial expenses": 1028,
        "Of which: Interest expense": 537,
        "Cost of sales": 3752,
        "Enterprise cost management": 10516,
        "Total Operating Expenses": 15296,
        "Total revenue financing activities": 542,
        "Net profit from business activities": 155,
        "Profit": -124,
        "Profit before tax": 31,
        "Present corporate income tax expenses": "N/A",
        "Deferred income taxes expenses": "N/A",
        "The interests of minority shareholders": "N/A",
        "Total Cost of profits": 0,
        "Profit after tax corporate income": 31,
        "Volume": 9567680,
        "Close of Quarter": 10.2,
        "EPS": -836.2,
        "Non-adjusted EPS": -975,
        "PE": -10.5,
        "Book Price": 23.8
      }
    },
    {
      "quarter": "Q2 2014",
      "income status": {
        "Net sales": 112555,
        "Cost of goods sold": 111694,
        "Gross Profit": 861,
        "Financial expenses": 1537,
        "Of which: Interest expense": 852,
        "Cost of sales": 2713,
        "Enterprise cost management": 10460,
        "Total Operating Expenses": 14710,
        "Total revenue financing activities": 372,
        "Net profit from business activities": -13477,
        "Profit": -12,
        "Profit before tax": -13489,
        "Present corporate income tax expenses": -83,
        "Deferred income taxes expenses": 37,
        "The interests of minority shareholders": "N/A",
        "Total Cost of profits": -46,
        "Profit after tax corporate income": -13444,
        "Volume": 9567680,
        "Close of Quarter": 11.5,
        "EPS": -823.4,
        "Non-adjusted EPS": -960,
        "PE": -12.0,
        "Book Price": 23.8
      }
    },
    {
      "quarter": "Q1 2014",
      "income status": {
        "Net sales": 112938,
        "Cost of goods sold": 103011,
        "Gross Profit": 9927,
        "Financial expenses": 1131,
        "Of which: Interest expense": 935,
        "Cost of sales": 2509,
        "Enterprise cost management": 6696,
        "Total Operating Expenses": 10336,
        "Total revenue financing activities": 463,
        "Net profit from business activities": 54,
        "Profit": -1,
        "Profit before tax": 54,
        "Present corporate income tax expenses": 46,
        "Deferred income taxes expenses": "N/A",
        "The interests of minority shareholders": "N/A",
        "Total Cost of profits": 46,
        "Profit after tax corporate income": 8,
        "Volume": 9567680,
        "Close of Quarter": 13.5,
        "EPS": 385.1,
        "Non-adjusted EPS": 449,
        "PE": 30.0,
        "Book Price": 25.3
      }
    },
    {
      "quarter": "Q4 2013",
      "income status": {
        "Net sales": 171339,
        "Cost of goods sold": 151035,
        "Gross Profit": 20305,
        "Financial expenses": 1323,
        "Of which: Interest expense": 101,
        "Cost of sales": 4589,
        "Enterprise cost management": 9727,
        "Total Operating Expenses": 15639,
        "Total revenue financing activities": 924,
        "Net profit from business activities": 5590,
        "Profit": 8,
        "Profit before tax": 5598,
        "Present corporate income tax expenses": 1519,
        "Deferred income taxes expenses": "N/A",
        "The interests of minority shareholders": "N/A",
        "Total Cost of profits": 1519,
        "Profit after tax corporate income": 4079,
        "Volume": 9567680,
        "Close of Quarter": 10.3,
        "EPS": 463.1,
        "Non-adjusted EPS": 540,
        "PE": 19.1,
        "Book Price": 25.4
      }
    },
    {
      "quarter": "Q3 2013",
      "income status": {
        "Net sales": 163493,
        "Cost of goods sold": 148882,
        "Gross Profit": 14612,
        "Financial expenses": 1072,
        "Of which: Interest expense": 64,
        "Cost of sales": 3177,
        "Enterprise cost management": 10937,
        "Total Operating Expenses": 15186,
        "Total revenue financing activities": 1138,
        "Net profit from business activities": 563,
        "Profit": -289,
        "Profit before tax": 274,
        "Present corporate income tax expenses": 101,
        "Deferred income taxes expenses": "N/A",
        "The interests of minority shareholders": "N/A",
        "Total Cost of profits": 101,
        "Profit after tax corporate income": 172,
        "Volume": 9567680,
        "Close of Quarter": 6.7,
        "EPS": 38.6,
        "Non-adjusted EPS": 45,
        "PE": 149.1,
        "Book Price": 25.1
      }
    },
    {
      "quarter": "Q2 2013",
      "income status": {
        "Net sales": 113381,
        "Cost of goods sold": 101828,
        "Gross Profit": 11553,
        "Financial expenses": 197,
        "Of which: Interest expense": 202,
        "Cost of sales": 2252,
        "Enterprise cost management": 11143,
        "Total Operating Expenses": 13592,
        "Total revenue financing activities": 1313,
        "Net profit from business activities": -725,
        "Profit": 826,
        "Profit before tax": 101,
        "Present corporate income tax expenses": 65,
        "Deferred income taxes expenses": "N/A",
        "The interests of minority shareholders": "N/A",
        "Total Cost of profits": 65,
        "Profit after tax corporate income": 35,
        "Volume": 9567680,
        "Close of Quarter": 6.1,
        "EPS": 593.5,
        "Non-adjusted EPS": 692,
        "PE": 8.8,
        "Book Price": 25.1
      }
    },
    {
      "quarter": "Q1 2013",
      "income status": {
        "Net sales": 103079,
        "Cost of goods sold": 91497,
        "Gross Profit": 11582,
        "Financial expenses": 878,
        "Of which: Interest expense": 663,
        "Cost of sales": 2746,
        "Enterprise cost management": 9034,
        "Total Operating Expenses": 12658,
        "Total revenue financing activities": 881,
        "Net profit from business activities": -196,
        "Profit": 1395,
        "Profit before tax": 1199,
        "Present corporate income tax expenses": 317,
        "Deferred income taxes expenses": "N/A",
        "The interests of minority shareholders": "N/A",
        "Total Cost of profits": 317,
        "Profit after tax corporate income": 882,
        "Volume": 9567680,
        "Close of Quarter": 5.2,
        "EPS": 612.4,
        "Non-adjusted EPS": 714,
        "PE": 7.3,
        "Book Price": 25.1
      }
    },
    {
      "quarter": "Q4 2012",
      "income status": {
        "Net sales": 140770,
        "Cost of goods sold": 126958,
        "Gross Profit": 13812,
        "Financial expenses": 1747,
        "Of which: Interest expense": 132,
        "Cost of sales": 4213,
        "Enterprise cost management": 11056,
        "Total Operating Expenses": 17016,
        "Total revenue financing activities": 1726,
        "Net profit from business activities": -1479,
        "Profit": 617,
        "Profit before tax": -862,
        "Present corporate income tax expenses": -209,
        "Deferred income taxes expenses": "N/A",
        "The interests of minority shareholders": "N/A",
        "Total Cost of profits": -209,
        "Profit after tax corporate income": -654,
        "Volume": 9567680,
        "Close of Quarter": 4.8,
        "EPS": 635.5,
        "Non-adjusted EPS": 741,
        "PE": 6.5,
        "Book Price": 25.6
      }
    },
    {
      "quarter": "Q3 2012",
      "income status": {
        "Net sales": 161613,
        "Cost of goods sold": 136245,
        "Gross Profit": 25368,
        "Financial expenses": 1082,
        "Of which: Interest expense": 551,
        "Cost of sales": 5769,
        "Enterprise cost management": 11231,
        "Total Operating Expenses": 18082,
        "Total revenue financing activities": 1093,
        "Net profit from business activities": 8379,
        "Profit": 134,
        "Profit before tax": 8513,
        "Present corporate income tax expenses": 2155,
        "Deferred income taxes expenses": "N/A",
        "The interests of minority shareholders": "N/A",
        "Total Cost of profits": 2155,
        "Profit after tax corporate income": 6358,
        "Volume": 9567680,
        "Close of Quarter": 4.8,
        "EPS": 1225.6,
        "Non-adjusted EPS": 1429,
        "PE": 3.4,
        "Book Price": 25.7
      }
    },
    {
      "quarter": "Q2 2012",
      "income status": {
        "Net sales": 132769,
        "Cost of goods sold": 117902,
        "Gross Profit": 14867,
        "Financial expenses": 1608,
        "Of which: Interest expense": 996,
        "Cost of sales": 3450,
        "Enterprise cost management": 10976,
        "Total Operating Expenses": 16034,
        "Total revenue financing activities": 837,
        "Net profit from business activities": -329,
        "Profit": 617,
        "Profit before tax": 339,
        "Present corporate income tax expenses": 199,
        "Deferred income taxes expenses": -55,
        "The interests of minority shareholders": -49,
        "Total Cost of profits": 95,
        "Profit after tax corporate income": 244,
        "Volume": 9567680,
        "Close of Quarter": 7.1,
        "EPS": 740.2,
        "Non-adjusted EPS": 863,
        "PE": 8.2,
        "Book Price": 25.1
      }
    },
    {
      "quarter": "Q1 2012",
      "income status": {
        "Net sales": 113181,
        "Cost of goods sold": 99766,
        "Gross Profit": 13415,
        "Financial expenses": 1236,
        "Of which: Interest expense": 553,
        "Cost of sales": 1935,
        "Enterprise cost management": 10655,
        "Total Operating Expenses": 13826,
        "Total revenue financing activities": 782,
        "Net profit from business activities": 372,
        "Profit": 1202,
        "Profit before tax": 1574,
        "Present corporate income tax expenses": 542,
        "Deferred income taxes expenses": "N/A",
        "The interests of minority shareholders": -112,
        "Total Cost of profits": 430,
        "Profit after tax corporate income": 1145,
        "Volume": 9567680,
        "Close of Quarter": 7.5,
        "EPS": 720.4,
        "Non-adjusted EPS": 840,
        "PE": 8.9,
        "Book Price": 25.1
      }
    },
    {
      "quarter": "Q4 2011",
      "income status": {
        "Net sales": 146825,
        "Cost of goods sold": 120113,
        "Gross Profit": 26713,
        "Financial expenses": 2025,
        "Of which: Interest expense": 570,
        "Cost of sales": 3562,
        "Enterprise cost management": 21344,
        "Total Operating Expenses": 26931,
        "Total revenue financing activities": 3462,
        "Net profit from business activities": 3243,
        "Profit": 2614,
        "Profit before tax": 8410,
        "Present corporate income tax expenses": 793,
        "Deferred income taxes expenses": "N/A",
        "The interests of minority shareholders": -772,
        "Total Cost of profits": 21,
        "Profit after tax corporate income": 5923,
        "Volume": 9601260,
        "Close of Quarter": 13.3,
        "EPS": 803.9,
        "Non-adjusted EPS": 934,
        "PE": 14.2,
        "Book Price": 25.6
      }
    },
    {
      "quarter": "Q3 2011",
      "income status": {
        "Net sales": 124116,
        "Cost of goods sold": 109149,
        "Gross Profit": 14967,
        "Financial expenses": 2521,
        "Of which: Interest expense": 1849,
        "Cost of sales": 2577,
        "Enterprise cost management": 10846,
        "Total Operating Expenses": 15944,
        "Total revenue financing activities": 2204,
        "Net profit from business activities": 1226,
        "Profit": -22,
        "Profit before tax": 2466,
        "Present corporate income tax expenses": 629,
        "Deferred income taxes expenses": "N/A",
        "The interests of minority shareholders": -365,
        "Total Cost of profits": 264,
        "Profit after tax corporate income": 941,
        "Volume": 9601260,
        "Close of Quarter": 15.0,
        "EPS": 485.4,
        "Non-adjusted EPS": 564,
        "PE": 26.7,
        "Book Price": 25.8
      }
    },
    {
      "quarter": "Q2 2011",
      "income status": {
        "Net sales": 106328,
        "Cost of goods sold": 95231,
        "Gross Profit": 11097,
        "Financial expenses": 4687,
        "Of which: Interest expense": 2475,
        "Cost of sales": 1827,
        "Enterprise cost management": 10560,
        "Total Operating Expenses": 17074,
        "Total revenue financing activities": 5818,
        "Net profit from business activities": -159,
        "Profit": 61,
        "Profit before tax": -55,
        "Present corporate income tax expenses": 379,
        "Deferred income taxes expenses": "N/A",
        "The interests of minority shareholders": -461,
        "Total Cost of profits": -82,
        "Profit after tax corporate income": 27,
        "Volume": 9601260,
        "Close of Quarter": 18.8,
        "EPS": 737.6,
        "Non-adjusted EPS": 857,
        "PE": 21.9,
        "Book Price": 25.6
      }
    },
    {
      "quarter": "Q1 2011",
      "income status": {
        "Net sales": 114444,
        "Cost of goods sold": 101082,
        "Gross Profit": 13362,
        "Financial expenses": 3501,
        "Of which: Interest expense": 2608,
        "Cost of sales": 2053,
        "Enterprise cost management": 10610,
        "Total Operating Expenses": 16164,
        "Total revenue financing activities": 5515,
        "Net profit from business activities": 2713,
        "Profit": -33,
        "Profit before tax": 2695,
        "Present corporate income tax expenses": 857,
        "Deferred income taxes expenses": "N/A",
        "The interests of minority shareholders": -237,
        "Total Cost of profits": 620,
        "Profit after tax corporate income": 2075,
        "Volume": 9601260,
        "Close of Quarter": 21.1,
        "EPS": 1002.7,
        "Non-adjusted EPS": 1165,
        "PE": 18.1,
        "Book Price": 25.7
      }
    },
    {
      "quarter": "Q4 2010",
      "income status": {
        "Net sales": 144445,
        "Cost of goods sold": 118065,
        "Gross Profit": 26380,
        "Financial expenses": 15548,
        "Of which: Interest expense": 2026,
        "Cost of sales": 2493,
        "Enterprise cost management": 16766,
        "Total Operating Expenses": 34807,
        "Total revenue financing activities": 5009,
        "Net profit from business activities": -3418,
        "Profit": 6715,
        "Profit before tax": 3129,
        "Present corporate income tax expenses": 1077,
        "Deferred income taxes expenses": "N/A",
        "The interests of minority shareholders": -320,
        "Total Cost of profits": 757,
        "Profit after tax corporate income": 2372,
        "Volume": 9660230,
        "Close of Quarter": 23.1,
        "EPS": 1107.6,
        "Non-adjusted EPS": 1279,
        "PE": 18.1,
        "Book Price": 26.3
      }
    },
    {
      "quarter": "Q3 2010",
      "income status": {
        "Net sales": 124167,
        "Cost of goods sold": 106543,
        "Gross Profit": 17624,
        "Financial expenses": 2122,
        "Of which: Interest expense": 1899,
        "Cost of sales": 1565,
        "Enterprise cost management": 10394,
        "Total Operating Expenses": 14081,
        "Total revenue financing activities": 1276,
        "Net profit from business activities": 4818,
        "Profit": 271,
        "Profit before tax": 5048,
        "Present corporate income tax expenses": 1189,
        "Deferred income taxes expenses": "N/A",
        "The interests of minority shareholders": 105,
        "Total Cost of profits": 1294,
        "Profit after tax corporate income": 3753,
        "Volume": 9509350,
        "Close of Quarter": 19.8,
        "EPS": 903.6,
        "Non-adjusted EPS": 1060,
        "PE": 18.7,
        "Book Price": 26.1
      }
    },
    {
      "quarter": "Q2 2010",
      "income status": {
        "Net sales": 64656,
        "Cost of goods sold": 54166,
        "Gross Profit": 10491,
        "Financial expenses": 1738,
        "Of which: Interest expense": 1412,
        "Cost of sales": 1095,
        "Enterprise cost management": 12094,
        "Total Operating Expenses": 14927,
        "Total revenue financing activities": 3309,
        "Net profit from business activities": -1127,
        "Profit": 4938,
        "Profit before tax": 3933,
        "Present corporate income tax expenses": 947,
        "Deferred income taxes expenses": "N/A",
        "The interests of minority shareholders": "N/A",
        "Total Cost of profits": 947,
        "Profit after tax corporate income": 2986,
        "Volume": 9509350,
        "Close of Quarter": 20.6,
        "EPS": 1278.7,
        "Non-adjusted EPS": 1500,
        "PE": 13.7,
        "Book Price": 25.5
      }
    },
    {
      "quarter": "Q1 2010",
      "income status": {
        "Net sales": 58959,
        "Cost of goods sold": 48045,
        "Gross Profit": 10913,
        "Financial expenses": 1916,
        "Of which: Interest expense": 491,
        "Cost of sales": 1906,
        "Enterprise cost management": 9125,
        "Total Operating Expenses": 12947,
        "Total revenue financing activities": 3108,
        "Net profit from business activities": 1076,
        "Profit": 3299,
        "Profit before tax": 4375,
        "Present corporate income tax expenses": 1040,
        "Deferred income taxes expenses": "N/A",
        "The interests of minority shareholders": 91,
        "Total Cost of profits": 1131,
        "Profit after tax corporate income": 3244,
        "Volume": 9509350,
        "Close of Quarter": 24.0,
        "EPS": 1299.1,
        "Non-adjusted EPS": 1524,
        "PE": 15.8,
        "Book Price": 25.2
      }
    },
    {
      "quarter": "Q4 2009",
      "income status": {
        "Net sales": 114356,
        "Cost of goods sold": 89550,
        "Gross Profit": 24806,
        "Financial expenses": 578,
        "Of which: Interest expense": 431,
        "Cost of sales": 2616,
        "Enterprise cost management": 21574,
        "Total Operating Expenses": 24768,
        "Total revenue financing activities": 2809,
        "Net profit from business activities": 2847,
        "Profit": 250,
        "Profit before tax": 899,
        "Present corporate income tax expenses": 588,
        "Deferred income taxes expenses": "N/A",
        "The interests of minority shareholders": 217,
        "Total Cost of profits": 805,
        "Profit after tax corporate income": 94,
        "Volume": 9509350,
        "Close of Quarter": 26.5,
        "EPS": 1323.8,
        "Non-adjusted EPS": 1553,
        "PE": 17.1,
        "Book Price": 24.9
      }
    },
    {
      "quarter": "Q3 2009",
      "income status": {
        "Net sales": 116732,
        "Cost of goods sold": 92847,
        "Gross Profit": 23885,
        "Financial expenses": 2374,
        "Of which: Interest expense": 2129,
        "Cost of sales": 2047,
        "Enterprise cost management": 10235,
        "Total Operating Expenses": 14656,
        "Total revenue financing activities": 1166,
        "Net profit from business activities": 10395,
        "Profit": 297,
        "Profit before tax": 10692,
        "Present corporate income tax expenses": 2573,
        "Deferred income taxes expenses": "N/A",
        "The interests of minority shareholders": 178,
        "Total Cost of profits": 2751,
        "Profit after tax corporate income": 7941,
        "Volume": 9509350,
        "Close of Quarter": 23.8,
        "EPS": 2212.1,
        "Non-adjusted EPS": 2595,
        "PE": 9.2,
        "Book Price": 25.6
      }
    },
    {
      "quarter": "Q2 2009",
      "income status": {
        "Net sales": 75986,
        "Cost of goods sold": 63030,
        "Gross Profit": 12956,
        "Financial expenses": 1559,
        "Of which: Interest expense": 1338,
        "Cost of sales": 1373,
        "Enterprise cost management": 14022,
        "Total Operating Expenses": 16954,
        "Total revenue financing activities": 7950,
        "Net profit from business activities": 3951,
        "Profit": 403,
        "Profit before tax": 4354,
        "Present corporate income tax expenses": 1014,
        "Deferred income taxes expenses": "N/A",
        "The interests of minority shareholders": 125,
        "Total Cost of profits": 1139,
        "Profit after tax corporate income": 3215,
        "Volume": 9509350,
        "Close of Quarter": 19.3,
        "EPS": 1617.9,
        "Non-adjusted EPS": 1898,
        "PE": 10.2,
        "Book Price": 25.3
      }
    },
    {
      "quarter": "Q1 2009",
      "income status": {
        "Net sales": 96284,
        "Cost of goods sold": 79331,
        "Gross Profit": 16953,
        "Financial expenses": 2447,
        "Of which: Interest expense": 1837,
        "Cost of sales": 1723,
        "Enterprise cost management": 11324,
        "Total Operating Expenses": 15494,
        "Total revenue financing activities": 3101,
        "Net profit from business activities": 4561,
        "Profit": 168,
        "Profit before tax": 4728,
        "Present corporate income tax expenses": 1154,
        "Deferred income taxes expenses": "N/A",
        "The interests of minority shareholders": 55,
        "Total Cost of profits": 1209,
        "Profit after tax corporate income": 3519,
        "Volume": 9509350,
        "Close of Quarter": 10.4,
        "EPS": 1441.5,
        "Non-adjusted EPS": 1691,
        "PE": 6.2,
        "Book Price": 25.1
      }
    },
    {
      "quarter": "Q4 2008",
      "income status": {
        "Net sales": 231600,
        "Cost of goods sold": 197089,
        "Gross Profit": 34511,
        "Financial expenses": 8997,
        "Of which: Interest expense": 4545,
        "Cost of sales": 3191,
        "Enterprise cost management": 10716,
        "Total Operating Expenses": 22904,
        "Total revenue financing activities": 2167,
        "Net profit from business activities": 13774,
        "Profit": 121,
        "Profit before tax": 13895,
        "Present corporate income tax expenses": 3891,
        "Deferred income taxes expenses": "N/A",
        "The interests of minority shareholders": "N/A",
        "Total Cost of profits": 3891,
        "Profit after tax corporate income": 10004,
        "Volume": 9709350,
        "Close of Quarter": 8.4,
        "EPS": 1325.6,
        "Non-adjusted EPS": 1523,
        "PE": 5.5,
        "Book Price": 25.9
      }
    },
    {
      "quarter": "Q3 2008",
      "income status": {
        "Net sales": 105226,
        "Cost of goods sold": 92062,
        "Gross Profit": 13164,
        "Financial expenses": 4282,
        "Of which: Interest expense": 2322,
        "Cost of sales": 1910,
        "Enterprise cost management": 7558,
        "Total Operating Expenses": 13750,
        "Total revenue financing activities": 817,
        "Net profit from business activities": 231,
        "Profit": 1587,
        "Profit before tax": 1818,
        "Present corporate income tax expenses": 509,
        "Deferred income taxes expenses": "N/A",
        "The interests of minority shareholders": "N/A",
        "Total Cost of profits": 509,
        "Profit after tax corporate income": 1309,
        "Volume": 9809350,
        "Close of Quarter": 8.9,
        "EPS": 1082.5,
        "Non-adjusted EPS": 1231,
        "PE": 7.2,
        "Book Price": 25.2
      }
    },
    {
      "quarter": "Q2 2008",
      "income status": {
        "Net sales": 78765,
        "Cost of goods sold": 68713,
        "Gross Profit": 10053,
        "Financial expenses": 3420,
        "Of which: Interest expense": 2923,
        "Cost of sales": 2069,
        "Enterprise cost management": 8098,
        "Total Operating Expenses": 13587,
        "Total revenue financing activities": 5006,
        "Net profit from business activities": 1472,
        "Profit": 262,
        "Profit before tax": 1734,
        "Present corporate income tax expenses": 486,
        "Deferred income taxes expenses": "N/A",
        "The interests of minority shareholders": "N/A",
        "Total Cost of profits": 486,
        "Profit after tax corporate income": 1249,
        "Volume": 9809350,
        "Close of Quarter": 11.2,
        "EPS": 1276.8,
        "Non-adjusted EPS": 1452,
        "PE": 7.7,
        "Book Price": 25.2
      }
    },
    {
      "quarter": "Q1 2008",
      "income status": {
        "Net sales": 85523,
        "Cost of goods sold": 77295,
        "Gross Profit": 8228,
        "Financial expenses": 1431,
        "Of which: Interest expense": 1132,
        "Cost of sales": 1754,
        "Enterprise cost management": 6209,
        "Total Operating Expenses": 9394,
        "Total revenue financing activities": 4025,
        "Net profit from business activities": 2860,
        "Profit": 237,
        "Profit before tax": 3097,
        "Present corporate income tax expenses": 867,
        "Deferred income taxes expenses": "N/A",
        "The interests of minority shareholders": "N/A",
        "Total Cost of profits": 867,
        "Profit after tax corporate income": 2230,
        "Volume": 9809350,
        "Close of Quarter": 18.5,
        "EPS": 1361.2,
        "Non-adjusted EPS": 1548,
        "PE": 11.9,
        "Book Price": 25.1
      }
    },
    {
      "quarter": "Q4 2007",
      "income status": {
        "Net sales": 180410,
        "Cost of goods sold": 157546,
        "Gross Profit": 22864,
        "Financial expenses": 7716,
        "Of which: Interest expense": 1717,
        "Cost of sales": 2471,
        "Enterprise cost management": 8095,
        "Total Operating Expenses": 18282,
        "Total revenue financing activities": 5104,
        "Net profit from business activities": 9685,
        "Profit": 430,
        "Profit before tax": 10115,
        "Present corporate income tax expenses": 2832,
        "Deferred income taxes expenses": "N/A",
        "The interests of minority shareholders": "N/A",
        "Total Cost of profits": 2832,
        "Profit after tax corporate income": 7283,
        "Volume": 9859350,
        "Close of Quarter": 29.6,
        "EPS": 1387.6,
        "Non-adjusted EPS": 1570,
        "PE": 18.8,
        "Book Price": 25.8
      }
    },
    {
      "quarter": "Q3 2007",
      "income status": {
        "Net sales": 95733,
        "Cost of goods sold": 85552,
        "Gross Profit": 10181,
        "Financial expenses": 2203,
        "Of which: Interest expense": 1579,
        "Cost of sales": 1285,
        "Enterprise cost management": 5583,
        "Total Operating Expenses": 9071,
        "Total revenue financing activities": 3577,
        "Net profit from business activities": 4686,
        "Profit": 152,
        "Profit before tax": 4838,
        "Present corporate income tax expenses": 1355,
        "Deferred income taxes expenses": "N/A",
        "The interests of minority shareholders": "N/A",
        "Total Cost of profits": 1355,
        "Profit after tax corporate income": 3484,
        "Volume": 6395900,
        "Close of Quarter": 35.4,
        "EPS": 1866.2,
        "Non-adjusted EPS": 3255,
        "PE": 10.9,
        "Book Price": 16.5
      }
    },
    {
      "quarter": "Q2 2007",
      "income status": {
        "Net sales": 60721,
        "Cost of goods sold": 53664,
        "Gross Profit": 7057,
        "Financial expenses": 982,
        "Of which: Interest expense": 894,
        "Cost of sales": 1330,
        "Enterprise cost management": 4249,
        "Total Operating Expenses": 6561,
        "Total revenue financing activities": 1299,
        "Net profit from business activities": 1793,
        "Profit": 1250,
        "Profit before tax": 3044,
        "Present corporate income tax expenses": 852,
        "Deferred income taxes expenses": "N/A",
        "The interests of minority shareholders": "N/A",
        "Total Cost of profits": 852,
        "Profit after tax corporate income": 2191,
        "Volume": 6395900,
        "Close of Quarter": 31.5,
        "EPS": 1600.8,
        "Non-adjusted EPS": 2792,
        "PE": 11.3,
        "Book Price": 16.6
      }
    },
    {
      "quarter": "Q1 2007",
      "income status": {
        "Net sales": 86616,
        "Cost of goods sold": 78852,
        "Gross Profit": 7763,
        "Financial expenses": 825,
        "Of which: Interest expense": 593,
        "Cost of sales": 1425,
        "Enterprise cost management": 5184,
        "Total Operating Expenses": 7434,
        "Total revenue financing activities": 1556,
        "Net profit from business activities": 1885,
        "Profit": 1612,
        "Profit before tax": 3498,
        "Present corporate income tax expenses": 979,
        "Deferred income taxes expenses": "N/A",
        "The interests of minority shareholders": "N/A",
        "Total Cost of profits": 979,
        "Profit after tax corporate income": 2518,
        "Volume": 6395900,
        "Close of Quarter": 32.5,
        "EPS": 1565.8,
        "Non-adjusted EPS": 2731,
        "PE": 11.9,
        "Book Price": 16.7
      }
    },
    {
      "quarter": "Q4 2006",
      "income status": {
        "Net sales": 180827,
        "Cost of goods sold": 158585,
        "Gross Profit": 22242,
        "Financial expenses": 1089,
        "Of which: Interest expense": 627,
        "Cost of sales": 2304,
        "Enterprise cost management": 6736,
        "Total Operating Expenses": 10129,
        "Total revenue financing activities": 440,
        "Net profit from business activities": 12553,
        "Profit": 1879,
        "Profit before tax": 14432,
        "Present corporate income tax expenses": 1804,
        "Deferred income taxes expenses": "N/A",
        "The interests of minority shareholders": "N/A",
        "Total Cost of profits": 1804,
        "Profit after tax corporate income": 12628,
        "Volume": 6395900,
        "Close of Quarter": 21.8,
        "EPS": 1576.7,
        "Non-adjusted EPS": 2750,
        "PE": 7.9,
        "Book Price": 17.3
      }
    },
    {
      "quarter": "Q3 2006",
      "income status": {
        "Net sales": 73428,
        "Cost of goods sold": 66035,
        "Gross Profit": 7393,
        "Financial expenses": 1070,
        "Of which: Interest expense": "N/A",
        "Cost of sales": 1013,
        "Enterprise cost management": 5713,
        "Total Operating Expenses": 7796,
        "Total revenue financing activities": 495,
        "Net profit from business activities": 91,
        "Profit": 503,
        "Profit before tax": 594,
        "Present corporate income tax expenses": 74,
        "Deferred income taxes expenses": "N/A",
        "The interests of minority shareholders": "N/A",
        "Total Cost of profits": 74,
        "Profit after tax corporate income": 520,
        "Volume": 6395900,
        "Close of Quarter": 21.3,
        "EPS": 444.3,
        "Non-adjusted EPS": 775,
        "PE": 27.5,
        "Book Price": 16.1
      }
    },
    {
      "quarter": "Q2 2006",
      "income status": {
        "Net sales": 53812,
        "Cost of goods sold": 46515,
        "Gross Profit": 7297,
        "Financial expenses": 497,
        "Of which: Interest expense": "N/A",
        "Cost of sales": 1121,
        "Enterprise cost management": 3916,
        "Total Operating Expenses": 5534,
        "Total revenue financing activities": 121,
        "Net profit from business activities": 1884,
        "Profit": 178,
        "Profit before tax": 2062,
        "Present corporate income tax expenses": 258,
        "Deferred income taxes expenses": "N/A",
        "The interests of minority shareholders": "N/A",
        "Total Cost of profits": 258,
        "Profit after tax corporate income": 1804,
        "Volume": 4395900,
        "Close of Quarter": 20.0,
        "EPS": 398.0,
        "Non-adjusted EPS": 1010,
        "PE": 19.8,
        "Book Price": 7.7
      }
    },
    {
      "quarter": "Q1 2006",
      "income status": {
        "Net sales": 61999,
        "Cost of goods sold": 54261,
        "Gross Profit": 7739,
        "Financial expenses": 511,
        "Of which: Interest expense": 440,
        "Cost of sales": 1028,
        "Enterprise cost management": 3446,
        "Total Operating Expenses": 4985,
        "Total revenue financing activities": 244,
        "Net profit from business activities": 2998,
        "Profit": 14,
        "Profit before tax": 3011,
        "Present corporate income tax expenses": 376,
        "Deferred income taxes expenses": "N/A",
        "The interests of minority shareholders": "N/A",
        "Total Cost of profits": 376,
        "Profit after tax corporate income": 2635,
        "Volume": 4395900,
        "Close of Quarter": 20.6,
        "EPS": 236.0,
        "Non-adjusted EPS": 599,
        "PE": 34.3,
        "Book Price": 7.6
      }
    }
  ]
}