{
  "ticker": "HPR",
  "data": [
    {
      "quarter": "Q1 2013",
      "income status": {
        "Net sales": 1149,
        "Cost of goods sold": 648,
        "Gross Profit": 501,
        "Financial expenses": 354,
        "Of which: Interest expense": 329,
        "Cost of sales": "N/A",
        "Enterprise cost management": 910,
        "Total Operating Expenses": 1264,
        "Total revenue financing activities": 86,
        "Net profit from business activities": -677,
        "Profit": 1084,
        "Profit before tax": 407,
        "Present corporate income tax expenses": 93,
        "Deferred income taxes expenses": "N/A",
        "The interests of minority shareholders": "N/A",
        "Total Cost of profits": 93,
        "Profit after tax corporate income": 314,
        "Volume": 4800000,
        "Close of Quarter": 11.5,
        "EPS": 1451,
        "Non-adjusted EPS": 1451,
        "PE": 7.9,
        "Book Price": 22.1
      }
    },
    {
      "quarter": "Q4 2012",
      "income status": {
        "Net sales": 10287,
        "Cost of goods sold": 9119,
        "Gross Profit": 1168,
        "Financial expenses": 1650,
        "Of which: Interest expense": 761,
        "Cost of sales": "N/A",
        "Enterprise cost management": 1158,
        "Total Operating Expenses": 2808,
        "Total revenue financing activities": 74,
        "Net profit from business activities": -1567,
        "Profit": 3390,
        "Profit before tax": 1824,
        "Present corporate income tax expenses": 456,
        "Deferred income taxes expenses": "N/A",
        "The interests of minority shareholders": "N/A",
        "Total Cost of profits": 456,
        "Profit after tax corporate income": 1368,
        "Volume": 4800000,
        "Close of Quarter": 10.5,
        "EPS": 1952,
        "Non-adjusted EPS": 1952,
        "PE": 5.4,
        "Book Price": 22.3
      }
    },
    {
      "quarter": "Q3 2012",
      "income status": {
        "Net sales": 1923,
        "Cost of goods sold": 1156,
        "Gross Profit": 767,
        "Financial expenses": 900,
        "Of which: Interest expense": 898,
        "Cost of sales": "N/A",
        "Enterprise cost management": 1189,
        "Total Operating Expenses": 2089,
        "Total revenue financing activities": 419,
        "Net profit from business activities": -903,
        "Profit": 5159,
        "Profit before tax": 4256,
        "Present corporate income tax expenses": 1064,
        "Deferred income taxes expenses": "N/A",
        "The interests of minority shareholders": "N/A",
        "Total Cost of profits": 1064,
        "Profit after tax corporate income": 3192,
        "Volume": 4800000,
        "Close of Quarter": 10.7,
        "EPS": 1904,
        "Non-adjusted EPS": 1904,
        "PE": 5.6,
        "Book Price": 22
      }
    },
    {
      "quarter": "Q2 2012",
      "income status": {
        "Net sales": 30096,
        "Cost of goods sold": 27096,
        "Gross Profit": 3000,
        "Financial expenses": 1394,
        "Of which: Interest expense": 1394,
        "Cost of sales": "N/A",
        "Enterprise cost management": 1120,
        "Total Operating Expenses": 2514,
        "Total revenue financing activities": 203,
        "Net profit from business activities": 689,
        "Profit": 2101,
        "Profit before tax": 2790,
        "Present corporate income tax expenses": 697,
        "Deferred income taxes expenses": "N/A",
        "The interests of minority shareholders": "N/A",
        "Total Cost of profits": 697,
        "Profit after tax corporate income": 2092,
        "Volume": 4800000,
        "Close of Quarter": 12.1,
        "EPS": 1817,
        "Non-adjusted EPS": 1817,
        "PE": 6.7,
        "Book Price": 21.4
      }
    },
    {
      "quarter": "Q1 2012",
      "income status": {
        "Net sales": 10747,
        "Cost of goods sold": 5213,
        "Gross Profit": 5533,
        "Financial expenses": 1185,
        "Of which: Interest expense": 1030,
        "Cost of sales": "N/A",
        "Enterprise cost management": 1151,
        "Total Operating Expenses": 2336,
        "Total revenue financing activities": 372,
        "Net profit from business activities": 3570,
        "Profit": 19,
        "Profit before tax": 3589,
        "Present corporate income tax expenses": 870,
        "Deferred income taxes expenses": "N/A",
        "The interests of minority shareholders": "N/A",
        "Total Cost of profits": 870,
        "Profit after tax corporate income": 2719,
        "Volume": 4800000,
        "Close of Quarter": 13.5,
        "EPS": 2138,
        "Non-adjusted EPS": 2138,
        "PE": 6.3,
        "Book Price": 21.1
      }
    },
    {
      "quarter": "Q4 2011",
      "income status": {
        "Net sales": 2259,
        "Cost of goods sold": 777,
        "Gross Profit": 1482,
        "Financial expenses": 826,
        "Of which: Interest expense": 767,
        "Cost of sales": "N/A",
        "Enterprise cost management": 1334,
        "Total Operating Expenses": 2160,
        "Total revenue financing activities": 960,
        "Net profit from business activities": 280,
        "Profit": 1236,
        "Profit before tax": 1517,
        "Present corporate income tax expenses": 379,
        "Deferred income taxes expenses": "N/A",
        "The interests of minority shareholders": "N/A",
        "Total Cost of profits": 379,
        "Profit after tax corporate income": 1138,
        "Volume": 4800000,
        "Close of Quarter": 15.2,
        "EPS": 2679,
        "Non-adjusted EPS": 2679,
        "PE": 5.7,
        "Book Price": 22.8
      }
    },
    {
      "quarter": "Q3 2011",
      "income status": {
        "Net sales": 7610,
        "Cost of goods sold": 3214,
        "Gross Profit": 4396,
        "Financial expenses": 1025,
        "Of which: Interest expense": 1014,
        "Cost of sales": "N/A",
        "Enterprise cost management": 943,
        "Total Operating Expenses": 1968,
        "Total revenue financing activities": 247,
        "Net profit from business activities": 2675,
        "Profit": 1020,
        "Profit before tax": 3695,
        "Present corporate income tax expenses": 924,
        "Deferred income taxes expenses": "N/A",
        "The interests of minority shareholders": "N/A",
        "Total Cost of profits": 924,
        "Profit after tax corporate income": 2771,
        "Volume": 4800000,
        "Close of Quarter": 12.0,
        "EPS": 3609,
        "Non-adjusted EPS": 3609,
        "PE": 3.3,
        "Book Price": 22.6
      }
    },
    {
      "quarter": "Q2 2011",
      "income status": {
        "Net sales": 12898,
        "Cost of goods sold": 7947,
        "Gross Profit": 4951,
        "Financial expenses": 420,
        "Of which: Interest expense": 229,
        "Cost of sales": "N/A",
        "Enterprise cost management": 1095,
        "Total Operating Expenses": 1515,
        "Total revenue financing activities": 561,
        "Net profit from business activities": 3997,
        "Profit": 850,
        "Profit before tax": 4847,
        "Present corporate income tax expenses": 1212,
        "Deferred income taxes expenses": "N/A",
        "The interests of minority shareholders": "N/A",
        "Total Cost of profits": 1212,
        "Profit after tax corporate income": 3636,
        "Volume": 4800000,
        "Close of Quarter": 14.2,
        "EPS": 5452,
        "Non-adjusted EPS": 5452,
        "PE": 2.6,
        "Book Price": 22.2
      }
    },
    {
      "quarter": "Q1 2011",
      "income status": {
        "Net sales": 17529,
        "Cost of goods sold": 10804,
        "Gross Profit": 6725,
        "Financial expenses": 376,
        "Of which: Interest expense": 174,
        "Cost of sales": "N/A",
        "Enterprise cost management": 1018,
        "Total Operating Expenses": 1394,
        "Total revenue financing activities": 1689,
        "Net profit from business activities": 7020,
        "Profit": 68,
        "Profit before tax": 7088,
        "Present corporate income tax expenses": 1772,
        "Deferred income taxes expenses": "N/A",
        "The interests of minority shareholders": "N/A",
        "Total Cost of profits": 1772,
        "Profit after tax corporate income": 5316,
        "Volume": 4800000,
        "Close of Quarter": "N/A",
        "EPS": 4694,
        "Non-adjusted EPS": 4694,
        "PE": "N/A",
        "Book Price": 24.3
      }
    },
    {
      "quarter": "Q3 2010",
      "income status": {
        "Net sales": 37045,
        "Cost of goods sold": 29377,
        "Gross Profit": 7668,
        "Financial expenses": 364,
        "Of which: Interest expense": 361,
        "Cost of sales": 2,
        "Enterprise cost management": 965,
        "Total Operating Expenses": 1331,
        "Total revenue financing activities": 1086,
        "Net profit from business activities": 7423,
        "Profit": 42,
        "Profit before tax": 7465,
        "Present corporate income tax expenses": 1866,
        "Deferred income taxes expenses": "N/A",
        "The interests of minority shareholders": "N/A",
        "Total Cost of profits": 1866,
        "Profit after tax corporate income": 5599,
        "Volume": 4800000,
        "Close of Quarter": "N/A",
        "EPS": 3587,
        "Non-adjusted EPS": 3587,
        "PE": "N/A",
        "Book Price": "N/A"
      }
    },
    {
      "quarter": "Q2 2010",
      "income status": {
        "Net sales": 28217,
        "Cost of goods sold": 11516,
        "Gross Profit": 16701,
        "Financial expenses": 1127,
        "Of which: Interest expense": 1009,
        "Cost of sales": 7,
        "Enterprise cost management": 1109,
        "Total Operating Expenses": 2243,
        "Total revenue financing activities": 931,
        "Net profit from business activities": 15388,
        "Profit": 102,
        "Profit before tax": 15490,
        "Present corporate income tax expenses": 3873,
        "Deferred income taxes expenses": "N/A",
        "The interests of minority shareholders": "N/A",
        "Total Cost of profits": 3873,
        "Profit after tax corporate income": 11618,
        "Volume": 4800000,
        "Close of Quarter": "N/A",
        "EPS": 2420,
        "Non-adjusted EPS": 2420,
        "PE": "N/A",
        "Book Price": "N/A"
      }
    }
  ]
}