{
  "ticker": "HRC",
  "data": [
    {
      "quarter": "Q1 2017",
      "income status": {
        "Net sales": 17553,
        "Cost of goods sold": 11907,
        "Gross Profit": 5646,
        "Financial expenses": 722,
        "Of which: Interest expense": 693,
        "Cost of sales": 670,
        "Enterprise cost management": 2508,
        "Total Operating Expenses": 3900,
        "Total revenue financing activities": 108,
        "Net profit from business activities": 1855,
        "Profit": 41,
        "Profit before tax": 1896,
        "Present corporate income tax expenses": 195,
        "Deferred income taxes expenses": "N/A",
        "The interests of minority shareholders": "N/A",
        "Total Cost of profits": 195,
        "Profit after tax corporate income": 1701,
        "Volume": 30206616,
        "Close of Quarter": 37.5,
        "EPS": 268,
        "Non-adjusted EPS": 268,
        "PE": 139.9,
        "Book Price": 17.7
      }
    },
    {
      "quarter": "Q4 2016",
      "income status": {
        "Net sales": 39120,
        "Cost of goods sold": 37203,
        "Gross Profit": 1917,
        "Financial expenses": 532,
        "Of which: Interest expense": 423,
        "Cost of sales": 980,
        "Enterprise cost management": -156,
        "Total Operating Expenses": 1356,
        "Total revenue financing activities": 72,
        "Net profit from business activities": 633,
        "Profit": 1414,
        "Profit before tax": 2047,
        "Present corporate income tax expenses": 304,
        "Deferred income taxes expenses": "N/A",
        "The interests of minority shareholders": "N/A",
        "Total Cost of profits": 304,
        "Profit after tax corporate income": 1743,
        "Volume": 30206616,
        "Close of Quarter": 38.7,
        "EPS": 309,
        "Non-adjusted EPS": 309,
        "PE": 125.2,
        "Book Price": 17.7
      }
    },
    {
      "quarter": "Q3 2016",
      "income status": {
        "Net sales": 31422,
        "Cost of goods sold": 24381,
        "Gross Profit": 7041,
        "Financial expenses": 417,
        "Of which: Interest expense": 402,
        "Cost of sales": 742,
        "Enterprise cost management": 5939,
        "Total Operating Expenses": 7098,
        "Total revenue financing activities": 37,
        "Net profit from business activities": -20,
        "Profit": 3686,
        "Profit before tax": 3665,
        "Present corporate income tax expenses": 705,
        "Deferred income taxes expenses": "N/A",
        "The interests of minority shareholders": "N/A",
        "Total Cost of profits": 705,
        "Profit after tax corporate income": 2960,
        "Volume": 30206616,
        "Close of Quarter": 36,
        "EPS": 304,
        "Non-adjusted EPS": 304,
        "PE": 118.4,
        "Book Price": 17.6
      }
    },
    {
      "quarter": "Q2 2016",
      "income status": {
        "Net sales": 1113,
        "Cost of goods sold": 551,
        "Gross Profit": 562,
        "Financial expenses": 272,
        "Of which: Interest expense": 257,
        "Cost of sales": 148,
        "Enterprise cost management": 346,
        "Total Operating Expenses": 766,
        "Total revenue financing activities": 240,
        "Net profit from business activities": 36,
        "Profit": 2021,
        "Profit before tax": 2057,
        "Present corporate income tax expenses": 368,
        "Deferred income taxes expenses": "N/A",
        "The interests of minority shareholders": "N/A",
        "Total Cost of profits": 368,
        "Profit after tax corporate income": 1689,
        "Volume": 24165360,
        "Close of Quarter": 30.2,
        "EPS": 261.6,
        "Non-adjusted EPS": 327,
        "PE": 92.5,
        "Book Price": 17.5
      }
    },
    {
      "quarter": "Q1 2016",
      "income status": {
        "Net sales": 13776,
        "Cost of goods sold": 12150,
        "Gross Profit": 1626,
        "Financial expenses": 332,
        "Of which: Interest expense": 307,
        "Cost of sales": 360,
        "Enterprise cost management": 1103,
        "Total Operating Expenses": 1795,
        "Total revenue financing activities": 53,
        "Net profit from business activities": -116,
        "Profit": 3760,
        "Profit before tax": 3645,
        "Present corporate income tax expenses": 715,
        "Deferred income taxes expenses": "N/A",
        "The interests of minority shareholders": "N/A",
        "Total Cost of profits": 715,
        "Profit after tax corporate income": 2929,
        "Volume": 24165360,
        "Close of Quarter": 30,
        "EPS": 388.8,
        "Non-adjusted EPS": 486,
        "PE": 61.7,
        "Book Price": 17.6
      }
    },
    {
      "quarter": "Q4 2015",
      "income status": {
        "Net sales": 36275,
        "Cost of goods sold": 30332,
        "Gross Profit": 5944,
        "Financial expenses": 745,
        "Of which: Interest expense": 538,
        "Cost of sales": 1382,
        "Enterprise cost management": 1565,
        "Total Operating Expenses": 3692,
        "Total revenue financing activities": 440,
        "Net profit from business activities": 2691,
        "Profit": -936,
        "Profit before tax": 1756,
        "Present corporate income tax expenses": 137,
        "Deferred income taxes expenses": "N/A",
        "The interests of minority shareholders": "N/A",
        "Total Cost of profits": 137,
        "Profit after tax corporate income": 1619,
        "Volume": 24165360,
        "Close of Quarter": 29.8,
        "EPS": 1009.6,
        "Non-adjusted EPS": 1262,
        "PE": 23.6,
        "Book Price": 17.5
      }
    },
    {
      "quarter": "Q3 2015",
      "income status": {
        "Net sales": 23740,
        "Cost of goods sold": 21970,
        "Gross Profit": 1770,
        "Financial expenses": 599,
        "Of which: Interest expense": 599,
        "Cost of sales": 786,
        "Enterprise cost management": 597,
        "Total Operating Expenses": 1982,
        "Total revenue financing activities": 6,
        "Net profit from business activities": -206,
        "Profit": 2390,
        "Profit before tax": 2184,
        "Present corporate income tax expenses": 517,
        "Deferred income taxes expenses": "N/A",
        "The interests of minority shareholders": "N/A",
        "Total Cost of profits": 517,
        "Profit after tax corporate income": 1667,
        "Volume": 24165360,
        "Close of Quarter": 35.2,
        "EPS": 1605.6,
        "Non-adjusted EPS": 2007,
        "PE": 17.5,
        "Book Price": 17.5
      }
    },
    {
      "quarter": "Q2 2015",
      "income status": {
        "Net sales": 7557,
        "Cost of goods sold": 6746,
        "Gross Profit": 811,
        "Financial expenses": 436,
        "Of which: Interest expense": 431,
        "Cost of sales": 484,
        "Enterprise cost management": 224,
        "Total Operating Expenses": 1144,
        "Total revenue financing activities": 211,
        "Net profit from business activities": -122,
        "Profit": 7184,
        "Profit before tax": 7062,
        "Present corporate income tax expenses": 1522,
        "Deferred income taxes expenses": "N/A",
        "The interests of minority shareholders": "N/A",
        "Total Cost of profits": 1522,
        "Profit after tax corporate income": 5540,
        "Volume": 17260970,
        "Close of Quarter": 26.9,
        "EPS": 1755.4,
        "Non-adjusted EPS": 3072,
        "PE": 8.7,
        "Book Price": 17.5
      }
    },
    {
      "quarter": "Q1 2015",
      "income status": {
        "Net sales": 26900,
        "Cost of goods sold": 25498,
        "Gross Profit": 1402,
        "Financial expenses": 381,
        "Of which: Interest expense": 372,
        "Cost of sales": 664,
        "Enterprise cost management": 658,
        "Total Operating Expenses": 1703,
        "Total revenue financing activities": 16,
        "Net profit from business activities": -285,
        "Profit": 28090,
        "Profit before tax": 27805,
        "Present corporate income tax expenses": 6127,
        "Deferred income taxes expenses": "N/A",
        "The interests of minority shareholders": "N/A",
        "Total Cost of profits": 6127,
        "Profit after tax corporate income": 21678,
        "Volume": 17260970,
        "Close of Quarter": 26.8,
        "EPS": 1924.0,
        "Non-adjusted EPS": 3367,
        "PE": 8.0,
        "Book Price": 17.4
      }
    },
    {
      "quarter": "Q4 2014",
      "income status": {
        "Net sales": 39523,
        "Cost of goods sold": 37482,
        "Gross Profit": 2041,
        "Financial expenses": 728,
        "Of which: Interest expense": 637,
        "Cost of sales": 867,
        "Enterprise cost management": 984,
        "Total Operating Expenses": 2579,
        "Total revenue financing activities": 207,
        "Net profit from business activities": -331,
        "Profit": 25512,
        "Profit before tax": 25181,
        "Present corporate income tax expenses": 5568,
        "Deferred income taxes expenses": "N/A",
        "The interests of minority shareholders": "N/A",
        "Total Cost of profits": 5568,
        "Profit after tax corporate income": 19613,
        "Volume": 17260970,
        "Close of Quarter": 24.9,
        "EPS": 1859.4,
        "Non-adjusted EPS": 3254,
        "PE": 7.7,
        "Book Price": 16.7
      }
    },
    {
      "quarter": "Q3 2014",
      "income status": {
        "Net sales": 33106,
        "Cost of goods sold": 31109,
        "Gross Profit": 1996,
        "Financial expenses": 164,
        "Of which: Interest expense": 223,
        "Cost of sales": 938,
        "Enterprise cost management": 1104,
        "Total Operating Expenses": 2206,
        "Total revenue financing activities": 295,
        "Net profit from business activities": 86,
        "Profit": 7868,
        "Profit before tax": 7954,
        "Present corporate income tax expenses": 1761,
        "Deferred income taxes expenses": "N/A",
        "The interests of minority shareholders": "N/A",
        "Total Cost of profits": 1761,
        "Profit after tax corporate income": 6193,
        "Volume": 17260970,
        "Close of Quarter": 22.3,
        "EPS": 1768,
        "Non-adjusted EPS": 3094,
        "PE": 7.2,
        "Book Price": 16.3
      }
    },
    {
      "quarter": "Q2 2014",
      "income status": {
        "Net sales": 42880,
        "Cost of goods sold": 41175,
        "Gross Profit": 1705,
        "Financial expenses": 1724,
        "Of which: Interest expense": 1434,
        "Cost of sales": 1200,
        "Enterprise cost management": 398,
        "Total Operating Expenses": 3322,
        "Total revenue financing activities": 927,
        "Net profit from business activities": -690,
        "Profit": 14245,
        "Profit before tax": 13555,
        "Present corporate income tax expenses": 2918,
        "Deferred income taxes expenses": "N/A",
        "The interests of minority shareholders": "N/A",
        "Total Cost of profits": 2918,
        "Profit after tax corporate income": 10637,
        "Volume": 17260970,
        "Close of Quarter": 23.6,
        "EPS": 2320.6,
        "Non-adjusted EPS": 4061,
        "PE": 5.8,
        "Book Price": 16.1
      }
    },
    {
      "quarter": "Q1 2014",
      "income status": {
        "Net sales": 45885,
        "Cost of goods sold": 44568,
        "Gross Profit": 1317,
        "Financial expenses": 670,
        "Of which: Interest expense": 728,
        "Cost of sales": 534,
        "Enterprise cost management": 775,
        "Total Operating Expenses": 1979,
        "Total revenue financing activities": 861,
        "Net profit from business activities": 200,
        "Profit": 25097,
        "Profit before tax": 25297,
        "Present corporate income tax expenses": 5576,
        "Deferred income taxes expenses": "N/A",
        "The interests of minority shareholders": "N/A",
        "Total Cost of profits": 5576,
        "Profit after tax corporate income": 19721,
        "Volume": 17260970,
        "Close of Quarter": 25.1,
        "EPS": 2765.7,
        "Non-adjusted EPS": 4840,
        "PE": 5.2,
        "Book Price": 16.6
      }
    },
    {
      "quarter": "Q4 2013",
      "income status": {
        "Net sales": 85815,
        "Cost of goods sold": 85198,
        "Gross Profit": 617,
        "Financial expenses": -122,
        "Of which: Interest expense": 356,
        "Cost of sales": 2078,
        "Enterprise cost management": -899,
        "Total Operating Expenses": 1057,
        "Total revenue financing activities": 642,
        "Net profit from business activities": 202,
        "Profit": 21055,
        "Profit before tax": 21257,
        "Present corporate income tax expenses": 4409,
        "Deferred income taxes expenses": "N/A",
        "The interests of minority shareholders": "N/A",
        "Total Cost of profits": 4409,
        "Profit after tax corporate income": 16848,
        "Volume": 17260970,
        "Close of Quarter": 25.9,
        "EPS": 2153.7,
        "Non-adjusted EPS": 3769,
        "PE": 6.9,
        "Book Price": 16.7
      }
    },
    {
      "quarter": "Q3 2013",
      "income status": {
        "Net sales": 129001,
        "Cost of goods sold": 122601,
        "Gross Profit": 6400,
        "Financial expenses": 394,
        "Of which: Interest expense": 210,
        "Cost of sales": 2783,
        "Enterprise cost management": 3364,
        "Total Operating Expenses": 6541,
        "Total revenue financing activities": 621,
        "Net profit from business activities": 482,
        "Profit": 28172,
        "Profit before tax": 28654,
        "Present corporate income tax expenses": 5758,
        "Deferred income taxes expenses": "N/A",
        "The interests of minority shareholders": "N/A",
        "Total Cost of profits": 5758,
        "Profit after tax corporate income": 22896,
        "Volume": 17260970,
        "Close of Quarter": 27.0,
        "EPS": 1842.9,
        "Non-adjusted EPS": 3225,
        "PE": 8.4,
        "Book Price": 16.3
      }
    },
    {
      "quarter": "Q2 2013",
      "income status": {
        "Net sales": 106683,
        "Cost of goods sold": 101556,
        "Gross Profit": 5126,
        "Financial expenses": 665,
        "Of which: Interest expense": 327,
        "Cost of sales": 1229,
        "Enterprise cost management": 4080,
        "Total Operating Expenses": 5974,
        "Total revenue financing activities": 1111,
        "Net profit from business activities": 263,
        "Profit": 29777,
        "Profit before tax": 30039,
        "Present corporate income tax expenses": 5962,
        "Deferred income taxes expenses": "N/A",
        "The interests of minority shareholders": "N/A",
        "Total Cost of profits": 5962,
        "Profit after tax corporate income": 24077,
        "Volume": 17260970,
        "Close of Quarter": 26.2,
        "EPS": 1793.7,
        "Non-adjusted EPS": 3139,
        "PE": 8.4,
        "Book Price": 15.5
      }
    },
    {
      "quarter": "Q1 2013",
      "income status": {
        "Net sales": 84574,
        "Cost of goods sold": 81226,
        "Gross Profit": 3348,
        "Financial expenses": 202,
        "Of which: Interest expense": 229,
        "Cost of sales": 1391,
        "Enterprise cost management": 1310,
        "Total Operating Expenses": 2903,
        "Total revenue financing activities": 947,
        "Net profit from business activities": 1393,
        "Profit": 219,
        "Profit before tax": 1612,
        "Present corporate income tax expenses": 384,
        "Deferred income taxes expenses": "N/A",
        "The interests of minority shareholders": "N/A",
        "Total Cost of profits": 384,
        "Profit after tax corporate income": 1228,
        "Volume": 17260970,
        "Close of Quarter": 25.0,
        "EPS": 1794.3,
        "Non-adjusted EPS": 3140,
        "PE": 8.0,
        "Book Price": 15.7
      }
    },
    {
      "quarter": "Q4 2012",
      "income status": {
        "Net sales": 128337,
        "Cost of goods sold": 119448,
        "Gross Profit": 8889,
        "Financial expenses": 239,
        "Of which: Interest expense": 235,
        "Cost of sales": 2273,
        "Enterprise cost management": 4341,
        "Total Operating Expenses": 6853,
        "Total revenue financing activities": 1429,
        "Net profit from business activities": 3466,
        "Profit": 5995,
        "Profit before tax": 9462,
        "Present corporate income tax expenses": 1990,
        "Deferred income taxes expenses": "N/A",
        "The interests of minority shareholders": "N/A",
        "Total Cost of profits": 1990,
        "Profit after tax corporate income": 7471,
        "Volume": 17260970,
        "Close of Quarter": 19.4,
        "EPS": 2941.7,
        "Non-adjusted EPS": 5148,
        "PE": 3.8,
        "Book Price": 16.1
      }
    },
    {
      "quarter": "Q3 2012",
      "income status": {
        "Net sales": 119010,
        "Cost of goods sold": 103967,
        "Gross Profit": 15043,
        "Financial expenses": 796,
        "Of which: Interest expense": 271,
        "Cost of sales": 2119,
        "Enterprise cost management": 3930,
        "Total Operating Expenses": 6845,
        "Total revenue financing activities": 959,
        "Net profit from business activities": 9156,
        "Profit": 12805,
        "Profit before tax": 21961,
        "Present corporate income tax expenses": 557,
        "Deferred income taxes expenses": "N/A",
        "The interests of minority shareholders": "N/A",
        "Total Cost of profits": 557,
        "Profit after tax corporate income": 21404,
        "Volume": 17260970,
        "Close of Quarter": 18.9,
        "EPS": 3614.9,
        "Non-adjusted EPS": 6326,
        "PE": 3.0,
        "Book Price": 16.7
      }
    },
    {
      "quarter": "Q2 2012",
      "income status": {
        "Net sales": 136697,
        "Cost of goods sold": 130026,
        "Gross Profit": 6671,
        "Financial expenses": -62,
        "Of which: Interest expense": 194,
        "Cost of sales": 1731,
        "Enterprise cost management": 4008,
        "Total Operating Expenses": 5677,
        "Total revenue financing activities": 2815,
        "Net profit from business activities": 3808,
        "Profit": 27736,
        "Profit before tax": 31544,
        "Present corporate income tax expenses": 7445,
        "Deferred income taxes expenses": "N/A",
        "The interests of minority shareholders": "N/A",
        "Total Cost of profits": 7445,
        "Profit after tax corporate income": 24100,
        "Volume": 17260970,
        "Close of Quarter": 18.1,
        "EPS": 3702.9,
        "Non-adjusted EPS": 6480,
        "PE": 2.8,
        "Book Price": 15.7
      }
    },
    {
      "quarter": "Q1 2012",
      "income status": {
        "Net sales": 110433,
        "Cost of goods sold": 100896,
        "Gross Profit": 9536,
        "Financial expenses": -2368,
        "Of which: Interest expense": 339,
        "Cost of sales": 1471,
        "Enterprise cost management": 2634,
        "Total Operating Expenses": 1737,
        "Total revenue financing activities": 946,
        "Net profit from business activities": 8746,
        "Profit": 38789,
        "Profit before tax": 47535,
        "Present corporate income tax expenses": 11649,
        "Deferred income taxes expenses": "N/A",
        "The interests of minority shareholders": "N/A",
        "Total Cost of profits": 11649,
        "Profit after tax corporate income": 35886,
        "Volume": 17260970,
        "Close of Quarter": 19.1,
        "EPS": 3956.0,
        "Non-adjusted EPS": 6923,
        "PE": 2.8,
        "Book Price": 16.3
      }
    },
    {
      "quarter": "Q4 2011",
      "income status": {
        "Net sales": 208317,
        "Cost of goods sold": 171983,
        "Gross Profit": 36334,
        "Financial expenses": 2066,
        "Of which: Interest expense": 172,
        "Cost of sales": 3975,
        "Enterprise cost management": 6148,
        "Total Operating Expenses": 12189,
        "Total revenue financing activities": 1627,
        "Net profit from business activities": 25771,
        "Profit": 1894,
        "Profit before tax": 27666,
        "Present corporate income tax expenses": -141,
        "Deferred income taxes expenses": "N/A",
        "The interests of minority shareholders": "N/A",
        "Total Cost of profits": -141,
        "Profit after tax corporate income": 27807,
        "Volume": 17260970,
        "Close of Quarter": 22.2,
        "EPS": 4232.6,
        "Non-adjusted EPS": 7407,
        "PE": 3,
        "Book Price": 15.1
      }
    },
    {
      "quarter": "Q3 2011",
      "income status": {
        "Net sales": 184704,
        "Cost of goods sold": 152597,
        "Gross Profit": 32106,
        "Financial expenses": 477,
        "Of which: Interest expense": 108,
        "Cost of sales": 2157,
        "Enterprise cost management": 4660,
        "Total Operating Expenses": 7294,
        "Total revenue financing activities": 789,
        "Net profit from business activities": 25602,
        "Profit": 616,
        "Profit before tax": 26218,
        "Present corporate income tax expenses": 2155,
        "Deferred income taxes expenses": "N/A",
        "The interests of minority shareholders": "N/A",
        "Total Cost of profits": 2155,
        "Profit after tax corporate income": 24063,
        "Volume": 17260970,
        "Close of Quarter": 27.2,
        "EPS": 4051.4,
        "Non-adjusted EPS": 7090,
        "PE": 3.8,
        "Book Price": 15.1
      }
    },
    {
      "quarter": "Q2 2011",
      "income status": {
        "Net sales": 104107,
        "Cost of goods sold": 86950,
        "Gross Profit": 17157,
        "Financial expenses": 2280,
        "Of which: Interest expense": "N/A",
        "Cost of sales": 1089,
        "Enterprise cost management": 4558,
        "Total Operating Expenses": 7927,
        "Total revenue financing activities": 2933,
        "Net profit from business activities": 12161,
        "Profit": 27084,
        "Profit before tax": 39245,
        "Present corporate income tax expenses": 7505,
        "Deferred income taxes expenses": "N/A",
        "The interests of minority shareholders": "N/A",
        "Total Cost of profits": 7505,
        "Profit after tax corporate income": 31740,
        "Volume": 17260970,
        "Close of Quarter": 28.1,
        "EPS": 4278.9,
        "Non-adjusted EPS": 7488,
        "PE": 3.8,
        "Book Price": 14.3
      }
    },
    {
      "quarter": "Q1 2011",
      "income status": {
        "Net sales": 191283,
        "Cost of goods sold": 142769,
        "Gross Profit": 48515,
        "Financial expenses": 2517,
        "Of which: Interest expense": "N/A",
        "Cost of sales": 1327,
        "Enterprise cost management": 3999,
        "Total Operating Expenses": 7843,
        "Total revenue financing activities": 2574,
        "Net profit from business activities": 43245,
        "Profit": 5782,
        "Profit before tax": 49027,
        "Present corporate income tax expenses": 4786,
        "Deferred income taxes expenses": "N/A",
        "The interests of minority shareholders": "N/A",
        "Total Cost of profits": 4786,
        "Profit after tax corporate income": 44242,
        "Volume": 17260970,
        "Close of Quarter": 28.5,
        "EPS": 3780.6,
        "Non-adjusted EPS": 6616,
        "PE": 4.3,
        "Book Price": 15.2
      }
    },
    {
      "quarter": "Q4 2010",
      "income status": {
        "Net sales": 155740,
        "Cost of goods sold": 125362,
        "Gross Profit": 30378,
        "Financial expenses": 129,
        "Of which: Interest expense": "N/A",
        "Cost of sales": 2738,
        "Enterprise cost management": 6099,
        "Total Operating Expenses": 8966,
        "Total revenue financing activities": 1703,
        "Net profit from business activities": 23115,
        "Profit": 686,
        "Profit before tax": 23801,
        "Present corporate income tax expenses": 1467,
        "Deferred income taxes expenses": "N/A",
        "The interests of minority shareholders": "N/A",
        "Total Cost of profits": 1467,
        "Profit after tax corporate income": 22334,
        "Volume": 17160970,
        "Close of Quarter": 27.2,
        "EPS": 3219.5,
        "Non-adjusted EPS": 5667,
        "PE": 4.8,
        "Book Price": 13.9
      }
    },
    {
      "quarter": "Q3 2010",
      "income status": {
        "Net sales": 149597,
        "Cost of goods sold": 108426,
        "Gross Profit": 41170,
        "Financial expenses": 4111,
        "Of which: Interest expense": 164,
        "Cost of sales": 1819,
        "Enterprise cost management": 3387,
        "Total Operating Expenses": 9317,
        "Total revenue financing activities": 1195,
        "Net profit from business activities": 33050,
        "Profit": 587,
        "Profit before tax": 33637,
        "Present corporate income tax expenses": 2700,
        "Deferred income taxes expenses": "N/A",
        "The interests of minority shareholders": "N/A",
        "Total Cost of profits": 2700,
        "Profit after tax corporate income": 30937,
        "Volume": 17160970,
        "Close of Quarter": 25.6,
        "EPS": 3062.7,
        "Non-adjusted EPS": 5391,
        "PE": 4.7,
        "Book Price": 13.0
      }
    },
    {
      "quarter": "Q2 2010",
      "income status": {
        "Net sales": 60199,
        "Cost of goods sold": 45859,
        "Gross Profit": 14340,
        "Financial expenses": 429,
        "Of which: Interest expense": 9,
        "Cost of sales": 1283,
        "Enterprise cost management": 2423,
        "Total Operating Expenses": 4135,
        "Total revenue financing activities": 1317,
        "Net profit from business activities": 11523,
        "Profit": 6680,
        "Profit before tax": 18202,
        "Present corporate income tax expenses": 1523,
        "Deferred income taxes expenses": "N/A",
        "The interests of minority shareholders": "N/A",
        "Total Cost of profits": 1523,
        "Profit after tax corporate income": 16679,
        "Volume": 17160970,
        "Close of Quarter": 22.6,
        "EPS": 2832.6,
        "Non-adjusted EPS": 4986,
        "PE": 4.5,
        "Book Price": 12.0
      }
    },
    {
      "quarter": "Q1 2010",
      "income status": {
        "Net sales": 46477,
        "Cost of goods sold": 27915,
        "Gross Profit": 18563,
        "Financial expenses": 1084,
        "Of which: Interest expense": "N/A",
        "Cost of sales": 341,
        "Enterprise cost management": 2295,
        "Total Operating Expenses": 3720,
        "Total revenue financing activities": 2449,
        "Net profit from business activities": 17292,
        "Profit": 12591,
        "Profit before tax": 29883,
        "Present corporate income tax expenses": 2581,
        "Deferred income taxes expenses": "N/A",
        "The interests of minority shareholders": "N/A",
        "Total Cost of profits": 2581,
        "Profit after tax corporate income": 27302,
        "Volume": 17160970,
        "Close of Quarter": 16.1,
        "EPS": 2551.4,
        "Non-adjusted EPS": 4491,
        "PE": 3.6,
        "Book Price": 11.4
      }
    },
    {
      "quarter": "Q4 2009",
      "income status": {
        "Net sales": 87334,
        "Cost of goods sold": 64158,
        "Gross Profit": 23176,
        "Financial expenses": 1996,
        "Of which: Interest expense": "N/A",
        "Cost of sales": 1759,
        "Enterprise cost management": 4668,
        "Total Operating Expenses": 8423,
        "Total revenue financing activities": 2931,
        "Net profit from business activities": 17683,
        "Profit": 1065,
        "Profit before tax": 18747,
        "Present corporate income tax expenses": 1153,
        "Deferred income taxes expenses": "N/A",
        "The interests of minority shareholders": "N/A",
        "Total Cost of profits": 1153,
        "Profit after tax corporate income": 17594,
        "Volume": 17160970,
        "Close of Quarter": 16.0,
        "EPS": 2119.7,
        "Non-adjusted EPS": 3731,
        "PE": 4.3,
        "Book Price": 12.2
      }
    },
    {
      "quarter": "Q3 2009",
      "income status": {
        "Net sales": 55021,
        "Cost of goods sold": 38815,
        "Gross Profit": 16206,
        "Financial expenses": -5436,
        "Of which: Interest expense": 273,
        "Cost of sales": 1349,
        "Enterprise cost management": 2008,
        "Total Operating Expenses": -2079,
        "Total revenue financing activities": 2940,
        "Net profit from business activities": 21225,
        "Profit": 4960,
        "Profit before tax": 26184,
        "Present corporate income tax expenses": 2196,
        "Deferred income taxes expenses": "N/A",
        "The interests of minority shareholders": "N/A",
        "Total Cost of profits": 2196,
        "Profit after tax corporate income": 23988,
        "Volume": 17160970,
        "Close of Quarter": 18.2,
        "EPS": 1955.5,
        "Non-adjusted EPS": 3442,
        "PE": 5.3,
        "Book Price": 11.7
      }
    },
    {
      "quarter": "Q2 2009",
      "income status": {
        "Net sales": 15224,
        "Cost of goods sold": 17747,
        "Gross Profit": -2523,
        "Financial expenses": -6433,
        "Of which: Interest expense": 59,
        "Cost of sales": 312,
        "Enterprise cost management": 1950,
        "Total Operating Expenses": -4171,
        "Total revenue financing activities": 2126,
        "Net profit from business activities": 3774,
        "Profit": 5723,
        "Profit before tax": 9497,
        "Present corporate income tax expenses": 1309,
        "Deferred income taxes expenses": "N/A",
        "The interests of minority shareholders": "N/A",
        "Total Cost of profits": 1309,
        "Profit after tax corporate income": 8188,
        "Volume": 17160970,
        "Close of Quarter": 15.0,
        "EPS": 2172.5,
        "Non-adjusted EPS": 3824,
        "PE": 3.9,
        "Book Price": 10.9
      }
    },
    {
      "quarter": "Q1 2009",
      "income status": {
        "Net sales": 45067,
        "Cost of goods sold": 32647,
        "Gross Profit": 12420,
        "Financial expenses": 932,
        "Of which: Interest expense": 6,
        "Cost of sales": 613,
        "Enterprise cost management": 1609,
        "Total Operating Expenses": 3154,
        "Total revenue financing activities": 2952,
        "Net profit from business activities": 12218,
        "Profit": 3338,
        "Profit before tax": 15556,
        "Present corporate income tax expenses": 1294,
        "Deferred income taxes expenses": "N/A",
        "The interests of minority shareholders": "N/A",
        "Total Cost of profits": 1294,
        "Profit after tax corporate income": 14263,
        "Volume": 17160970,
        "Close of Quarter": 10.7,
        "EPS": 2461.1,
        "Non-adjusted EPS": 4332,
        "PE": 2.5,
        "Book Price": 10.6
      }
    },
    {
      "quarter": "Q4 2008",
      "income status": {
        "Net sales": 76633,
        "Cost of goods sold": 57618,
        "Gross Profit": 19015,
        "Financial expenses": 8099,
        "Of which: Interest expense": 6,
        "Cost of sales": 2905,
        "Enterprise cost management": 3541,
        "Total Operating Expenses": 14545,
        "Total revenue financing activities": 7322,
        "Net profit from business activities": 11792,
        "Profit": 831,
        "Profit before tax": 12622,
        "Present corporate income tax expenses": "N/A",
        "Deferred income taxes expenses": "N/A",
        "The interests of minority shareholders": "N/A",
        "Total Cost of profits": 0,
        "Profit after tax corporate income": 12622,
        "Volume": 17160970,
        "Close of Quarter": 10.2,
        "EPS": 2913.9,
        "Non-adjusted EPS": 5129,
        "PE": 2.0,
        "Book Price": 10.7
      }
    },
    {
      "quarter": "Q3 2008",
      "income status": {
        "Net sales": 103895,
        "Cost of goods sold": 72510,
        "Gross Profit": 31385,
        "Financial expenses": -198,
        "Of which: Interest expense": 7,
        "Cost of sales": 1474,
        "Enterprise cost management": 2398,
        "Total Operating Expenses": 3674,
        "Total revenue financing activities": 1877,
        "Net profit from business activities": 29588,
        "Profit": 968,
        "Profit before tax": 30556,
        "Present corporate income tax expenses": "N/A",
        "Deferred income taxes expenses": "N/A",
        "The interests of minority shareholders": "N/A",
        "Total Cost of profits": 0,
        "Profit after tax corporate income": 30556,
        "Volume": 17160970,
        "Close of Quarter": 19.4,
        "EPS": 3907.5,
        "Non-adjusted EPS": 6878,
        "PE": 2.8,
        "Book Price": 11.7
      }
    },
    {
      "quarter": "Q2 2008",
      "income status": {
        "Net sales": 49289,
        "Cost of goods sold": 20414,
        "Gross Profit": 28875,
        "Financial expenses": 18830,
        "Of which: Interest expense": 7,
        "Cost of sales": 847,
        "Enterprise cost management": 2162,
        "Total Operating Expenses": 21839,
        "Total revenue financing activities": 4041,
        "Net profit from business activities": 11078,
        "Profit": 5816,
        "Profit before tax": 16895,
        "Present corporate income tax expenses": "N/A",
        "Deferred income taxes expenses": "N/A",
        "The interests of minority shareholders": "N/A",
        "Total Cost of profits": 0,
        "Profit after tax corporate income": 16895,
        "Volume": 17160970,
        "Close of Quarter": 16.6,
        "EPS": 3872.9,
        "Non-adjusted EPS": 6817,
        "PE": 2.4,
        "Book Price": 10.7
      }
    },
    {
      "quarter": "Q1 2008",
      "income status": {
        "Net sales": 60159,
        "Cost of goods sold": 40484,
        "Gross Profit": 19675,
        "Financial expenses": 388,
        "Of which: Interest expense": 7,
        "Cost of sales": 438,
        "Enterprise cost management": 1908,
        "Total Operating Expenses": 2734,
        "Total revenue financing activities": 233,
        "Net profit from business activities": 17175,
        "Profit": 10777,
        "Profit before tax": 27951,
        "Present corporate income tax expenses": "N/A",
        "Deferred income taxes expenses": "N/A",
        "The interests of minority shareholders": "N/A",
        "Total Cost of profits": 0,
        "Profit after tax corporate income": 27951,
        "Volume": 17160970,
        "Close of Quarter": 26.1,
        "EPS": 4003.5,
        "Non-adjusted EPS": 7047,
        "PE": 3.7,
        "Book Price": 10.3
      }
    },
    {
      "quarter": "Q4 2007",
      "income status": {
        "Net sales": 92486,
        "Cost of goods sold": 53614,
        "Gross Profit": 38872,
        "Financial expenses": 221,
        "Of which: Interest expense": 8,
        "Cost of sales": 2490,
        "Enterprise cost management": 2748,
        "Total Operating Expenses": 5459,
        "Total revenue financing activities": 6208,
        "Net profit from business activities": 39622,
        "Profit": 3015,
        "Profit before tax": 42637,
        "Present corporate income tax expenses": "N/A",
        "Deferred income taxes expenses": "N/A",
        "The interests of minority shareholders": "N/A",
        "Total Cost of profits": 0,
        "Profit after tax corporate income": 42637,
        "Volume": 17160970,
        "Close of Quarter": 63.2,
        "EPS": 4429.1,
        "Non-adjusted EPS": 7796,
        "PE": 8.1,
        "Book Price": 11.3
      }
    },
    {
      "quarter": "Q3 2007",
      "income status": {
        "Net sales": 78551,
        "Cost of goods sold": 47674,
        "Gross Profit": 30878,
        "Financial expenses": 74,
        "Of which: Interest expense": 9,
        "Cost of sales": 1359,
        "Enterprise cost management": 4416,
        "Total Operating Expenses": 5849,
        "Total revenue financing activities": 3320,
        "Net profit from business activities": 28348,
        "Profit": 1160,
        "Profit before tax": 29508,
        "Present corporate income tax expenses": "N/A",
        "Deferred income taxes expenses": "N/A",
        "The interests of minority shareholders": "N/A",
        "Total Cost of profits": 0,
        "Profit after tax corporate income": 29508,
        "Volume": 17160970,
        "Close of Quarter": 69.6,
        "EPS": 5168.8,
        "Non-adjusted EPS": 9098,
        "PE": 7.7,
        "Book Price": 9.9
      }
    },
    {
      "quarter": "Q2 2007",
      "income status": {
        "Net sales": 62884,
        "Cost of goods sold": 38243,
        "Gross Profit": 24641,
        "Financial expenses": 79,
        "Of which: Interest expense": 9,
        "Cost of sales": 1461,
        "Enterprise cost management": 2069,
        "Total Operating Expenses": 3609,
        "Total revenue financing activities": 223,
        "Net profit from business activities": 21255,
        "Profit": -425,
        "Profit before tax": 20829,
        "Present corporate income tax expenses": "N/A",
        "Deferred income taxes expenses": "N/A",
        "The interests of minority shareholders": "N/A",
        "Total Cost of profits": 0,
        "Profit after tax corporate income": 20829,
        "Volume": 17260976,
        "Close of Quarter": 64.7,
        "EPS": 5170.3,
        "Non-adjusted EPS": 9048,
        "PE": 7.2,
        "Book Price": 9.3
      }
    },
    {
      "quarter": "Q1 2007",
      "income status": {
        "Net sales": 62086,
        "Cost of goods sold": 37361,
        "Gross Profit": 24726,
        "Financial expenses": 265,
        "Of which: Interest expense": 10,
        "Cost of sales": 518,
        "Enterprise cost management": 1975,
        "Total Operating Expenses": 2758,
        "Total revenue financing activities": 918,
        "Net profit from business activities": 22886,
        "Profit": 17934,
        "Profit before tax": 40820,
        "Present corporate income tax expenses": "N/A",
        "Deferred income taxes expenses": "N/A",
        "The interests of minority shareholders": "N/A",
        "Total Cost of profits": 0,
        "Profit after tax corporate income": 40820,
        "Volume": 9600000,
        "Close of Quarter": 82.6,
        "EPS": 4953.4,
        "Non-adjusted EPS": 15586,
        "PE": 5.3,
        "Book Price": 8.8
      }
    },
    {
      "quarter": "Q4 2006",
      "income status": {
        "Net sales": 93878,
        "Cost of goods sold": 41151,
        "Gross Profit": 52727,
        "Financial expenses": 5,
        "Of which: Interest expense": 5,
        "Cost of sales": 2313,
        "Enterprise cost management": 3684,
        "Total Operating Expenses": 6002,
        "Total revenue financing activities": 7479,
        "Net profit from business activities": 54204,
        "Profit": 12577,
        "Profit before tax": 66781,
        "Present corporate income tax expenses": 1811,
        "Deferred income taxes expenses": "N/A",
        "The interests of minority shareholders": "N/A",
        "Total Cost of profits": 1811,
        "Profit after tax corporate income": 64970,
        "Volume": 9600000,
        "Close of Quarter": 33.1,
        "EPS": 4722.0,
        "Non-adjusted EPS": 14858,
        "PE": 2.2,
        "Book Price": 9.5
      }
    },
    {
      "quarter": "Q3 2006",
      "income status": {
        "Net sales": 98044,
        "Cost of goods sold": 63803,
        "Gross Profit": 34241,
        "Financial expenses": "N/A",
        "Of which: Interest expense": "N/A",
        "Cost of sales": 1567,
        "Enterprise cost management": 3771,
        "Total Operating Expenses": 5338,
        "Total revenue financing activities": 341,
        "Net profit from business activities": 29244,
        "Profit": 465,
        "Profit before tax": 29710,
        "Present corporate income tax expenses": 155,
        "Deferred income taxes expenses": "N/A",
        "The interests of minority shareholders": "N/A",
        "Total Cost of profits": 155,
        "Profit after tax corporate income": 29555,
        "Volume": 9600000,
        "Close of Quarter": "N/A",
        "EPS": 2571.4,
        "Non-adjusted EPS": 8091,
        "PE": "N/A",
        "Book Price": 7.2
      }
    },
    {
      "quarter": "Q2 2006",
      "income status": {
        "Net sales": 55770,
        "Cost of goods sold": 39621,
        "Gross Profit": 16149,
        "Financial expenses": 2,
        "Of which: Interest expense": "N/A",
        "Cost of sales": 989,
        "Enterprise cost management": 3452,
        "Total Operating Expenses": 4443,
        "Total revenue financing activities": 921,
        "Net profit from business activities": 12627,
        "Profit": 1961,
        "Profit before tax": 14588,
        "Present corporate income tax expenses": 310,
        "Deferred income taxes expenses": "N/A",
        "The interests of minority shareholders": "N/A",
        "Total Cost of profits": 310,
        "Profit after tax corporate income": 14278,
        "Volume": 9600000,
        "Close of Quarter": "N/A",
        "EPS": 1592.9,
        "Non-adjusted EPS": 5012,
        "PE": "N/A",
        "Book Price": "N/A"
      }
    },
    {
      "quarter": "Q1 2006",
      "income status": {
        "Net sales": 72888,
        "Cost of goods sold": 37604,
        "Gross Profit": 35284,
        "Financial expenses": "N/A",
        "Of which: Interest expense": "N/A",
        "Cost of sales": 801,
        "Enterprise cost management": 1548,
        "Total Operating Expenses": 2349,
        "Total revenue financing activities": 726,
        "Net profit from business activities": 33661,
        "Profit": 178,
        "Profit before tax": 33838,
        "Present corporate income tax expenses": "N/A",
        "Deferred income taxes expenses": "N/A",
        "The interests of minority shareholders": "N/A",
        "Total Cost of profits": 0,
        "Profit after tax corporate income": 33838,
        "Volume": 9600000,
        "Close of Quarter": "N/A",
        "EPS": 1120.3,
        "Non-adjusted EPS": 3525,
        "PE": "N/A",
        "Book Price": "N/A"
      }
    }
  ]
}