{
  "ticker": "KMF",
  "data": [
    {
      "quarter": "Q3 2009",
      "income status": {
        "Net sales": 60938,
        "Cost of goods sold": 45348,
        "Gross Profit": 15589,
        "Financial expenses": 1274,
        "Of which: Interest expense": "N/A",
        "Cost of sales": 2935,
        "Enterprise cost management": 3203,
        "Total Operating Expenses": 7412,
        "Total revenue financing activities": 211,
        "Net profit from business activities": 8389,
        "Profit": -498,
        "Profit before tax": 7891,
        "Present corporate income tax expenses": 1002,
        "Deferred income taxes expenses": "N/A",
        "The interests of minority shareholders": "N/A",
        "Total Cost of profits": 1002,
        "Profit after tax corporate income": 6889,
        "Volume": 10383054,
        "Close of Quarter": 14.1,
        "EPS": 1695,
        "Non-adjusted EPS": 1695,
        "PE": 8.3,
        "Book Price": 13.8
      }
    },
    {
      "quarter": "Q2 2009",
      "income status": {
        "Net sales": 53356,
        "Cost of goods sold": 36771,
        "Gross Profit": 16584,
        "Financial expenses": 1357,
        "Of which: Interest expense": "N/A",
        "Cost of sales": 3366,
        "Enterprise cost management": 1845,
        "Total Operating Expenses": 6568,
        "Total revenue financing activities": 3,
        "Net profit from business activities": 10020,
        "Profit": -720,
        "Profit before tax": 9301,
        "Present corporate income tax expenses": 930,
        "Deferred income taxes expenses": "N/A",
        "The interests of minority shareholders": "N/A",
        "Total Cost of profits": 930,
        "Profit after tax corporate income": 8371,
        "Volume": 10383054,
        "Close of Quarter": 10.3,
        "EPS": 1371,
        "Non-adjusted EPS": 1371,
        "PE": 7.5,
        "Book Price": 13.1
      }
    },
    {
      "quarter": "Q1 2009",
      "income status": {
        "Net sales": 20482,
        "Cost of goods sold": 14858,
        "Gross Profit": 5624,
        "Financial expenses": 1210,
        "Of which: Interest expense": "N/A",
        "Cost of sales": 1380,
        "Enterprise cost management": 1230,
        "Total Operating Expenses": 3820,
        "Total revenue financing activities": 5,
        "Net profit from business activities": 1809,
        "Profit": "N/A",
        "Profit before tax": 1809,
        "Present corporate income tax expenses": 181,
        "Deferred income taxes expenses": "N/A",
        "The interests of minority shareholders": "N/A",
        "Total Cost of profits": 181,
        "Profit after tax corporate income": 1628,
        "Volume": 10383054,
        "Close of Quarter": 5.5,
        "EPS": 650,
        "Non-adjusted EPS": 650,
        "PE": 8.5,
        "Book Price": 12.3
      }
    },
    {
      "quarter": "Q4 2008",
      "income status": {
        "Net sales": 31611,
        "Cost of goods sold": 24575,
        "Gross Profit": 7036,
        "Financial expenses": 1844,
        "Of which: Interest expense": "N/A",
        "Cost of sales": 2787,
        "Enterprise cost management": 3731,
        "Total Operating Expenses": 8362,
        "Total revenue financing activities": 2408,
        "Net profit from business activities": 1083,
        "Profit": -298,
        "Profit before tax": 785,
        "Present corporate income tax expenses": 79,
        "Deferred income taxes expenses": "N/A",
        "The interests of minority shareholders": "N/A",
        "Total Cost of profits": 79,
        "Profit after tax corporate income": 707,
        "Volume": 10383054,
        "Close of Quarter": 6.1,
        "EPS": 528,
        "Non-adjusted EPS": 528,
        "PE": 11.6,
        "Book Price": 11.9
      }
    },
    {
      "quarter": "Q3 2008",
      "income status": {
        "Net sales": 61306,
        "Cost of goods sold": 49235,
        "Gross Profit": 12071,
        "Financial expenses": 1355,
        "Of which: Interest expense": "N/A",
        "Cost of sales": 4068,
        "Enterprise cost management": 2815,
        "Total Operating Expenses": 8238,
        "Total revenue financing activities": 88,
        "Net profit from business activities": 3921,
        "Profit": "N/A",
        "Profit before tax": 3921,
        "Present corporate income tax expenses": 392,
        "Deferred income taxes expenses": "N/A",
        "The interests of minority shareholders": "N/A",
        "Total Cost of profits": 392,
        "Profit after tax corporate income": 3529,
        "Volume": 10383054,
        "Close of Quarter": 10.3,
        "EPS": 741,
        "Non-adjusted EPS": 741,
        "PE": 13.9,
        "Book Price": 11.9
      }
    },
    {
      "quarter": "Q2 2008",
      "income status": {
        "Net sales": 34294,
        "Cost of goods sold": 27646,
        "Gross Profit": 6648,
        "Financial expenses": 1613,
        "Of which: Interest expense": "N/A",
        "Cost of sales": 2210,
        "Enterprise cost management": 2222,
        "Total Operating Expenses": 6045,
        "Total revenue financing activities": 378,
        "Net profit from business activities": 981,
        "Profit": "N/A",
        "Profit before tax": 981,
        "Present corporate income tax expenses": 98,
        "Deferred income taxes expenses": "N/A",
        "The interests of minority shareholders": "N/A",
        "Total Cost of profits": 98,
        "Profit after tax corporate income": 883,
        "Volume": 10383054,
        "Close of Quarter": 14,
        "EPS": 401,
        "Non-adjusted EPS": 401,
        "PE": 34.9,
        "Book Price": 11.5
      }
    },
    {
      "quarter": "Q1 2008",
      "income status": {
        "Net sales": 13130,
        "Cost of goods sold": 10173,
        "Gross Profit": 2957,
        "Financial expenses": 845,
        "Of which: Interest expense": "N/A",
        "Cost of sales": 754,
        "Enterprise cost management": 968,
        "Total Operating Expenses": 2567,
        "Total revenue financing activities": 10,
        "Net profit from business activities": 399,
        "Profit": "N/A",
        "Profit before tax": 399,
        "Present corporate income tax expenses": 40,
        "Deferred income taxes expenses": "N/A",
        "The interests of minority shareholders": "N/A",
        "Total Cost of profits": 40,
        "Profit after tax corporate income": 359,
        "Volume": 10383054,
        "Close of Quarter": 21.9,
        "EPS": 316,
        "Non-adjusted EPS": 316,
        "PE": 69.3,
        "Book Price": 11.4
      }
    },
    {
      "quarter": "Q4 2007",
      "income status": {
        "Net sales": 25605,
        "Cost of goods sold": 19144,
        "Gross Profit": 6461,
        "Financial expenses": 1026,
        "Of which: Interest expense": 1026,
        "Cost of sales": 1655,
        "Enterprise cost management": 2367,
        "Total Operating Expenses": 5048,
        "Total revenue financing activities": 149,
        "Net profit from business activities": 1562,
        "Profit": 1365,
        "Profit before tax": 2926,
        "Present corporate income tax expenses": "N/A",
        "Deferred income taxes expenses": "N/A",
        "The interests of minority shareholders": "N/A",
        "Total Cost of profits": 0,
        "Profit after tax corporate income": 2926,
        "Volume": 10383054,
        "Close of Quarter": 32,
        "EPS": 282,
        "Non-adjusted EPS": 282,
        "PE": 113.5,
        "Book Price": 11.5
      }
    }
  ]
}