{
  "ticker": "ALP",
  "data": [
    {
      "quarter": "Q3 2014",
      "income status": {
        "Net sales": 492412,
        "Cost of goods sold": 468343,
        "Gross Profit": 24069,
        "Financial expenses": 22655,
        "Of which: Interest expense": 11869,
        "Cost of sales": 9929,
        "Enterprise cost management": 58826,
        "Total Operating Expenses": 91410,
        "Total revenue financing activities": 4168,
        "Net profit from business activities": -63173,
        "Profit": 2778,
        "Profit before tax": -63666,
        "Present corporate income tax expenses": 80,
        "Deferred income taxes expenses": -516,
        "The interests of minority shareholders": -3918,
        "Total Cost of profits": -4354,
        "Profit after tax corporate income": -59313,
        "Volume": 192484413,
        "Close of Quarter": 4.1,
        "EPS": -1072,
        "Non-adjusted EPS": -1072,
        "PE": -3.8,
        "Book Price": 8.4
      }
    },
    {
      "quarter": "Q2 2014",
      "income status": {
        "Net sales": 139178,
        "Cost of goods sold": 130027,
        "Gross Profit": 9151,
        "Financial expenses": 10411,
        "Of which: Interest expense": 10849,
        "Cost of sales": 3532,
        "Enterprise cost management": 69044,
        "Total Operating Expenses": 82987,
        "Total revenue financing activities": 477,
        "Net profit from business activities": -73360,
        "Profit": -5977,
        "Profit before tax": -80281,
        "Present corporate income tax expenses": 386,
        "Deferred income taxes expenses": -276,
        "The interests of minority shareholders": -5240,
        "Total Cost of profits": -5130,
        "Profit after tax corporate income": -75151,
        "Volume": 192484413,
        "Close of Quarter": 4.1,
        "EPS": -1031,
        "Non-adjusted EPS": -1031,
        "PE": -4.0,
        "Book Price": 8.7
      }
    },
    {
      "quarter": "Q1 2014",
      "income status": {
        "Net sales": 231192,
        "Cost of goods sold": 217368,
        "Gross Profit": 13824,
        "Financial expenses": 10628,
        "Of which: Interest expense": 10034,
        "Cost of sales": 7630,
        "Enterprise cost management": 23903,
        "Total Operating Expenses": 42161,
        "Total revenue financing activities": 866,
        "Net profit from business activities": -27471,
        "Profit": 1411,
        "Profit before tax": -28345,
        "Present corporate income tax expenses": "N/A",
        "Deferred income taxes expenses": -252,
        "The interests of minority shareholders": -2900,
        "Total Cost of profits": -3152,
        "Profit after tax corporate income": -25193,
        "Volume": 192484413,
        "Close of Quarter": 6.2,
        "EPS": -1051,
        "Non-adjusted EPS": -1051,
        "PE": -5.9,
        "Book Price": 9.1
      }
    },
    {
      "quarter": "Q4 2013",
      "income status": {
        "Net sales": 902221,
        "Cost of goods sold": 861364,
        "Gross Profit": 40858,
        "Financial expenses": 22302,
        "Of which: Interest expense": 19679,
        "Cost of sales": 5261,
        "Enterprise cost management": 51841,
        "Total Operating Expenses": 79404,
        "Total revenue financing activities": 4413,
        "Net profit from business activities": -34134,
        "Profit": 1960,
        "Profit before tax": -34339,
        "Present corporate income tax expenses": 419,
        "Deferred income taxes expenses": -615,
        "The interests of minority shareholders": 12450,
        "Total Cost of profits": 12254,
        "Profit after tax corporate income": -46593,
        "Volume": 192484413,
        "Close of Quarter": 4,
        "EPS": -1047,
        "Non-adjusted EPS": -1047,
        "PE": -3.8,
        "Book Price": 9.2
      }
    },
    {
      "quarter": "Q3 2013",
      "income status": {
        "Net sales": 320272,
        "Cost of goods sold": 318668,
        "Gross Profit": 1604,
        "Financial expenses": 16743,
        "Of which: Interest expense": 9727,
        "Cost of sales": 3263,
        "Enterprise cost management": 53713,
        "Total Operating Expenses": 73719,
        "Total revenue financing activities": 8369,
        "Net profit from business activities": -63747,
        "Profit": 652,
        "Profit before tax": -63597,
        "Present corporate income tax expenses": 59,
        "Deferred income taxes expenses": -264,
        "The interests of minority shareholders": -11934,
        "Total Cost of profits": -12139,
        "Profit after tax corporate income": -51459,
        "Volume": 192484413,
        "Close of Quarter": 3.3,
        "EPS": -1002,
        "Non-adjusted EPS": -1002,
        "PE": -3.3,
        "Book Price": 9.5
      }
    },
    {
      "quarter": "Q2 2013",
      "income status": {
        "Net sales": 459193,
        "Cost of goods sold": 427841,
        "Gross Profit": 31352,
        "Financial expenses": -8456,
        "Of which: Interest expense": 9399,
        "Cost of sales": 10861,
        "Enterprise cost management": 83113,
        "Total Operating Expenses": 85518,
        "Total revenue financing activities": -9017,
        "Net profit from business activities": -63183,
        "Profit": -8290,
        "Profit before tax": -72436,
        "Present corporate income tax expenses": 1546,
        "Deferred income taxes expenses": 841,
        "The interests of minority shareholders": 4152,
        "Total Cost of profits": 6539,
        "Profit after tax corporate income": -78976,
        "Volume": 192484413,
        "Close of Quarter": 3.4,
        "EPS": -1025,
        "Non-adjusted EPS": -1025,
        "PE": -3.3,
        "Book Price": 9.7
      }
    },
    {
      "quarter": "Q1 2013",
      "income status": {
        "Net sales": 277869,
        "Cost of goods sold": 258694,
        "Gross Profit": 19175,
        "Financial expenses": 33430,
        "Of which: Interest expense": 20985,
        "Cost of sales": 8750,
        "Enterprise cost management": 20981,
        "Total Operating Expenses": 63161,
        "Total revenue financing activities": 11765,
        "Net profit from business activities": -32222,
        "Profit": 5219,
        "Profit before tax": -33699,
        "Present corporate income tax expenses": 549,
        "Deferred income taxes expenses": -1369,
        "The interests of minority shareholders": -8285,
        "Total Cost of profits": -9105,
        "Profit after tax corporate income": -24594,
        "Volume": 192484413,
        "Close of Quarter": 10.5,
        "EPS": -822,
        "Non-adjusted EPS": -822,
        "PE": -12.8,
        "Book Price": 10.1
      }
    },
    {
      "quarter": "Q4 2012",
      "income status": {
        "Net sales": 517883,
        "Cost of goods sold": 457796,
        "Gross Profit": 60088,
        "Financial expenses": 27457,
        "Of which: Interest expense": 50096,
        "Cost of sales": 6258,
        "Enterprise cost management": 62957,
        "Total Operating Expenses": 96672,
        "Total revenue financing activities": 2961,
        "Net profit from business activities": -33624,
        "Profit": -2105,
        "Profit before tax": -37366,
        "Present corporate income tax expenses": 4130,
        "Deferred income taxes expenses": -1186,
        "The interests of minority shareholders": -2445,
        "Total Cost of profits": 499,
        "Profit after tax corporate income": -37866,
        "Volume": 192484413,
        "Close of Quarter": 9,
        "EPS": -724,
        "Non-adjusted EPS": -724,
        "PE": -12.4,
        "Book Price": 10.3
      }
    },
    {
      "quarter": "Q3 2012",
      "income status": {
        "Net sales": 138163,
        "Cost of goods sold": 112704,
        "Gross Profit": 25459,
        "Financial expenses": 33950,
        "Of which: Interest expense": 3589,
        "Cost of sales": 5093,
        "Enterprise cost management": 62990,
        "Total Operating Expenses": 102033,
        "Total revenue financing activities": 4709,
        "Net profit from business activities": -71864,
        "Profit": 16042,
        "Profit before tax": -60825,
        "Present corporate income tax expenses": -2308,
        "Deferred income taxes expenses": 2578,
        "The interests of minority shareholders": -5176,
        "Total Cost of profits": -4906,
        "Profit after tax corporate income": -55919,
        "Volume": 192484413,
        "Close of Quarter": 7.1,
        "EPS": -370,
        "Non-adjusted EPS": -370,
        "PE": -19.2,
        "Book Price": 10.5
      }
    },
    {
      "quarter": "Q2 2012",
      "income status": {
        "Net sales": 258997,
        "Cost of goods sold": 241753,
        "Gross Profit": 17243,
        "Financial expenses": 12960,
        "Of which: Interest expense": 12238,
        "Cost of sales": 4468,
        "Enterprise cost management": 7954,
        "Total Operating Expenses": 25382,
        "Total revenue financing activities": 883,
        "Net profit from business activities": -7257,
        "Profit": 482,
        "Profit before tax": -35806,
        "Present corporate income tax expenses": 988,
        "Deferred income taxes expenses": 4784,
        "The interests of minority shareholders": -1692,
        "Total Cost of profits": 4080,
        "Profit after tax corporate income": -39887,
        "Volume": 64584413,
        "Close of Quarter": 9,
        "EPS": -32.6,
        "Non-adjusted EPS": -97,
        "PE": -92.8,
        "Book Price": 10.8
      }
    },
    {
      "quarter": "Q1 2012",
      "income status": {
        "Net sales": 91458,
        "Cost of goods sold": 84640,
        "Gross Profit": 6818,
        "Financial expenses": 11550,
        "Of which: Interest expense": 12448,
        "Cost of sales": 5036,
        "Enterprise cost management": 8882,
        "Total Operating Expenses": 25468,
        "Total revenue financing activities": 290,
        "Net profit from business activities": -18360,
        "Profit": -301,
        "Profit before tax": -18661,
        "Present corporate income tax expenses": "N/A",
        "Deferred income taxes expenses": -7088,
        "The interests of minority shareholders": -5806,
        "Total Cost of profits": -12894,
        "Profit after tax corporate income": -5766,
        "Volume": 64584413,
        "Close of Quarter": 7.7,
        "EPS": 181.9,
        "Non-adjusted EPS": 542,
        "PE": 14.2,
        "Book Price": 4.3
      }
    },
    {
      "quarter": "Q4 2011",
      "income status": {
        "Net sales": 307738,
        "Cost of goods sold": 269928,
        "Gross Profit": 37810,
        "Financial expenses": 36173,
        "Of which: Interest expense": 14609,
        "Cost of sales": 13230,
        "Enterprise cost management": 14468,
        "Total Operating Expenses": 63871,
        "Total revenue financing activities": 349,
        "Net profit from business activities": -25712,
        "Profit": 115612,
        "Profit before tax": 42884,
        "Present corporate income tax expenses": 1993,
        "Deferred income taxes expenses": 12550,
        "The interests of minority shareholders": -1967,
        "Total Cost of profits": 12576,
        "Profit after tax corporate income": 30309,
        "Volume": 64584413,
        "Close of Quarter": 7.5,
        "EPS": 214.1,
        "Non-adjusted EPS": 638,
        "PE": 11.8,
        "Book Price": 4.4
      }
    },
    {
      "quarter": "Q3 2011",
      "income status": {
        "Net sales": 670013,
        "Cost of goods sold": 618874,
        "Gross Profit": 51139,
        "Financial expenses": 34822,
        "Of which: Interest expense": 26638,
        "Cost of sales": 18564,
        "Enterprise cost management": 27649,
        "Total Operating Expenses": 81035,
        "Total revenue financing activities": 8027,
        "Net profit from business activities": -21869,
        "Profit": 21796,
        "Profit before tax": -73,
        "Present corporate income tax expenses": 859,
        "Deferred income taxes expenses": -1530,
        "The interests of minority shareholders": -8476,
        "Total Cost of profits": -9147,
        "Profit after tax corporate income": 9075,
        "Volume": 64584413,
        "Close of Quarter": 8.6,
        "EPS": 134.2,
        "Non-adjusted EPS": 400,
        "PE": 21.5,
        "Book Price": 4.0
      }
    },
    {
      "quarter": "Q2 2011",
      "income status": {
        "Net sales": 585715,
        "Cost of goods sold": 540334,
        "Gross Profit": 45381,
        "Financial expenses": 79023,
        "Of which: Interest expense": 22012,
        "Cost of sales": 21604,
        "Enterprise cost management": 23613,
        "Total Operating Expenses": 124240,
        "Total revenue financing activities": 6265,
        "Net profit from business activities": -72593,
        "Profit": 75804,
        "Profit before tax": 3941,
        "Present corporate income tax expenses": 1387,
        "Deferred income taxes expenses": 1530,
        "The interests of minority shareholders": -389,
        "Total Cost of profits": 2528,
        "Profit after tax corporate income": 1413,
        "Volume": 43820394,
        "Close of Quarter": 8.1,
        "EPS": 126.6,
        "Non-adjusted EPS": 556,
        "PE": 14.5,
        "Book Price": 4.3
      }
    },
    {
      "quarter": "Q1 2011",
      "income status": {
        "Net sales": 245464,
        "Cost of goods sold": 219157,
        "Gross Profit": 26307,
        "Financial expenses": 13689,
        "Of which: Interest expense": 10514,
        "Cost of sales": 17606,
        "Enterprise cost management": 11484,
        "Total Operating Expenses": 42779,
        "Total revenue financing activities": 15673,
        "Net profit from business activities": -799,
        "Profit": -261,
        "Profit before tax": -1779,
        "Present corporate income tax expenses": 964,
        "Deferred income taxes expenses": -1530,
        "The interests of minority shareholders": -1637,
        "Total Cost of profits": -2203,
        "Profit after tax corporate income": 424,
        "Volume": 43820394,
        "Close of Quarter": 10.3,
        "EPS": 224.0,
        "Non-adjusted EPS": 984,
        "PE": 10.5,
        "Book Price": 3.8
      }
    },
    {
      "quarter": "Q4 2010",
      "income status": {
        "Net sales": 432777,
        "Cost of goods sold": 370004,
        "Gross Profit": 62774,
        "Financial expenses": 28715,
        "Of which: Interest expense": 22322,
        "Cost of sales": 25094,
        "Enterprise cost management": 4881,
        "Total Operating Expenses": 58690,
        "Total revenue financing activities": 19241,
        "Net profit from business activities": 23324,
        "Profit": 1881,
        "Profit before tax": 25206,
        "Present corporate income tax expenses": 3176,
        "Deferred income taxes expenses": -1106,
        "The interests of minority shareholders": 8233,
        "Total Cost of profits": 10303,
        "Profit after tax corporate income": 14904,
        "Volume": 43820394,
        "Close of Quarter": 12.8,
        "EPS": 286.9,
        "Non-adjusted EPS": 1260,
        "PE": 10.1,
        "Book Price": 3.7
      }
    },
    {
      "quarter": "Q3 2010",
      "income status": {
        "Net sales": 288084,
        "Cost of goods sold": 226922,
        "Gross Profit": 61163,
        "Financial expenses": 8522,
        "Of which: Interest expense": 8132,
        "Cost of sales": 15773,
        "Enterprise cost management": 20679,
        "Total Operating Expenses": 44974,
        "Total revenue financing activities": 3974,
        "Net profit from business activities": 20162,
        "Profit": -9231,
        "Profit before tax": 10932,
        "Present corporate income tax expenses": 2456,
        "Deferred income taxes expenses": -116,
        "The interests of minority shareholders": 958,
        "Total Cost of profits": 3298,
        "Profit after tax corporate income": 7634,
        "Volume": 43820394,
        "Close of Quarter": 14.7,
        "EPS": 341.7,
        "Non-adjusted EPS": 1501,
        "PE": 9.8,
        "Book Price": 3.6
      }
    },
    {
      "quarter": "Q2 2010",
      "income status": {
        "Net sales": 351702,
        "Cost of goods sold": 286962,
        "Gross Profit": 64739,
        "Financial expenses": 11671,
        "Of which: Interest expense": 6356,
        "Cost of sales": 12284,
        "Enterprise cost management": 16488,
        "Total Operating Expenses": 40443,
        "Total revenue financing activities": 9707,
        "Net profit from business activities": 34003,
        "Profit": 492,
        "Profit before tax": 34495,
        "Present corporate income tax expenses": 1661,
        "Deferred income taxes expenses": 7517,
        "The interests of minority shareholders": 5171,
        "Total Cost of profits": 14349,
        "Profit after tax corporate income": 20146,
        "Volume": 43820394,
        "Close of Quarter": 20.9,
        "EPS": 362.0,
        "Non-adjusted EPS": 1590,
        "PE": 13.2,
        "Book Price": 3.6
      }
    },
    {
      "quarter": "Q1 2010",
      "income status": {
        "Net sales": 182651,
        "Cost of goods sold": 143468,
        "Gross Profit": 39183,
        "Financial expenses": 49787,
        "Of which: Interest expense": 5235,
        "Cost of sales": 9741,
        "Enterprise cost management": 10908,
        "Total Operating Expenses": 70436,
        "Total revenue financing activities": 48492,
        "Net profit from business activities": 17239,
        "Profit": -104,
        "Profit before tax": 17134,
        "Present corporate income tax expenses": 2367,
        "Deferred income taxes expenses": "N/A",
        "The interests of minority shareholders": 2257,
        "Total Cost of profits": 4624,
        "Profit after tax corporate income": 12510,
        "Volume": 41339994,
        "Close of Quarter": 10.5,
        "EPS": 269.1,
        "Non-adjusted EPS": 1253,
        "PE": 8.4,
        "Book Price": 3.5
      }
    },
    {
      "quarter": "Q4 2009",
      "income status": {
        "Net sales": 588277,
        "Cost of goods sold": 509568,
        "Gross Profit": 78709,
        "Financial expenses": 17731,
        "Of which: Interest expense": 4936,
        "Cost of sales": 11755,
        "Enterprise cost management": 23078,
        "Total Operating Expenses": 52564,
        "Total revenue financing activities": 5333,
        "Net profit from business activities": 31477,
        "Profit": 1046,
        "Profit before tax": 32523,
        "Present corporate income tax expenses": 1659,
        "Deferred income taxes expenses": -1005,
        "The interests of minority shareholders": 6382,
        "Total Cost of profits": 7036,
        "Profit after tax corporate income": 25487,
        "Volume": 41339994,
        "Close of Quarter": 9.9,
        "EPS": 213.1,
        "Non-adjusted EPS": 992,
        "PE": 10,
        "Book Price": 3.4
      }
    },
    {
      "quarter": "Q3 2009",
      "income status": {
        "Net sales": 269546,
        "Cost of goods sold": 239035,
        "Gross Profit": 30510,
        "Financial expenses": 10783,
        "Of which: Interest expense": "N/A",
        "Cost of sales": 3106,
        "Enterprise cost management": 6800,
        "Total Operating Expenses": 20689,
        "Total revenue financing activities": 4261,
        "Net profit from business activities": 14082,
        "Profit": -688,
        "Profit before tax": 13394,
        "Present corporate income tax expenses": 218,
        "Deferred income taxes expenses": 66,
        "The interests of minority shareholders": 1600,
        "Total Cost of profits": 1884,
        "Profit after tax corporate income": 11511,
        "Volume": 41339994,
        "Close of Quarter": 10.6,
        "EPS": 41.5,
        "Non-adjusted EPS": 193,
        "PE": 54.8,
        "Book Price": 3.4
      }
    },
    {
      "quarter": "Q2 2009",
      "income status": {
        "Net sales": 142919,
        "Cost of goods sold": 113891,
        "Gross Profit": 29029,
        "Financial expenses": 10085,
        "Of which: Interest expense": 8409,
        "Cost of sales": 3893,
        "Enterprise cost management": 12182,
        "Total Operating Expenses": 26160,
        "Total revenue financing activities": 593,
        "Net profit from business activities": 3462,
        "Profit": 358,
        "Profit before tax": 3820,
        "Present corporate income tax expenses": 569,
        "Deferred income taxes expenses": 347,
        "The interests of minority shareholders": 634,
        "Total Cost of profits": 1550,
        "Profit after tax corporate income": 2271,
        "Volume": 38999995,
        "Close of Quarter": 10.2,
        "EPS": 6.5,
        "Non-adjusted EPS": 32,
        "PE": 319.1,
        "Book Price": 3.3
      }
    },
    {
      "quarter": "Q1 2009",
      "income status": {
        "Net sales": 76472,
        "Cost of goods sold": 58388,
        "Gross Profit": 18085,
        "Financial expenses": 5643,
        "Of which: Interest expense": "N/A",
        "Cost of sales": 2991,
        "Enterprise cost management": 9655,
        "Total Operating Expenses": 18289,
        "Total revenue financing activities": 1504,
        "Net profit from business activities": 1300,
        "Profit": 335,
        "Profit before tax": 1635,
        "Present corporate income tax expenses": 1,
        "Deferred income taxes expenses": -730,
        "The interests of minority shareholders": 626,
        "Total Cost of profits": -103,
        "Profit after tax corporate income": 1738,
        "Volume": 38999995,
        "Close of Quarter": 6.4,
        "EPS": 110.6,
        "Non-adjusted EPS": 546,
        "PE": 11.7,
        "Book Price": 3.5
      }
    },
    {
      "quarter": "Q4 2008",
      "income status": {
        "Net sales": 325745,
        "Cost of goods sold": 271297,
        "Gross Profit": 54448,
        "Financial expenses": 35931,
        "Of which: Interest expense": 7306,
        "Cost of sales": 6662,
        "Enterprise cost management": 13795,
        "Total Operating Expenses": 56388,
        "Total revenue financing activities": 3068,
        "Net profit from business activities": 1128,
        "Profit": -1703,
        "Profit before tax": -576,
        "Present corporate income tax expenses": -304,
        "Deferred income taxes expenses": -1721,
        "The interests of minority shareholders": 8984,
        "Total Cost of profits": 6959,
        "Profit after tax corporate income": -7535,
        "Volume": 38999995,
        "Close of Quarter": 6.8,
        "EPS": 129.9,
        "Non-adjusted EPS": 641,
        "PE": 10.7,
        "Book Price": 3.5
      }
    },
    {
      "quarter": "Q3 2008",
      "income status": {
        "Net sales": 197060,
        "Cost of goods sold": 162133,
        "Gross Profit": 34927,
        "Financial expenses": 37457,
        "Of which: Interest expense": "N/A",
        "Cost of sales": 3256,
        "Enterprise cost management": 7361,
        "Total Operating Expenses": 48074,
        "Total revenue financing activities": 14024,
        "Net profit from business activities": 877,
        "Profit": 3073,
        "Profit before tax": 3959,
        "Present corporate income tax expenses": 286,
        "Deferred income taxes expenses": 491,
        "The interests of minority shareholders": -1577,
        "Total Cost of profits": -800,
        "Profit after tax corporate income": 4760,
        "Volume": 38999995,
        "Close of Quarter": 10.0,
        "EPS": 240.1,
        "Non-adjusted EPS": 1185,
        "PE": 8.4,
        "Book Price": 3.5
      }
    },
    {
      "quarter": "Q2 2008",
      "income status": {
        "Net sales": 300917,
        "Cost of goods sold": 274331,
        "Gross Profit": 26586,
        "Financial expenses": 9318,
        "Of which: Interest expense": "N/A",
        "Cost of sales": 3283,
        "Enterprise cost management": 5718,
        "Total Operating Expenses": 18319,
        "Total revenue financing activities": 15837,
        "Net profit from business activities": 24104,
        "Profit": 1489,
        "Profit before tax": 25597,
        "Present corporate income tax expenses": -23,
        "Deferred income taxes expenses": 1964,
        "The interests of minority shareholders": 1342,
        "Total Cost of profits": 3283,
        "Profit after tax corporate income": 22313,
        "Volume": 38999995,
        "Close of Quarter": 8.3,
        "EPS": 272.7,
        "Non-adjusted EPS": 1346,
        "PE": 6.1,
        "Book Price": 3.5
      }
    },
    {
      "quarter": "Q1 2008",
      "income status": {
        "Net sales": 563997,
        "Cost of goods sold": 530437,
        "Gross Profit": 33560,
        "Financial expenses": 22878,
        "Of which: Interest expense": 3103,
        "Cost of sales": 2322,
        "Enterprise cost management": 6362,
        "Total Operating Expenses": 31562,
        "Total revenue financing activities": 3593,
        "Net profit from business activities": 5590,
        "Profit": 838,
        "Profit before tax": 6414,
        "Present corporate income tax expenses": 352,
        "Deferred income taxes expenses": 341,
        "The interests of minority shareholders": 280,
        "Total Cost of profits": 973,
        "Profit after tax corporate income": 5442,
        "Volume": 30000000,
        "Close of Quarter": 13.2,
        "EPS": 206.5,
        "Non-adjusted EPS": 1325,
        "PE": 10.0,
        "Book Price": 3.4
      }
    },
    {
      "quarter": "Q4 2007",
      "income status": {
        "Net sales": 150925,
        "Cost of goods sold": 128979,
        "Gross Profit": 21947,
        "Financial expenses": 5974,
        "Of which: Interest expense": "N/A",
        "Cost of sales": 1086,
        "Enterprise cost management": 3177,
        "Total Operating Expenses": 10237,
        "Total revenue financing activities": 2273,
        "Net profit from business activities": 13983,
        "Profit": 396,
        "Profit before tax": 14379,
        "Present corporate income tax expenses": 669,
        "Deferred income taxes expenses": "N/A",
        "The interests of minority shareholders": "N/A",
        "Total Cost of profits": 669,
        "Profit after tax corporate income": 13710,
        "Volume": 30000000,
        "Close of Quarter": 34.4,
        "EPS": 498.7,
        "Non-adjusted EPS": 3200,
        "PE": 10.7,
        "Book Price": 3.4
      }
    },
    {
      "quarter": "Q3 2007",
      "income status": {
        "Net sales": 163691,
        "Cost of goods sold": 140724,
        "Gross Profit": 22967,
        "Financial expenses": 1397,
        "Of which: Interest expense": 1118,
        "Cost of sales": 1788,
        "Enterprise cost management": 5808,
        "Total Operating Expenses": 8993,
        "Total revenue financing activities": 107,
        "Net profit from business activities": 14081,
        "Profit": 46,
        "Profit before tax": 14328,
        "Present corporate income tax expenses": 1903,
        "Deferred income taxes expenses": 1400,
        "The interests of minority shareholders": "N/A",
        "Total Cost of profits": 3303,
        "Profit after tax corporate income": 11025,
        "Volume": 30000000,
        "Close of Quarter": "N/A",
        "EPS": 462.9,
        "Non-adjusted EPS": 2970,
        "PE": "N/A",
        "Book Price": 3.2
      }
    },
    {
      "quarter": "Q2 2007",
      "income status": {
        "Net sales": 41597,
        "Cost of goods sold": 25902,
        "Gross Profit": 15695,
        "Financial expenses": 737,
        "Of which: Interest expense": 1144,
        "Cost of sales": 1931,
        "Enterprise cost management": 6714,
        "Total Operating Expenses": 9382,
        "Total revenue financing activities": 6003,
        "Net profit from business activities": 12316,
        "Profit": 1121,
        "Profit before tax": 13358,
        "Present corporate income tax expenses": 2263,
        "Deferred income taxes expenses": -1296,
        "The interests of minority shareholders": 2831,
        "Total Cost of profits": 3798,
        "Profit after tax corporate income": 9560,
        "Volume": 30000000,
        "Close of Quarter": "N/A",
        "EPS": 443.9,
        "Non-adjusted EPS": 2848,
        "PE": "N/A",
        "Book Price": 3.1
      }
    },
    {
      "quarter": "Q1 2007",
      "income status": {
        "Net sales": 97565,
        "Cost of goods sold": 75881,
        "Gross Profit": 21684,
        "Financial expenses": 451,
        "Of which: Interest expense": "N/A",
        "Cost of sales": 731,
        "Enterprise cost management": 3701,
        "Total Operating Expenses": 4883,
        "Total revenue financing activities": 69474,
        "Net profit from business activities": 86276,
        "Profit": -203,
        "Profit before tax": 86072,
        "Present corporate income tax expenses": 21747,
        "Deferred income taxes expenses": "N/A",
        "The interests of minority shareholders": 2626,
        "Total Cost of profits": 24373,
        "Profit after tax corporate income": 61700,
        "Volume": 30000000,
        "Close of Quarter": "N/A",
        "EPS": 399.8,
        "Non-adjusted EPS": 2565,
        "PE": "N/A",
        "Book Price": 0.3
      }
    },
    {
      "quarter": "Q4 2006",
      "income status": {
        "Net sales": 60470,
        "Cost of goods sold": 49632,
        "Gross Profit": 10838,
        "Financial expenses": 1895,
        "Of which: Interest expense": "N/A",
        "Cost of sales": "N/A",
        "Enterprise cost management": 2425,
        "Total Operating Expenses": 4320,
        "Total revenue financing activities": 1192,
        "Net profit from business activities": 7710,
        "Profit": -197,
        "Profit before tax": 7513,
        "Present corporate income tax expenses": 685,
        "Deferred income taxes expenses": "N/A",
        "The interests of minority shareholders": "N/A",
        "Total Cost of profits": 685,
        "Profit after tax corporate income": 6828,
        "Volume": 30000000,
        "Close of Quarter": "N/A",
        "EPS": 107.4,
        "Non-adjusted EPS": 689,
        "PE": "N/A",
        "Book Price": 0.3
      }
    },
    {
      "quarter": "Q3 2006",
      "income status": {
        "Net sales": 41882,
        "Cost of goods sold": 31444,
        "Gross Profit": 10438,
        "Financial expenses": 1239,
        "Of which: Interest expense": "N/A",
        "Cost of sales": 167,
        "Enterprise cost management": 1109,
        "Total Operating Expenses": 2515,
        "Total revenue financing activities": 4,
        "Net profit from business activities": 7926,
        "Profit": "N/A",
        "Profit before tax": 7926,
        "Present corporate income tax expenses": 574,
        "Deferred income taxes expenses": "N/A",
        "The interests of minority shareholders": "N/A",
        "Total Cost of profits": 574,
        "Profit after tax corporate income": 7352,
        "Volume": 30000000,
        "Close of Quarter": "N/A",
        "EPS": 72.0,
        "Non-adjusted EPS": 462,
        "PE": "N/A",
        "Book Price": "N/A"
      }
    },
    {
      "quarter": "Q2 2006",
      "income status": {
        "Net sales": 34385,
        "Cost of goods sold": 28976,
        "Gross Profit": 5409,
        "Financial expenses": 2570,
        "Of which: Interest expense": "N/A",
        "Cost of sales": "N/A",
        "Enterprise cost management": 1654,
        "Total Operating Expenses": 4224,
        "Total revenue financing activities": "N/A",
        "Net profit from business activities": 1185,
        "Profit": -33,
        "Profit before tax": 1152,
        "Present corporate income tax expenses": 95,
        "Deferred income taxes expenses": "N/A",
        "The interests of minority shareholders": "N/A",
        "Total Cost of profits": 95,
        "Profit after tax corporate income": 1057,
        "Volume": 30000000,
        "Close of Quarter": "N/A",
        "EPS": 33.8,
        "Non-adjusted EPS": 217,
        "PE": "N/A",
        "Book Price": "N/A"
      }
    },
    {
      "quarter": "Q1 2006",
      "income status": {
        "Net sales": 563997,
        "Cost of goods sold": 530437,
        "Gross Profit": 33560,
        "Financial expenses": 22878,
        "Of which: Interest expense": 3103,
        "Cost of sales": 2322,
        "Enterprise cost management": 6362,
        "Total Operating Expenses": 31562,
        "Total revenue financing activities": 3593,
        "Net profit from business activities": 5590,
        "Profit": 838,
        "Profit before tax": 6414,
        "Present corporate income tax expenses": 352,
        "Deferred income taxes expenses": 341,
        "The interests of minority shareholders": 280,
        "Total Cost of profits": 973,
        "Profit after tax corporate income": 5442,
        "Volume": 30000000,
        "Close of Quarter": "N/A",
        "EPS": 28.2,
        "Non-adjusted EPS": 181,
        "PE": "N/A",
        "Book Price": "N/A"
      }
    }
  ]
}