{
  "ticker": "ACL",
  "data": [
    {
      "quarter": "Q1 2017",
      "income status": {
        "Net sales": 282433,
        "Cost of goods sold": 244059,
        "Gross Profit": 38373,
        "Financial expenses": 12378,
        "Of which: Interest expense": 13544,
        "Cost of sales": 17374,
        "Enterprise cost management": 7208,
        "Total Operating Expenses": 36960,
        "Total revenue financing activities": 1204,
        "Net profit from business activities": 2617,
        "Profit": -211,
        "Profit before tax": 2406,
        "Present corporate income tax expenses": 245,
        "Deferred income taxes expenses": -6,
        "The interests of minority shareholders": "N/A",
        "Total Cost of profits": 239,
        "Profit after tax corporate income": 2168,
        "Volume": 18399675,
        "Close of Quarter": 8,
        "EPS": 1371,
        "Non-adjusted EPS": 1371,
        "PE": 5.8,
        "Book Price": 19.3
      }
    },
    {
      "quarter": "Q4 2016",
      "income status": {
        "Net sales": 311299,
        "Cost of goods sold": 262715,
        "Gross Profit": 48584,
        "Financial expenses": 14888,
        "Of which: Interest expense": 16287,
        "Cost of sales": 19869,
        "Enterprise cost management": 12460,
        "Total Operating Expenses": 47217,
        "Total revenue financing activities": 5194,
        "Net profit from business activities": 6560,
        "Profit": -69,
        "Profit before tax": 6491,
        "Present corporate income tax expenses": -91,
        "Deferred income taxes expenses": "N/A",
        "The interests of minority shareholders": "N/A",
        "Total Cost of profits": -91,
        "Profit after tax corporate income": 6583,
        "Volume": 18399675,
        "Close of Quarter": 8.5,
        "EPS": 1293,
        "Non-adjusted EPS": 1293,
        "PE": 6.6,
        "Book Price": 19.2
      }
    },
    {
      "quarter": "Q3 2016",
      "income status": {
        "Net sales": 369943,
        "Cost of goods sold": 316745,
        "Gross Profit": 53198,
        "Financial expenses": 14018,
        "Of which: Interest expense": 15780,
        "Cost of sales": 23043,
        "Enterprise cost management": 7989,
        "Total Operating Expenses": 45050,
        "Total revenue financing activities": 633,
        "Net profit from business activities": 8780,
        "Profit": -1035,
        "Profit before tax": 7746,
        "Present corporate income tax expenses": 763,
        "Deferred income taxes expenses": 77,
        "The interests of minority shareholders": "N/A",
        "Total Cost of profits": 840,
        "Profit after tax corporate income": 6906,
        "Volume": 18399675,
        "Close of Quarter": 9,
        "EPS": 1200,
        "Non-adjusted EPS": 1200,
        "PE": 7.5,
        "Book Price": 18.8
      }
    },
    {
      "quarter": "Q2 2016",
      "income status": {
        "Net sales": 338022,
        "Cost of goods sold": 285016,
        "Gross Profit": 53006,
        "Financial expenses": 17282,
        "Of which: Interest expense": 14458,
        "Cost of sales": 18574,
        "Enterprise cost management": 8199,
        "Total Operating Expenses": 44055,
        "Total revenue financing activities": 829,
        "Net profit from business activities": 9780,
        "Profit": -338,
        "Profit before tax": 9442,
        "Present corporate income tax expenses": -166,
        "Deferred income taxes expenses": 42,
        "The interests of minority shareholders": "N/A",
        "Total Cost of profits": -124,
        "Profit after tax corporate income": 9566,
        "Volume": 18399675,
        "Close of Quarter": 9.4,
        "EPS": 1500,
        "Non-adjusted EPS": 1500,
        "PE": 6.3,
        "Book Price": 18.4
      }
    },
    {
      "quarter": "Q1 2016",
      "income status": {
        "Net sales": 270210,
        "Cost of goods sold": 233874,
        "Gross Profit": 36337,
        "Financial expenses": 13131,
        "Of which: Interest expense": 13558,
        "Cost of sales": 15421,
        "Enterprise cost management": 7328,
        "Total Operating Expenses": 35880,
        "Total revenue financing activities": 942,
        "Net profit from business activities": 1399,
        "Profit": -341,
        "Profit before tax": 1058,
        "Present corporate income tax expenses": 334,
        "Deferred income taxes expenses": -20,
        "The interests of minority shareholders": "N/A",
        "Total Cost of profits": 314,
        "Profit after tax corporate income": 744,
        "Volume": 18399675,
        "Close of Quarter": 9.4,
        "EPS": 1609,
        "Non-adjusted EPS": 1609,
        "PE": 5.8,
        "Book Price": 15.8
      }
    },
    {
      "quarter": "Q4 2015",
      "income status": {
        "Net sales": 284878,
        "Cost of goods sold": 246935,
        "Gross Profit": 37942,
        "Financial expenses": 15391,
        "Of which: Interest expense": 12744,
        "Cost of sales": 10882,
        "Enterprise cost management": 10546,
        "Total Operating Expenses": 36819,
        "Total revenue financing activities": 3771,
        "Net profit from business activities": 4895,
        "Profit": -165,
        "Profit before tax": 4729,
        "Present corporate income tax expenses": -82,
        "Deferred income taxes expenses": -43,
        "The interests of minority shareholders": "N/A",
        "Total Cost of profits": -125,
        "Profit after tax corporate income": 4855,
        "Volume": 18399675,
        "Close of Quarter": 9.0,
        "EPS": 1642,
        "Non-adjusted EPS": 1642,
        "PE": 5.5,
        "Book Price": 16.4
      }
    },
    {
      "quarter": "Q3 2015",
      "income status": {
        "Net sales": 284044,
        "Cost of goods sold": 229207,
        "Gross Profit": 54836,
        "Financial expenses": 10704,
        "Of which: Interest expense": 10307,
        "Cost of sales": 23266,
        "Enterprise cost management": 10565,
        "Total Operating Expenses": 44535,
        "Total revenue financing activities": 3165,
        "Net profit from business activities": 13466,
        "Profit": -140,
        "Profit before tax": 13327,
        "Present corporate income tax expenses": 889,
        "Deferred income taxes expenses": "N/A",
        "The interests of minority shareholders": "N/A",
        "Total Cost of profits": 889,
        "Profit after tax corporate income": 12438,
        "Volume": 18399675,
        "Close of Quarter": 9.3,
        "EPS": 1437,
        "Non-adjusted EPS": 1437,
        "PE": 6.5,
        "Book Price": 16.1
      }
    },
    {
      "quarter": "Q2 2015",
      "income status": {
        "Net sales": 345865,
        "Cost of goods sold": 288750,
        "Gross Profit": 57116,
        "Financial expenses": 13861,
        "Of which: Interest expense": 9193,
        "Cost of sales": 24297,
        "Enterprise cost management": 9012,
        "Total Operating Expenses": 47170,
        "Total revenue financing activities": 2166,
        "Net profit from business activities": 12112,
        "Profit": -539,
        "Profit before tax": 11573,
        "Present corporate income tax expenses": -32,
        "Deferred income taxes expenses": 33,
        "The interests of minority shareholders": "N/A",
        "Total Cost of profits": 1,
        "Profit after tax corporate income": 11572,
        "Volume": 18399675,
        "Close of Quarter": 7.8,
        "EPS": 1050,
        "Non-adjusted EPS": 1050,
        "PE": 7.4,
        "Book Price": 15.4
      }
    },
    {
      "quarter": "Q1 2015",
      "income status": {
        "Net sales": 222611,
        "Cost of goods sold": 200405,
        "Gross Profit": 22206,
        "Financial expenses": 6498,
        "Of which: Interest expense": 5931,
        "Cost of sales": 9288,
        "Enterprise cost management": 5398,
        "Total Operating Expenses": 21184,
        "Total revenue financing activities": 583,
        "Net profit from business activities": 1604,
        "Profit": -113,
        "Profit before tax": 1492,
        "Present corporate income tax expenses": 149,
        "Deferred income taxes expenses": "N/A",
        "The interests of minority shareholders": "N/A",
        "Total Cost of profits": 149,
        "Profit after tax corporate income": 1342,
        "Volume": 18399675,
        "Close of Quarter": 9.2,
        "EPS": 648,
        "Non-adjusted EPS": 648,
        "PE": 14.2,
        "Book Price": 14.8
      }
    },
    {
      "quarter": "Q4 2014",
      "income status": {
        "Net sales": 251045,
        "Cost of goods sold": 226417,
        "Gross Profit": 24627,
        "Financial expenses": 7357,
        "Of which: Interest expense": 5978,
        "Cost of sales": 12496,
        "Enterprise cost management": 4185,
        "Total Operating Expenses": 24038,
        "Total revenue financing activities": 546,
        "Net profit from business activities": 1135,
        "Profit": -69,
        "Profit before tax": 1066,
        "Present corporate income tax expenses": 365,
        "Deferred income taxes expenses": -390,
        "The interests of minority shareholders": "N/A",
        "Total Cost of profits": -25,
        "Profit after tax corporate income": 1091,
        "Volume": 18399675,
        "Close of Quarter": 10.2,
        "EPS": 673,
        "Non-adjusted EPS": 673,
        "PE": 15.1,
        "Book Price": 15.2
      }
    },
    {
      "quarter": "Q3 2014",
      "income status": {
        "Net sales": 170071,
        "Cost of goods sold": 137120,
        "Gross Profit": 32951,
        "Financial expenses": 5257,
        "Of which: Interest expense": "N/A",
        "Cost of sales": 13549,
        "Enterprise cost management": 9218,
        "Total Operating Expenses": 28024,
        "Total revenue financing activities": 967,
        "Net profit from business activities": 5894,
        "Profit": -66,
        "Profit before tax": 5827,
        "Present corporate income tax expenses": 518,
        "Deferred income taxes expenses": "N/A",
        "The interests of minority shareholders": "N/A",
        "Total Cost of profits": 518,
        "Profit after tax corporate income": 5309,
        "Volume": 18399675,
        "Close of Quarter": 11.2,
        "EPS": 1168,
        "Non-adjusted EPS": 1168,
        "PE": 9.6,
        "Book Price": 15.4
      }
    },
    {
      "quarter": "Q2 2014",
      "income status": {
        "Net sales": 209575,
        "Cost of goods sold": 172480,
        "Gross Profit": 37095,
        "Financial expenses": 7180,
        "Of which: Interest expense": 5000,
        "Cost of sales": 15201,
        "Enterprise cost management": 9723,
        "Total Operating Expenses": 32104,
        "Total revenue financing activities": 610,
        "Net profit from business activities": 5601,
        "Profit": -280,
        "Profit before tax": 5321,
        "Present corporate income tax expenses": -274,
        "Deferred income taxes expenses": 1420,
        "The interests of minority shareholders": "N/A",
        "Total Cost of profits": 1146,
        "Profit after tax corporate income": 4175,
        "Volume": 18399675,
        "Close of Quarter": 8.3,
        "EPS": 920,
        "Non-adjusted EPS": 920,
        "PE": 9.0,
        "Book Price": 15.1
      }
    },
    {
      "quarter": "Q1 2014",
      "income status": {
        "Net sales": 223799,
        "Cost of goods sold": 196293,
        "Gross Profit": 27506,
        "Financial expenses": 4303,
        "Of which: Interest expense": 3975,
        "Cost of sales": 16320,
        "Enterprise cost management": 5342,
        "Total Operating Expenses": 25965,
        "Total revenue financing activities": 729,
        "Net profit from business activities": 2270,
        "Profit": -146,
        "Profit before tax": 2124,
        "Present corporate income tax expenses": 313,
        "Deferred income taxes expenses": "N/A",
        "The interests of minority shareholders": "N/A",
        "Total Cost of profits": 313,
        "Profit after tax corporate income": 1810,
        "Volume": 18399675,
        "Close of Quarter": 9.4,
        "EPS": 812,
        "Non-adjusted EPS": 812,
        "PE": 11.6,
        "Book Price": 14.7
      }
    },
    {
      "quarter": "Q4 2013",
      "income status": {
        "Net sales": 264156,
        "Cost of goods sold": 217902,
        "Gross Profit": 46253,
        "Financial expenses": 5786,
        "Of which: Interest expense": 5357,
        "Cost of sales": 23212,
        "Enterprise cost management": 6533,
        "Total Operating Expenses": 35531,
        "Total revenue financing activities": 965,
        "Net profit from business activities": 11687,
        "Profit": -36,
        "Profit before tax": 11652,
        "Present corporate income tax expenses": 922,
        "Deferred income taxes expenses": 532,
        "The interests of minority shareholders": "N/A",
        "Total Cost of profits": 1454,
        "Profit after tax corporate income": 10198,
        "Volume": 18399675,
        "Close of Quarter": 8.5,
        "EPS": 303,
        "Non-adjusted EPS": 303,
        "PE": 28.0,
        "Book Price": 14.8
      }
    },
    {
      "quarter": "Q3 2013",
      "income status": {
        "Net sales": 230975,
        "Cost of goods sold": 196125,
        "Gross Profit": 34850,
        "Financial expenses": 7654,
        "Of which: Interest expense": 7065,
        "Cost of sales": 21692,
        "Enterprise cost management": 6728,
        "Total Operating Expenses": 36074,
        "Total revenue financing activities": 1993,
        "Net profit from business activities": 768,
        "Profit": -18,
        "Profit before tax": 751,
        "Present corporate income tax expenses": "N/A",
        "Deferred income taxes expenses": "N/A",
        "The interests of minority shareholders": "N/A",
        "Total Cost of profits": 0,
        "Profit after tax corporate income": 751,
        "Volume": 18399675,
        "Close of Quarter": 7.8,
        "EPS": -385,
        "Non-adjusted EPS": -385,
        "PE": -20.2,
        "Book Price": 14.3
      }
    },
    {
      "quarter": "Q2 2013",
      "income status": {
        "Net sales": 274734,
        "Cost of goods sold": 228019,
        "Gross Profit": 46715,
        "Financial expenses": 8615,
        "Of which: Interest expense": 8204,
        "Cost of sales": 30354,
        "Enterprise cost management": 7273,
        "Total Operating Expenses": 46242,
        "Total revenue financing activities": 410,
        "Net profit from business activities": 882,
        "Profit": -41,
        "Profit before tax": 842,
        "Present corporate income tax expenses": "N/A",
        "Deferred income taxes expenses": -1344,
        "The interests of minority shareholders": "N/A",
        "Total Cost of profits": -1344,
        "Profit after tax corporate income": 2185,
        "Volume": 18399675,
        "Close of Quarter": 9.8,
        "EPS": -309,
        "Non-adjusted EPS": -309,
        "PE": -31.8,
        "Book Price": 14.2
      }
    },
    {
      "quarter": "Q1 2013",
      "income status": {
        "Net sales": 217348,
        "Cost of goods sold": 190812,
        "Gross Profit": 26536,
        "Financial expenses": 6505,
        "Of which: Interest expense": 6338,
        "Cost of sales": 22197,
        "Enterprise cost management": 5459,
        "Total Operating Expenses": 34161,
        "Total revenue financing activities": 154,
        "Net profit from business activities": -7472,
        "Profit": -82,
        "Profit before tax": -7554,
        "Present corporate income tax expenses": "N/A",
        "Deferred income taxes expenses": "N/A",
        "The interests of minority shareholders": "N/A",
        "Total Cost of profits": 0,
        "Profit after tax corporate income": -7554,
        "Volume": 18399675,
        "Close of Quarter": 10.3,
        "EPS": 394,
        "Non-adjusted EPS": 394,
        "PE": 26.1,
        "Book Price": 14.5
      }
    },
    {
      "quarter": "Q4 2012",
      "income status": {
        "Net sales": 246871,
        "Cost of goods sold": 221984,
        "Gross Profit": 24887,
        "Financial expenses": 5532,
        "Of which: Interest expense": 5372,
        "Cost of sales": 16139,
        "Enterprise cost management": 7197,
        "Total Operating Expenses": 28868,
        "Total revenue financing activities": 880,
        "Net profit from business activities": -3101,
        "Profit": 234,
        "Profit before tax": -2867,
        "Present corporate income tax expenses": -212,
        "Deferred income taxes expenses": -184,
        "The interests of minority shareholders": "N/A",
        "Total Cost of profits": -396,
        "Profit after tax corporate income": -2471,
        "Volume": 18399675,
        "Close of Quarter": 10.8,
        "EPS": 830,
        "Non-adjusted EPS": 830,
        "PE": 13.1,
        "Book Price": 15
      }
    },
    {
      "quarter": "Q3 2012",
      "income status": {
        "Net sales": 250432,
        "Cost of goods sold": 218470,
        "Gross Profit": 31962,
        "Financial expenses": 5268,
        "Of which: Interest expense": 5126,
        "Cost of sales": 14658,
        "Enterprise cost management": 9497,
        "Total Operating Expenses": 29423,
        "Total revenue financing activities": 586,
        "Net profit from business activities": 3124,
        "Profit": -427,
        "Profit before tax": 2697,
        "Present corporate income tax expenses": 534,
        "Deferred income taxes expenses": "N/A",
        "The interests of minority shareholders": "N/A",
        "Total Cost of profits": 534,
        "Profit after tax corporate income": 2162,
        "Volume": 18399675,
        "Close of Quarter": 12.5,
        "EPS": 1615,
        "Non-adjusted EPS": 1615,
        "PE": 7.7,
        "Book Price": 15.2
      }
    },
    {
      "quarter": "Q2 2012",
      "income status": {
        "Net sales": 301764,
        "Cost of goods sold": 256110,
        "Gross Profit": 45654,
        "Financial expenses": 6843,
        "Of which: Interest expense": 6816,
        "Cost of sales": 17754,
        "Enterprise cost management": 6130,
        "Total Operating Expenses": 30727,
        "Total revenue financing activities": 1381,
        "Net profit from business activities": 16309,
        "Profit": 360,
        "Profit before tax": 16669,
        "Present corporate income tax expenses": 2030,
        "Deferred income taxes expenses": -465,
        "The interests of minority shareholders": "N/A",
        "Total Cost of profits": 1565,
        "Profit after tax corporate income": 15104,
        "Volume": 18399675,
        "Close of Quarter": 13.8,
        "EPS": 3109,
        "Non-adjusted EPS": 3109,
        "PE": 4.5,
        "Book Price": 15
      }
    },
    {
      "quarter": "Q1 2012",
      "income status": {
        "Net sales": 233127,
        "Cost of goods sold": 208353,
        "Gross Profit": 24774,
        "Financial expenses": 10062,
        "Of which: Interest expense": 10054,
        "Cost of sales": 11678,
        "Enterprise cost management": 6192,
        "Total Operating Expenses": 27932,
        "Total revenue financing activities": 4469,
        "Net profit from business activities": 1311,
        "Profit": -753,
        "Profit before tax": 559,
        "Present corporate income tax expenses": 75,
        "Deferred income taxes expenses": "N/A",
        "The interests of minority shareholders": "N/A",
        "Total Cost of profits": 75,
        "Profit after tax corporate income": 483,
        "Volume": 18399675,
        "Close of Quarter": 14.7,
        "EPS": 5065,
        "Non-adjusted EPS": 5065,
        "PE": 2.9,
        "Book Price": 14.2
      }
    },
    {
      "quarter": "Q4 2011",
      "income status": {
        "Net sales": 353650,
        "Cost of goods sold": 314498,
        "Gross Profit": 39152,
        "Financial expenses": 9417,
        "Of which: Interest expense": 8395,
        "Cost of sales": 18853,
        "Enterprise cost management": 5966,
        "Total Operating Expenses": 34236,
        "Total revenue financing activities": 3412,
        "Net profit from business activities": 8328,
        "Profit": 1243,
        "Profit before tax": 122655,
        "Present corporate income tax expenses": -2610,
        "Deferred income taxes expenses": 209,
        "The interests of minority shareholders": "N/A",
        "Total Cost of profits": -2401,
        "Profit after tax corporate income": 11972,
        "Volume": 18399675,
        "Close of Quarter": 13.3,
        "EPS": 6139,
        "Non-adjusted EPS": 6139,
        "PE": 2.2,
        "Book Price": 16.1
      }
    },
    {
      "quarter": "Q3 2011",
      "income status": {
        "Net sales": 309449,
        "Cost of goods sold": 240171,
        "Gross Profit": 69278,
        "Financial expenses": 5629,
        "Of which: Interest expense": 5297,
        "Cost of sales": 16424,
        "Enterprise cost management": 12043,
        "Total Operating Expenses": 34096,
        "Total revenue financing activities": 774,
        "Net profit from business activities": 35955,
        "Profit": -2693,
        "Profit before tax": 113084,
        "Present corporate income tax expenses": 3620,
        "Deferred income taxes expenses": "N/A",
        "The interests of minority shareholders": "N/A",
        "Total Cost of profits": 3620,
        "Profit after tax corporate income": 29642,
        "Volume": 11000000,
        "Close of Quarter": 13,
        "EPS": 6112.3,
        "Non-adjusted EPS": 10224,
        "PE": 1.3,
        "Book Price": 17.3
      }
    },
    {
      "quarter": "Q2 2011",
      "income status": {
        "Net sales": 373359,
        "Cost of goods sold": 281100,
        "Gross Profit": 92259,
        "Financial expenses": 15270,
        "Of which: Interest expense": 14263,
        "Cost of sales": 19120,
        "Enterprise cost management": 14614,
        "Total Operating Expenses": 49004,
        "Total revenue financing activities": 13622,
        "Net profit from business activities": 56877,
        "Profit": -693,
        "Profit before tax": 56184,
        "Present corporate income tax expenses": 5081,
        "Deferred income taxes expenses": "N/A",
        "The interests of minority shareholders": "N/A",
        "Total Cost of profits": 5081,
        "Profit after tax corporate income": 51104,
        "Volume": 11000000,
        "Close of Quarter": 10.3,
        "EPS": 4745.6,
        "Non-adjusted EPS": 7938,
        "PE": 1.3,
        "Book Price": 15.7
      }
    },
    {
      "quarter": "Q1 2011",
      "income status": {
        "Net sales": 251583,
        "Cost of goods sold": 211354,
        "Gross Profit": 40229,
        "Financial expenses": 16107,
        "Of which: Interest expense": 16092,
        "Cost of sales": 14538,
        "Enterprise cost management": 7938,
        "Total Operating Expenses": 38583,
        "Total revenue financing activities": 22184,
        "Net profit from business activities": 23829,
        "Profit": -193,
        "Profit before tax": 23637,
        "Present corporate income tax expenses": 3402,
        "Deferred income taxes expenses": "N/A",
        "The interests of minority shareholders": "N/A",
        "Total Cost of profits": 3402,
        "Profit after tax corporate income": 20235,
        "Volume": 11000000,
        "Close of Quarter": 10.6,
        "EPS": 2919.2,
        "Non-adjusted EPS": 4883,
        "PE": 2.2,
        "Book Price": 12.9
      }
    },
    {
      "quarter": "Q4 2010",
      "income status": {
        "Net sales": 296999,
        "Cost of goods sold": 253847,
        "Gross Profit": 43153,
        "Financial expenses": 21955,
        "Of which: Interest expense": 13987,
        "Cost of sales": 22592,
        "Enterprise cost management": 3309,
        "Total Operating Expenses": 47856,
        "Total revenue financing activities": 12701,
        "Net profit from business activities": 7998,
        "Profit": -476,
        "Profit before tax": 7522,
        "Present corporate income tax expenses": -2968,
        "Deferred income taxes expenses": -990,
        "The interests of minority shareholders": "N/A",
        "Total Cost of profits": -3958,
        "Profit after tax corporate income": 11480,
        "Volume": 11000000,
        "Close of Quarter": 11.2,
        "EPS": 3105.2,
        "Non-adjusted EPS": 5194,
        "PE": 2.2,
        "Book Price": 12.4
      }
    },
    {
      "quarter": "Q3 2010",
      "income status": {
        "Net sales": 261892,
        "Cost of goods sold": 222451,
        "Gross Profit": 39441,
        "Financial expenses": 16255,
        "Of which: Interest expense": 7900,
        "Cost of sales": 18800,
        "Enterprise cost management": 6168,
        "Total Operating Expenses": 41223,
        "Total revenue financing activities": 6964,
        "Net profit from business activities": 5181,
        "Profit": -471,
        "Profit before tax": 4711,
        "Present corporate income tax expenses": 208,
        "Deferred income taxes expenses": "N/A",
        "The interests of minority shareholders": "N/A",
        "Total Cost of profits": 208,
        "Profit after tax corporate income": 4503,
        "Volume": 11000000,
        "Close of Quarter": 12.2,
        "EPS": 3750.2,
        "Non-adjusted EPS": 6273,
        "PE": 1.9,
        "Book Price": 13.2
      }
    },
    {
      "quarter": "Q2 2010",
      "income status": {
        "Net sales": 267503,
        "Cost of goods sold": "N/A",
        "Gross Profit": 45521,
        "Financial expenses": "N/A",
        "Of which: Interest expense": 7254,
        "Cost of sales": "N/A",
        "Enterprise cost management": 7742,
        "Total Operating Expenses": 7742,
        "Total revenue financing activities": "N/A",
        "Net profit from business activities": 19386,
        "Profit": -119,
        "Profit before tax": 19267,
        "Present corporate income tax expenses": "N/A",
        "Deferred income taxes expenses": 1776,
        "The interests of minority shareholders": "N/A",
        "Total Cost of profits": 1776,
        "Profit after tax corporate income": 17491,
        "Volume": 11000000,
        "Close of Quarter": 14.3,
        "EPS": 4141.8,
        "Non-adjusted EPS": 6928,
        "PE": 2.1,
        "Book Price": 13.0
      }
    },
    {
      "quarter": "Q1 2010",
      "income status": {
        "Net sales": 252044,
        "Cost of goods sold": "N/A",
        "Gross Profit": 47649,
        "Financial expenses": "N/A",
        "Of which: Interest expense": 9175,
        "Cost of sales": "N/A",
        "Enterprise cost management": 5259,
        "Total Operating Expenses": 5259,
        "Total revenue financing activities": "N/A",
        "Net profit from business activities": 26373,
        "Profit": 330,
        "Profit before tax": 26703,
        "Present corporate income tax expenses": "N/A",
        "Deferred income taxes expenses": 3039,
        "The interests of minority shareholders": "N/A",
        "Total Cost of profits": 3039,
        "Profit after tax corporate income": 23664,
        "Volume": 9000000,
        "Close of Quarter": 10.5,
        "EPS": 3818.7,
        "Non-adjusted EPS": 7807,
        "PE": 1.3,
        "Book Price": 10.8
      }
    },
    {
      "quarter": "Q4 2009",
      "income status": {
        "Net sales": 251610,
        "Cost of goods sold": "N/A",
        "Gross Profit": 42592,
        "Financial expenses": "N/A",
        "Of which: Interest expense": 5424,
        "Cost of sales": "N/A",
        "Enterprise cost management": 5494,
        "Total Operating Expenses": 5494,
        "Total revenue financing activities": "N/A",
        "Net profit from business activities": 26691,
        "Profit": -199,
        "Profit before tax": 26492,
        "Present corporate income tax expenses": "N/A",
        "Deferred income taxes expenses": 3148,
        "The interests of minority shareholders": "N/A",
        "Total Cost of profits": 3148,
        "Profit after tax corporate income": 23344,
        "Volume": 9000000,
        "Close of Quarter": 9.6,
        "EPS": 2637.9,
        "Non-adjusted EPS": 5393,
        "PE": 1.8,
        "Book Price": 9.6
      }
    },
    {
      "quarter": "Q3 2009",
      "income status": {
        "Net sales": 174565,
        "Cost of goods sold": "N/A",
        "Gross Profit": 31756,
        "Financial expenses": "N/A",
        "Of which: Interest expense": 2732,
        "Cost of sales": "N/A",
        "Enterprise cost management": 5261,
        "Total Operating Expenses": 5261,
        "Total revenue financing activities": "N/A",
        "Net profit from business activities": 12930,
        "Profit": -27,
        "Profit before tax": 12903,
        "Present corporate income tax expenses": "N/A",
        "Deferred income taxes expenses": 1198,
        "The interests of minority shareholders": "N/A",
        "Total Cost of profits": 1198,
        "Profit after tax corporate income": 11705,
        "Volume": 9000000,
        "Close of Quarter": 12.3,
        "EPS": 1795.6,
        "Non-adjusted EPS": 3671,
        "PE": 3.4,
        "Book Price": 8.8
      }
    },
    {
      "quarter": "Q2 2009",
      "income status": {
        "Net sales": 172518,
        "Cost of goods sold": "N/A",
        "Gross Profit": 32557,
        "Financial expenses": "N/A",
        "Of which: Interest expense": 2067,
        "Cost of sales": "N/A",
        "Enterprise cost management": 3874,
        "Total Operating Expenses": 3874,
        "Total revenue financing activities": "N/A",
        "Net profit from business activities": 14979,
        "Profit": -5121,
        "Profit before tax": 9858,
        "Present corporate income tax expenses": "N/A",
        "Deferred income taxes expenses": 998,
        "The interests of minority shareholders": "N/A",
        "Total Cost of profits": 998,
        "Profit after tax corporate income": 11547,
        "Volume": 9000000,
        "Close of Quarter": 8.4,
        "EPS": 2201.6,
        "Non-adjusted EPS": 4501,
        "PE": 1.9,
        "Book Price": 8.4
      }
    },
    {
      "quarter": "Q1 2009",
      "income status": {
        "Net sales": 121442,
        "Cost of goods sold": 105524,
        "Gross Profit": 15919,
        "Financial expenses": 6898,
        "Of which: Interest expense": "N/A",
        "Cost of sales": 8695,
        "Enterprise cost management": 2570,
        "Total Operating Expenses": 18163,
        "Total revenue financing activities": 4841,
        "Net profit from business activities": 2596,
        "Profit": -61,
        "Profit before tax": 2535,
        "Present corporate income tax expenses": 1203,
        "Deferred income taxes expenses": -606,
        "The interests of minority shareholders": "N/A",
        "Total Cost of profits": 597,
        "Profit after tax corporate income": 1938,
        "Volume": 9000000,
        "Close of Quarter": 6.5,
        "EPS": 2934.4,
        "Non-adjusted EPS": 5999,
        "PE": 1.1,
        "Book Price": 7.7
      }
    },
    {
      "quarter": "Q4 2008",
      "income status": {
        "Net sales": 130194,
        "Cost of goods sold": 107522,
        "Gross Profit": 22672,
        "Financial expenses": 6940,
        "Of which: Interest expense": 6846,
        "Cost of sales": 8379,
        "Enterprise cost management": 3709,
        "Total Operating Expenses": 19028,
        "Total revenue financing activities": 4945,
        "Net profit from business activities": 8589,
        "Profit": -22,
        "Profit before tax": 8567,
        "Present corporate income tax expenses": 864,
        "Deferred income taxes expenses": -147,
        "The interests of minority shareholders": "N/A",
        "Total Cost of profits": 717,
        "Profit after tax corporate income": 7850,
        "Volume": 9000000,
        "Close of Quarter": 6.8,
        "EPS": 3585.4,
        "Non-adjusted EPS": 7330,
        "PE": 0.9,
        "Book Price": 7.5
      }
    },
    {
      "quarter": "Q3 2008",
      "income status": {
        "Net sales": 189962,
        "Cost of goods sold": 150615,
        "Gross Profit": 39347,
        "Financial expenses": 7234,
        "Of which: Interest expense": 6598,
        "Cost of sales": 11343,
        "Enterprise cost management": 3323,
        "Total Operating Expenses": 21900,
        "Total revenue financing activities": 3870,
        "Net profit from business activities": 21316,
        "Profit": -14,
        "Profit before tax": 21302,
        "Present corporate income tax expenses": 2130,
        "Deferred income taxes expenses": "N/A",
        "The interests of minority shareholders": "N/A",
        "Total Cost of profits": 2130,
        "Profit after tax corporate income": 19172,
        "Volume": 9000000,
        "Close of Quarter": 12.7,
        "EPS": 3901.4,
        "Non-adjusted EPS": 7976,
        "PE": 1.6,
        "Book Price": 8.0
      }
    },
    {
      "quarter": "Q2 2008",
      "income status": {
        "Net sales": 180704,
        "Cost of goods sold": 139728,
        "Gross Profit": 40976,
        "Financial expenses": 2391,
        "Of which: Interest expense": 2343,
        "Cost of sales": 11962,
        "Enterprise cost management": 4620,
        "Total Operating Expenses": 18973,
        "Total revenue financing activities": 5821,
        "Net profit from business activities": 27825,
        "Profit": -18,
        "Profit before tax": 27807,
        "Present corporate income tax expenses": 2781,
        "Deferred income taxes expenses": "N/A",
        "The interests of minority shareholders": "N/A",
        "Total Cost of profits": 2781,
        "Profit after tax corporate income": 25027,
        "Volume": 9000000,
        "Close of Quarter": 7.7,
        "EPS": 3586.9,
        "Non-adjusted EPS": 7333,
        "PE": 1.1,
        "Book Price": 7.6
      }
    },
    {
      "quarter": "Q1 2008",
      "income status": {
        "Net sales": 148275,
        "Cost of goods sold": 117840,
        "Gross Profit": 30435,
        "Financial expenses": 3066,
        "Of which: Interest expense": 1949,
        "Cost of sales": 8863,
        "Enterprise cost management": 3188,
        "Total Operating Expenses": 15117,
        "Total revenue financing activities": 714,
        "Net profit from business activities": 16032,
        "Profit": -120,
        "Profit before tax": 15912,
        "Present corporate income tax expenses": 1989,
        "Deferred income taxes expenses": "N/A",
        "The interests of minority shareholders": "N/A",
        "Total Cost of profits": 1989,
        "Profit after tax corporate income": 13923,
        "Volume": 9000000,
        "Close of Quarter": 10.6,
        "EPS": 3113.9,
        "Non-adjusted EPS": 6366,
        "PE": 1.7,
        "Book Price": 6.3
      }
    },
    {
      "quarter": "Q4 2007",
      "income status": {
        "Net sales": 158196,
        "Cost of goods sold": 128411,
        "Gross Profit": 29785,
        "Financial expenses": 1663,
        "Of which: Interest expense": 1009,
        "Cost of sales": 9193,
        "Enterprise cost management": 4306,
        "Total Operating Expenses": 15162,
        "Total revenue financing activities": 957,
        "Net profit from business activities": 15581,
        "Profit": -19,
        "Profit before tax": 15562,
        "Present corporate income tax expenses": 1899,
        "Deferred income taxes expenses": "N/A",
        "The interests of minority shareholders": "N/A",
        "Total Cost of profits": 1899,
        "Profit after tax corporate income": 13662,
        "Volume": 9000000,
        "Close of Quarter": 25.3,
        "EPS": 3133.4,
        "Non-adjusted EPS": 6406,
        "PE": 4.0,
        "Book Price": 7.1
      }
    },
    {
      "quarter": "Q3 2007",
      "income status": {
        "Net sales": 132820,
        "Cost of goods sold": 108468,
        "Gross Profit": 24353,
        "Financial expenses": 740,
        "Of which: Interest expense": 636,
        "Cost of sales": 6563,
        "Enterprise cost management": 2457,
        "Total Operating Expenses": 9760,
        "Total revenue financing activities": 746,
        "Net profit from business activities": 15338,
        "Profit": -45,
        "Profit before tax": 15294,
        "Present corporate income tax expenses": 1912,
        "Deferred income taxes expenses": "N/A",
        "The interests of minority shareholders": "N/A",
        "Total Cost of profits": 1912,
        "Profit after tax corporate income": 13382,
        "Volume": 9000000,
        "Close of Quarter": 25.4,
        "EPS": 2959.3,
        "Non-adjusted EPS": 6050,
        "PE": 4.2,
        "Book Price": 6.4
      }
    },
    {
      "quarter": "Q2 2007",
      "income status": {
        "Net sales": 132593,
        "Cost of goods sold": 104596,
        "Gross Profit": 27997,
        "Financial expenses": 1132,
        "Of which: Interest expense": 996,
        "Cost of sales": 7510,
        "Enterprise cost management": 1647,
        "Total Operating Expenses": 10289,
        "Total revenue financing activities": 975,
        "Net profit from business activities": 18683,
        "Profit": -19,
        "Profit before tax": 18664,
        "Present corporate income tax expenses": 2333,
        "Deferred income taxes expenses": "N/A",
        "The interests of minority shareholders": "N/A",
        "Total Cost of profits": 2333,
        "Profit after tax corporate income": 16331,
        "Volume": 9000000,
        "Close of Quarter": "N/A",
        "EPS": 2578.7,
        "Non-adjusted EPS": 5272,
        "PE": "N/A",
        "Book Price": 5.8
      }
    },
    {
      "quarter": "Q4 2006",
      "income status": {
        "Net sales": 111074,
        "Cost of goods sold": 87232,
        "Gross Profit": 23842,
        "Financial expenses": 1661,
        "Of which: Interest expense": 1590,
        "Cost of sales": 5838,
        "Enterprise cost management": 2102,
        "Total Operating Expenses": 9601,
        "Total revenue financing activities": 71,
        "Net profit from business activities": 14312,
        "Profit": -34,
        "Profit before tax": 14278,
        "Present corporate income tax expenses": "N/A",
        "Deferred income taxes expenses": "N/A",
        "The interests of minority shareholders": "N/A",
        "Total Cost of profits": 0,
        "Profit after tax corporate income": 14278,
        "Volume": 9000000,
        "Close of Quarter": "N/A",
        "EPS": 1691.0,
        "Non-adjusted EPS": 3457,
        "PE": "N/A",
        "Book Price": 2.8
      }
    },
    {
      "quarter": "Q3 2006",
      "income status": {
        "Net sales": 79168,
        "Cost of goods sold": 60843,
        "Gross Profit": 18325,
        "Financial expenses": 1102,
        "Of which: Interest expense": 92,
        "Cost of sales": 6085,
        "Enterprise cost management": 712,
        "Total Operating Expenses": 7899,
        "Total revenue financing activities": 74,
        "Net profit from business activities": 10499,
        "Profit": -41,
        "Profit before tax": 10459,
        "Present corporate income tax expenses": "N/A",
        "Deferred income taxes expenses": "N/A",
        "The interests of minority shareholders": "N/A",
        "Total Cost of profits": 0,
        "Profit after tax corporate income": 10459,
        "Volume": 9000000,
        "Close of Quarter": "N/A",
        "EPS": 915.2,
        "Non-adjusted EPS": 1871,
        "PE": "N/A",
        "Book Price": "N/A"
      }
    },
    {
      "quarter": "Q2 2006",
      "income status": {
        "Net sales": 121031,
        "Cost of goods sold": 103744,
        "Gross Profit": 17287,
        "Financial expenses": 3091,
        "Of which: Interest expense": 3059,
        "Cost of sales": 7211,
        "Enterprise cost management": 1496,
        "Total Operating Expenses": 11798,
        "Total revenue financing activities": 904,
        "Net profit from business activities": "N/A",
        "Profit": "N/A",
        "Profit before tax": 6379,
        "Present corporate income tax expenses": "N/A",
        "Deferred income taxes expenses": "N/A",
        "The interests of minority shareholders": "N/A",
        "Total Cost of profits": 0,
        "Profit after tax corporate income": 6379,
        "Volume": 9000000,
        "Close of Quarter": "N/A",
        "EPS": 346.8,
        "Non-adjusted EPS": 709,
        "PE": "N/A",
        "Book Price": "N/A"
      }
    }
  ]
}