{
  "ticker": "STB",
  "data": [
    {
      "quarter": "Q1 2017",
      "income status": {
        "Net sales": 1051544,
        "Cost of goods sold": 4874971,
        "Gross Profit": -3823427,
        "Financial expenses": 70070,
        "Of which: Interest expense": "N/A",
        "Cost of sales": 577526,
        "Enterprise cost management": 1377789,
        "Total Operating Expenses": 2025385,
        "Total revenue financing activities": 634731,
        "Net profit from business activities": 308486,
        "Profit": 970,
        "Profit before tax": 309456,
        "Present corporate income tax expenses": -98918,
        "Deferred income taxes expenses": "N/A",
        "The interests of minority shareholders": "N/A",
        "Total Cost of profits": -98918,
        "Profit after tax corporate income": 210538,
        "Volume": 1385215716,
        "Close of Quarter": 11.5,
        "EPS": 304,
        "Non-adjusted EPS": 304,
        "PE": 37.7,
        "Book Price": 16.7
      }
    },
    {
      "quarter": "Q4 2016",
      "income status": {
        "Net sales": 1410787,
        "Cost of goods sold": 5063468,
        "Gross Profit": -3652681,
        "Financial expenses": 177527,
        "Of which: Interest expense": "N/A",
        "Cost of sales": 595403,
        "Enterprise cost management": 1580967,
        "Total Operating Expenses": 2353897,
        "Total revenue financing activities": 175221,
        "Net profit from business activities": 5041,
        "Profit": -23573,
        "Profit before tax": -18532,
        "Present corporate income tax expenses": -68058,
        "Deferred income taxes expenses": "N/A",
        "The interests of minority shareholders": "N/A",
        "Total Cost of profits": -68058,
        "Profit after tax corporate income": -86590,
        "Volume": 1385215716,
        "Close of Quarter": 9.5,
        "EPS": 269,
        "Non-adjusted EPS": 269,
        "PE": 35.1,
        "Book Price": 16.6
      }
    },
    {
      "quarter": "Q3 2016",
      "income status": {
        "Net sales": 956512,
        "Cost of goods sold": 4433545,
        "Gross Profit": -3477033,
        "Financial expenses": 89043,
        "Of which: Interest expense": "N/A",
        "Cost of sales": 523181,
        "Enterprise cost management": 1514820,
        "Total Operating Expenses": 2127044,
        "Total revenue financing activities": 691158,
        "Net profit from business activities": 132850,
        "Profit": 54178,
        "Profit before tax": 187028,
        "Present corporate income tax expenses": -36857,
        "Deferred income taxes expenses": "N/A",
        "The interests of minority shareholders": "N/A",
        "Total Cost of profits": -36857,
        "Profit after tax corporate income": 150171,
        "Volume": 1385215716,
        "Close of Quarter": 9.3,
        "EPS": -45,
        "Non-adjusted EPS": -45,
        "PE": -207.1,
        "Book Price": 16.4
      }
    },
    {
      "quarter": "Q2 2016",
      "income status": {
        "Net sales": 1513471,
        "Cost of goods sold": 4948032,
        "Gross Profit": -3434561,
        "Financial expenses": 48067,
        "Of which: Interest expense": "N/A",
        "Cost of sales": 509759,
        "Enterprise cost management": 1259992,
        "Total Operating Expenses": 1817818,
        "Total revenue financing activities": 592221,
        "Net profit from business activities": 845700,
        "Profit": -681482,
        "Profit before tax": 164218,
        "Present corporate income tax expenses": -17239,
        "Deferred income taxes expenses": "N/A",
        "The interests of minority shareholders": "N/A",
        "Total Cost of profits": -17239,
        "Profit after tax corporate income": 146979,
        "Volume": 1385215716,
        "Close of Quarter": 11.3,
        "EPS": 199,
        "Non-adjusted EPS": 199,
        "PE": 56.8,
        "Book Price": 16.4
      }
    },
    {
      "quarter": "Q1 2016",
      "income status": {
        "Net sales": 1238719,
        "Cost of goods sold": 4522150,
        "Gross Profit": -3283431,
        "Financial expenses": 93292,
        "Of which: Interest expense": "N/A",
        "Cost of sales": 472840,
        "Enterprise cost management": 1464550,
        "Total Operating Expenses": 2030682,
        "Total revenue financing activities": 474443,
        "Net profit from business activities": 248612,
        "Profit": -49611,
        "Profit before tax": 199001,
        "Present corporate income tax expenses": -37053,
        "Deferred income taxes expenses": "N/A",
        "The interests of minority shareholders": "N/A",
        "Total Cost of profits": -37053,
        "Profit after tax corporate income": 161948,
        "Volume": 1385215716,
        "Close of Quarter": 10.3,
        "EPS": 485,
        "Non-adjusted EPS": 485,
        "PE": 21.2,
        "Book Price": 16.4
      }
    },
    {
      "quarter": "Q4 2015",
      "income status": {
        "Net sales": 913518,
        "Cost of goods sold": 4165593,
        "Gross Profit": -3252075,
        "Financial expenses": 504929,
        "Of which: Interest expense": "N/A",
        "Cost of sales": 491199,
        "Enterprise cost management": 1224527,
        "Total Operating Expenses": 2220655,
        "Total revenue financing activities": 768453,
        "Net profit from business activities": 457443,
        "Profit": -1128632,
        "Profit before tax": -671189,
        "Present corporate income tax expenses": 149747,
        "Deferred income taxes expenses": "N/A",
        "The interests of minority shareholders": "N/A",
        "Total Cost of profits": 149747,
        "Profit after tax corporate income": -521442,
        "Volume": 1385215716,
        "Close of Quarter": 13.1,
        "EPS": 827,
        "Non-adjusted EPS": 827,
        "PE": 15.8,
        "Book Price": 16.3
      }
    },
    {
      "quarter": "Q3 2015",
      "income status": {
        "Net sales": 1907599,
        "Cost of goods sold": 3963645,
        "Gross Profit": -2056047,
        "Financial expenses": 9639,
        "Of which: Interest expense": "N/A",
        "Cost of sales": 454649,
        "Enterprise cost management": 1372636,
        "Total Operating Expenses": 1836924,
        "Total revenue financing activities": 386314,
        "Net profit from business activities": 921275,
        "Profit": -305898,
        "Profit before tax": 615377,
        "Present corporate income tax expenses": -127468,
        "Deferred income taxes expenses": "N/A",
        "The interests of minority shareholders": "N/A",
        "Total Cost of profits": -127468,
        "Profit after tax corporate income": 487910,
        "Volume": 1142511590,
        "Close of Quarter": 13.5,
        "EPS": 1445.0,
        "Non-adjusted EPS": 1752,
        "PE": 7.7,
        "Book Price": 14.1
      }
    },
    {
      "quarter": "Q2 2015",
      "income status": {
        "Net sales": 3865368,
        "Cost of goods sold": 2011588,
        "Gross Profit": 1853780,
        "Financial expenses": 9688,
        "Of which: Interest expense": "N/A",
        "Cost of sales": 145785,
        "Enterprise cost management": 1162852,
        "Total Operating Expenses": 1318325,
        "Total revenue financing activities": 544096,
        "Net profit from business activities": 1079552,
        "Profit": -366148,
        "Profit before tax": 713404,
        "Present corporate income tax expenses": -170157,
        "Deferred income taxes expenses": "N/A",
        "The interests of minority shareholders": "N/A",
        "Total Cost of profits": -170157,
        "Profit after tax corporate income": 543247,
        "Volume": 1142511590,
        "Close of Quarter": 15.3,
        "EPS": 1531.6,
        "Non-adjusted EPS": 1857,
        "PE": 8.3,
        "Book Price": 13.7
      }
    },
    {
      "quarter": "Q1 2015",
      "income status": {
        "Net sales": 3950205,
        "Cost of goods sold": 2010159,
        "Gross Profit": 1940046,
        "Financial expenses": 20674,
        "Of which: Interest expense": "N/A",
        "Cost of sales": 127380,
        "Enterprise cost management": 1102004,
        "Total Operating Expenses": 1250058,
        "Total revenue financing activities": 453550,
        "Net profit from business activities": 1143537,
        "Profit": -331630,
        "Profit before tax": 811907,
        "Present corporate income tax expenses": -175364,
        "Deferred income taxes expenses": "N/A",
        "The interests of minority shareholders": "N/A",
        "Total Cost of profits": -175364,
        "Profit after tax corporate income": 636543,
        "Volume": 1142511590,
        "Close of Quarter": 15.4,
        "EPS": 1608.3,
        "Non-adjusted EPS": 1950,
        "PE": 7.9,
        "Book Price": 13.5
      }
    },
    {
      "quarter": "Q4 2014",
      "income status": {
        "Net sales": 3335849,
        "Cost of goods sold": 2081862,
        "Gross Profit": 1253987,
        "Financial expenses": 17569,
        "Of which: Interest expense": "N/A",
        "Cost of sales": 130469,
        "Enterprise cost management": 1279091,
        "Total Operating Expenses": 1427129,
        "Total revenue financing activities": 788246,
        "Net profit from business activities": 615104,
        "Profit": -191270,
        "Profit before tax": 423834,
        "Present corporate income tax expenses": -45392,
        "Deferred income taxes expenses": "N/A",
        "The interests of minority shareholders": "N/A",
        "Total Cost of profits": -45392,
        "Profit after tax corporate income": 334242,
        "Volume": 1142511590,
        "Close of Quarter": 14.9,
        "EPS": 1596.8,
        "Non-adjusted EPS": 1936,
        "PE": 7.7,
        "Book Price": 13.0
      }
    },
    {
      "quarter": "Q3 2014",
      "income status": {
        "Net sales": 4018016,
        "Cost of goods sold": 2160138,
        "Gross Profit": 1857878,
        "Financial expenses": 11954,
        "Of which: Interest expense": "N/A",
        "Cost of sales": 135943,
        "Enterprise cost management": 1061043,
        "Total Operating Expenses": 1208940,
        "Total revenue financing activities": 595662,
        "Net profit from business activities": 1244600,
        "Profit": -466436,
        "Profit before tax": 778164,
        "Present corporate income tax expenses": -170538,
        "Deferred income taxes expenses": "N/A",
        "The interests of minority shareholders": 3,
        "Total Cost of profits": -170535,
        "Profit after tax corporate income": 607623,
        "Volume": 1142511590,
        "Close of Quarter": 15.8,
        "EPS": 1768.4,
        "Non-adjusted EPS": 2144,
        "PE": 7.4,
        "Book Price": 12.8
      }
    },
    {
      "quarter": "Q2 2014",
      "income status": {
        "Net sales": 4024706,
        "Cost of goods sold": 2133913,
        "Gross Profit": 1890793,
        "Financial expenses": 23925,
        "Of which: Interest expense": "N/A",
        "Cost of sales": 134388,
        "Enterprise cost management": 1124741,
        "Total Operating Expenses": 1283054,
        "Total revenue financing activities": 432265,
        "Net profit from business activities": 1040004,
        "Profit": -209528,
        "Profit before tax": 830476,
        "Present corporate income tax expenses": -181628,
        "Deferred income taxes expenses": -561,
        "The interests of minority shareholders": -3,
        "Total Cost of profits": -182192,
        "Profit after tax corporate income": 649412,
        "Volume": 1142511590,
        "Close of Quarter": 17.0,
        "EPS": 1696.6,
        "Non-adjusted EPS": 2057,
        "PE": 8.3,
        "Book Price": 12.4
      }
    },
    {
      "quarter": "Q1 2014",
      "income status": {
        "Net sales": 3817395,
        "Cost of goods sold": 2255398,
        "Gross Profit": 1561997,
        "Financial expenses": 5599,
        "Of which: Interest expense": "N/A",
        "Cost of sales": 94581,
        "Enterprise cost management": 995740,
        "Total Operating Expenses": 1095920,
        "Total revenue financing activities": 423079,
        "Net profit from business activities": 889156,
        "Profit": -95354,
        "Profit before tax": 793802,
        "Present corporate income tax expenses": -172966,
        "Deferred income taxes expenses": "N/A",
        "The interests of minority shareholders": "N/A",
        "Total Cost of profits": -172966,
        "Profit after tax corporate income": 620836,
        "Volume": 1142511590,
        "Close of Quarter": 16.4,
        "EPS": 1569.6,
        "Non-adjusted EPS": 1903,
        "PE": 8.6,
        "Book Price": 12.0
      }
    },
    {
      "quarter": "Q4 2013",
      "income status": {
        "Net sales": 3906903,
        "Cost of goods sold": 2328133,
        "Gross Profit": 1578770,
        "Financial expenses": 26126,
        "Of which: Interest expense": "N/A",
        "Cost of sales": 82392,
        "Enterprise cost management": 974639,
        "Total Operating Expenses": 1083157,
        "Total revenue financing activities": 269103,
        "Net profit from business activities": 764716,
        "Profit": -21815,
        "Profit before tax": 742901,
        "Present corporate income tax expenses": 33123,
        "Deferred income taxes expenses": 204669,
        "The interests of minority shareholders": -2,
        "Total Cost of profits": 237790,
        "Profit after tax corporate income": 571356,
        "Volume": 1142511590,
        "Close of Quarter": 14.2,
        "EPS": 1609.2,
        "Non-adjusted EPS": 1951,
        "PE": 7.3,
        "Book Price": 12.3
      }
    },
    {
      "quarter": "Q3 2013",
      "income status": {
        "Net sales": 4031789,
        "Cost of goods sold": 2424870,
        "Gross Profit": 1606919,
        "Financial expenses": 7017,
        "Of which: Interest expense": "N/A",
        "Cost of sales": 184501,
        "Enterprise cost management": 1183154,
        "Total Operating Expenses": 1374672,
        "Total revenue financing activities": 630957,
        "Net profit from business activities": 863204,
        "Profit": -163587,
        "Profit before tax": 699617,
        "Present corporate income tax expenses": -190897,
        "Deferred income taxes expenses": "N/A",
        "The interests of minority shareholders": "N/A",
        "Total Cost of profits": -190897,
        "Profit after tax corporate income": 508720,
        "Volume": 1142511590,
        "Close of Quarter": 14.0,
        "EPS": 568.3,
        "Non-adjusted EPS": 689,
        "PE": 20.3,
        "Book Price": 11.9
      }
    },
    {
      "quarter": "Q2 2013",
      "income status": {
        "Net sales": 4111535,
        "Cost of goods sold": 2480608,
        "Gross Profit": 1630927,
        "Financial expenses": 1409,
        "Of which: Interest expense": "N/A",
        "Cost of sales": 33873,
        "Enterprise cost management": 950502,
        "Total Operating Expenses": 985784,
        "Total revenue financing activities": 21128,
        "Net profit from business activities": 666271,
        "Profit": 41743,
        "Profit before tax": 624528,
        "Present corporate income tax expenses": 151124,
        "Deferred income taxes expenses": "N/A",
        "The interests of minority shareholders": "N/A",
        "Total Cost of profits": 151124,
        "Profit after tax corporate income": 473404,
        "Volume": 973967664,
        "Close of Quarter": 13.8,
        "EPS": 497.8,
        "Non-adjusted EPS": 708,
        "PE": 19.5,
        "Book Price": 10.3
      }
    },
    {
      "quarter": "Q1 2013",
      "income status": {
        "Net sales": 4244105,
        "Cost of goods sold": 2433294,
        "Gross Profit": 1810811,
        "Financial expenses": 1388,
        "Of which: Interest expense": "N/A",
        "Cost of sales": 172889,
        "Enterprise cost management": 1097635,
        "Total Operating Expenses": 1271912,
        "Total revenue financing activities": 561598,
        "Net profit from business activities": 1100497,
        "Profit": 207486,
        "Profit before tax": 893011,
        "Present corporate income tax expenses": 217269,
        "Deferred income taxes expenses": "N/A",
        "The interests of minority shareholders": "N/A",
        "Total Cost of profits": 217269,
        "Profit after tax corporate income": 675742,
        "Volume": 973967664,
        "Close of Quarter": 13.9,
        "EPS": 420.5,
        "Non-adjusted EPS": 598,
        "PE": 23.3,
        "Book Price": 10.2
      }
    },
    {
      "quarter": "Q4 2012",
      "income status": {
        "Net sales": 4169510,
        "Cost of goods sold": 2380093,
        "Gross Profit": 1789418,
        "Financial expenses": 63145,
        "Of which: Interest expense": "N/A",
        "Cost of sales": 338116,
        "Enterprise cost management": 1205414,
        "Total Operating Expenses": 1606675,
        "Total revenue financing activities": -132283,
        "Net profit from business activities": 50459,
        "Profit": 852495,
        "Profit before tax": -802036,
        "Present corporate income tax expenses": 68965,
        "Deferred income taxes expenses": "N/A",
        "The interests of minority shareholders": "N/A",
        "Total Cost of profits": 68965,
        "Profit after tax corporate income": -871001,
        "Volume": 973967664,
        "Close of Quarter": 13.4,
        "EPS": 516.1,
        "Non-adjusted EPS": 734,
        "PE": 18.2,
        "Book Price": 9.7
      }
    },
    {
      "quarter": "Q3 2012",
      "income status": {
        "Net sales": 4092023,
        "Cost of goods sold": 2416540,
        "Gross Profit": 1675484,
        "Financial expenses": 3652,
        "Of which: Interest expense": "N/A",
        "Cost of sales": 116043,
        "Enterprise cost management": 1071641,
        "Total Operating Expenses": 1191336,
        "Total revenue financing activities": 217647,
        "Net profit from business activities": 701795,
        "Profit": 113872,
        "Profit before tax": 587923,
        "Present corporate income tax expenses": 176585,
        "Deferred income taxes expenses": "N/A",
        "The interests of minority shareholders": "N/A",
        "Total Cost of profits": 176585,
        "Profit after tax corporate income": 411338,
        "Volume": 973967664,
        "Close of Quarter": 13.5,
        "EPS": 1485.0,
        "Non-adjusted EPS": 2112,
        "PE": 6.4,
        "Book Price": 10.3
      }
    },
    {
      "quarter": "Q2 2012",
      "income status": {
        "Net sales": 4238279,
        "Cost of goods sold": 2738059,
        "Gross Profit": 1500219,
        "Financial expenses": 1920,
        "Of which: Interest expense": "N/A",
        "Cost of sales": 76701,
        "Enterprise cost management": 1009348,
        "Total Operating Expenses": 1087969,
        "Total revenue financing activities": 433182,
        "Net profit from business activities": 849275,
        "Profit": 332896,
        "Profit before tax": 516379,
        "Present corporate income tax expenses": 150192,
        "Deferred income taxes expenses": "N/A",
        "The interests of minority shareholders": "N/A",
        "Total Cost of profits": 150192,
        "Profit after tax corporate income": 366187,
        "Volume": 973967664,
        "Close of Quarter": 14.9,
        "EPS": 1505.4,
        "Non-adjusted EPS": 2141,
        "PE": 7.0,
        "Book Price": 10.0
      }
    },
    {
      "quarter": "Q1 2012",
      "income status": {
        "Net sales": 4368283,
        "Cost of goods sold": 2837746,
        "Gross Profit": 1530538,
        "Financial expenses": 25610,
        "Of which: Interest expense": "N/A",
        "Cost of sales": 115965,
        "Enterprise cost management": 805504,
        "Total Operating Expenses": 947079,
        "Total revenue financing activities": 517581,
        "Net profit from business activities": 1101037,
        "Profit": 37209,
        "Profit before tax": 1063828,
        "Present corporate income tax expenses": 255923,
        "Deferred income taxes expenses": "N/A",
        "The interests of minority shareholders": "N/A",
        "Total Cost of profits": 255923,
        "Profit after tax corporate income": 807905,
        "Volume": 973967664,
        "Close of Quarter": 15.6,
        "EPS": 1951.2,
        "Non-adjusted EPS": 2775,
        "PE": 5.6,
        "Book Price": 11.0
      }
    },
    {
      "quarter": "Q4 2011",
      "income status": {
        "Net sales": 4617651,
        "Cost of goods sold": 2952211,
        "Gross Profit": 1665440,
        "Financial expenses": 167050,
        "Of which: Interest expense": "N/A",
        "Cost of sales": 366991,
        "Enterprise cost management": 1168128,
        "Total Operating Expenses": 1702169,
        "Total revenue financing activities": 679606,
        "Net profit from business activities": 642877,
        "Profit": 4079,
        "Profit before tax": 638798,
        "Present corporate income tax expenses": 167107,
        "Deferred income taxes expenses": "N/A",
        "The interests of minority shareholders": "N/A",
        "Total Cost of profits": 167107,
        "Profit after tax corporate income": 471691,
        "Volume": 1073967664,
        "Close of Quarter": 10.2,
        "EPS": 1780.9,
        "Non-adjusted EPS": 2297,
        "PE": 4.4,
        "Book Price": 10.5
      }
    },
    {
      "quarter": "Q3 2011",
      "income status": {
        "Net sales": 4592541,
        "Cost of goods sold": 3043274,
        "Gross Profit": 1549267,
        "Financial expenses": 227091,
        "Of which: Interest expense": "N/A",
        "Cost of sales": 93919,
        "Enterprise cost management": 991331,
        "Total Operating Expenses": 1312341,
        "Total revenue financing activities": 576824,
        "Net profit from business activities": 813752,
        "Profit": 148998,
        "Profit before tax": 664754,
        "Present corporate income tax expenses": 225451,
        "Deferred income taxes expenses": "N/A",
        "The interests of minority shareholders": 2,
        "Total Cost of profits": 225453,
        "Profit after tax corporate income": 439301,
        "Volume": 1055611464,
        "Close of Quarter": 9.6,
        "EPS": 1702.4,
        "Non-adjusted EPS": 2234,
        "PE": 4.3,
        "Book Price": 10.1
      }
    },
    {
      "quarter": "Q2 2011",
      "income status": {
        "Net sales": 4357074,
        "Cost of goods sold": 3048671,
        "Gross Profit": 1308403,
        "Financial expenses": 27288,
        "Of which: Interest expense": "N/A",
        "Cost of sales": 120014,
        "Enterprise cost management": 737240,
        "Total Operating Expenses": 884542,
        "Total revenue financing activities": 308218,
        "Net profit from business activities": 786655,
        "Profit": -34434,
        "Profit before tax": 752221,
        "Present corporate income tax expenses": -238674,
        "Deferred income taxes expenses": "N/A",
        "The interests of minority shareholders": -470578,
        "Total Cost of profits": -709252,
        "Profit after tax corporate income": 984125,
        "Volume": 917923013,
        "Close of Quarter": 7.0,
        "EPS": 1653.3,
        "Non-adjusted EPS": 2495,
        "PE": 2.8,
        "Book Price": 9.7
      }
    },
    {
      "quarter": "Q1 2011",
      "income status": {
        "Net sales": 4297000,
        "Cost of goods sold": 2977886,
        "Gross Profit": 1319114,
        "Financial expenses": 35507,
        "Of which: Interest expense": "N/A",
        "Cost of sales": 97256,
        "Enterprise cost management": 664681,
        "Total Operating Expenses": 797444,
        "Total revenue financing activities": 394556,
        "Net profit from business activities": 916226,
        "Profit": -201222,
        "Profit before tax": 715004,
        "Present corporate income tax expenses": -143587,
        "Deferred income taxes expenses": "N/A",
        "The interests of minority shareholders": "N/A",
        "Total Cost of profits": -143587,
        "Profit after tax corporate income": 571417,
        "Volume": 917923013,
        "Close of Quarter": 8.2,
        "EPS": 1180.9,
        "Non-adjusted EPS": 1782,
        "PE": 4.6,
        "Book Price": 10.3
      }
    },
    {
      "quarter": "Q4 2010",
      "income status": {
        "Net sales": 3897359,
        "Cost of goods sold": 2665625,
        "Gross Profit": 1231734,
        "Financial expenses": 328558,
        "Of which: Interest expense": "N/A",
        "Cost of sales": 109865,
        "Enterprise cost management": 655416,
        "Total Operating Expenses": 1093839,
        "Total revenue financing activities": 537651,
        "Net profit from business activities": 675546,
        "Profit": -90163,
        "Profit before tax": 585383,
        "Present corporate income tax expenses": -226894,
        "Deferred income taxes expenses": "N/A",
        "The interests of minority shareholders": "N/A",
        "Total Cost of profits": -226894,
        "Profit after tax corporate income": 363899,
        "Volume": 917923013,
        "Close of Quarter": 9.5,
        "EPS": 1075.5,
        "Non-adjusted EPS": 1623,
        "PE": 5.8,
        "Book Price": 10.3
      }
    },
    {
      "quarter": "Q3 2010",
      "income status": {
        "Net sales": 3039548,
        "Cost of goods sold": 2067105,
        "Gross Profit": 972443,
        "Financial expenses": 43130,
        "Of which: Interest expense": "N/A",
        "Cost of sales": 63017,
        "Enterprise cost management": 555177,
        "Total Operating Expenses": 661324,
        "Total revenue financing activities": 239197,
        "Net profit from business activities": 550316,
        "Profit": -45938,
        "Profit before tax": 504378,
        "Present corporate income tax expenses": -133338,
        "Deferred income taxes expenses": "N/A",
        "The interests of minority shareholders": "N/A",
        "Total Cost of profits": -133338,
        "Profit after tax corporate income": 371040,
        "Volume": 670035300,
        "Close of Quarter": 9.8,
        "EPS": 1164.3,
        "Non-adjusted EPS": 2407,
        "PE": 4.1,
        "Book Price": 9.5
      }
    },
    {
      "quarter": "Q2 2010",
      "income status": {
        "Net sales": 2642952,
        "Cost of goods sold": 1809595,
        "Gross Profit": 833357,
        "Financial expenses": 8682,
        "Of which: Interest expense": "N/A",
        "Cost of sales": 61815,
        "Enterprise cost management": 504990,
        "Total Operating Expenses": 575487,
        "Total revenue financing activities": 373118,
        "Net profit from business activities": 630988,
        "Profit": -115693,
        "Profit before tax": 515295,
        "Present corporate income tax expenses": -194888,
        "Deferred income taxes expenses": "N/A",
        "The interests of minority shareholders": -8607,
        "Total Cost of profits": -203495,
        "Profit after tax corporate income": 329014,
        "Volume": 670035300,
        "Close of Quarter": 10.1,
        "EPS": 1191.9,
        "Non-adjusted EPS": 2464,
        "PE": 4.1,
        "Book Price": 7.2
      }
    },
    {
      "quarter": "Q1 2010",
      "income status": {
        "Net sales": 2278980,
        "Cost of goods sold": 1658973,
        "Gross Profit": 620007,
        "Financial expenses": 1506,
        "Of which: Interest expense": "N/A",
        "Cost of sales": 43106,
        "Enterprise cost management": 483010,
        "Total Operating Expenses": 527622,
        "Total revenue financing activities": 486388,
        "Net profit from business activities": 578773,
        "Profit": -11319,
        "Profit before tax": 567454,
        "Present corporate income tax expenses": -132590,
        "Deferred income taxes expenses": "N/A",
        "The interests of minority shareholders": 8607,
        "Total Cost of profits": -123983,
        "Profit after tax corporate income": 426257,
        "Volume": 670035300,
        "Close of Quarter": 10.5,
        "EPS": 1302.1,
        "Non-adjusted EPS": 2692,
        "PE": 3.9,
        "Book Price": 7.0
      }
    },
    {
      "quarter": "Q4 2009",
      "income status": {
        "Net sales": 2139571,
        "Cost of goods sold": 1508916,
        "Gross Profit": 630655,
        "Financial expenses": "N/A",
        "Of which: Interest expense": "N/A",
        "Cost of sales": 85885,
        "Enterprise cost management": 580742,
        "Total Operating Expenses": 666627,
        "Total revenue financing activities": 812197,
        "Net profit from business activities": 705785,
        "Profit": -90878,
        "Profit before tax": 614907,
        "Present corporate income tax expenses": "N/A",
        "Deferred income taxes expenses": "N/A",
        "The interests of minority shareholders": "N/A",
        "Total Cost of profits": 0,
        "Profit after tax corporate income": 486551,
        "Volume": 670035300,
        "Close of Quarter": 11.7,
        "EPS": 1209.3,
        "Non-adjusted EPS": 2500,
        "PE": 4.7,
        "Book Price": 7.6
      }
    },
    {
      "quarter": "Q3 2009",
      "income status": {
        "Net sales": "N/A",
        "Cost of goods sold": "N/A",
        "Gross Profit": "N/A",
        "Financial expenses": "N/A",
        "Of which: Interest expense": "N/A",
        "Cost of sales": "N/A",
        "Enterprise cost management": "N/A",
        "Total Operating Expenses": 0,
        "Total revenue financing activities": "N/A",
        "Net profit from business activities": "N/A",
        "Profit": "N/A",
        "Profit before tax": 523140,
        "Present corporate income tax expenses": "N/A",
        "Deferred income taxes expenses": "N/A",
        "The interests of minority shareholders": "N/A",
        "Total Cost of profits": 0,
        "Profit after tax corporate income": 409061,
        "Volume": 511583084,
        "Close of Quarter": 16.0,
        "EPS": 1042.6,
        "Non-adjusted EPS": 2823,
        "PE": 5.7,
        "Book Price": 6.8
      }
    },
    {
      "quarter": "Q2 2009",
      "income status": {
        "Net sales": 1655747,
        "Cost of goods sold": 1038523,
        "Gross Profit": 617224,
        "Financial expenses": "N/A",
        "Of which: Interest expense": "N/A",
        "Cost of sales": "N/A",
        "Enterprise cost management": 348484,
        "Total Operating Expenses": 348484,
        "Total revenue financing activities": 193418,
        "Net profit from business activities": 720000,
        "Profit": 720000,
        "Profit before tax": 620394,
        "Present corporate income tax expenses": "N/A",
        "Deferred income taxes expenses": "N/A",
        "The interests of minority shareholders": "N/A",
        "Total Cost of profits": 0,
        "Profit after tax corporate income": 482079,
        "Volume": 493317814,
        "Close of Quarter": 13.5,
        "EPS": 873.9,
        "Non-adjusted EPS": 2454,
        "PE": 5.5,
        "Book Price": 5.5
      }
    },
    {
      "quarter": "Q1 2009",
      "income status": {
        "Net sales": 1550774,
        "Cost of goods sold": 1059319,
        "Gross Profit": 491455,
        "Financial expenses": "N/A",
        "Of which: Interest expense": "N/A",
        "Cost of sales": 27833,
        "Enterprise cost management": 339401,
        "Total Operating Expenses": 367234,
        "Total revenue financing activities": 304250,
        "Net profit from business activities": 423046,
        "Profit": 423046,
        "Profit before tax": 392010,
        "Present corporate income tax expenses": "N/A",
        "Deferred income taxes expenses": "N/A",
        "The interests of minority shareholders": "N/A",
        "Total Cost of profits": 0,
        "Profit after tax corporate income": 297397,
        "Volume": 493317814,
        "Close of Quarter": 6.3,
        "EPS": 728.6,
        "Non-adjusted EPS": 2046,
        "PE": 3.1,
        "Book Price": 5.2
      }
    },
    {
      "quarter": "Q4 2008",
      "income status": {
        "Net sales": 1812872,
        "Cost of goods sold": 1547675,
        "Gross Profit": 265197,
        "Financial expenses": "N/A",
        "Of which: Interest expense": "N/A",
        "Cost of sales": 30771,
        "Enterprise cost management": 350984,
        "Total Operating Expenses": 381755,
        "Total revenue financing activities": 332545,
        "Net profit from business activities": 300673,
        "Profit": 300673,
        "Profit before tax": 291461,
        "Present corporate income tax expenses": "N/A",
        "Deferred income taxes expenses": "N/A",
        "The interests of minority shareholders": "N/A",
        "Total Cost of profits": 0,
        "Profit after tax corporate income": 255712,
        "Volume": 493317814,
        "Close of Quarter": 7.1,
        "EPS": 771.7,
        "Non-adjusted EPS": 2167,
        "PE": 3.3,
        "Book Price": 5.7
      }
    },
    {
      "quarter": "Q3 2008",
      "income status": {
        "Net sales": 1929006,
        "Cost of goods sold": 1873956,
        "Gross Profit": 55050,
        "Financial expenses": "N/A",
        "Of which: Interest expense": "N/A",
        "Cost of sales": 51517,
        "Enterprise cost management": 317328,
        "Total Operating Expenses": 368845,
        "Total revenue financing activities": 424823,
        "Net profit from business activities": 218420,
        "Profit": 218420,
        "Profit before tax": 214315,
        "Present corporate income tax expenses": "N/A",
        "Deferred income taxes expenses": "N/A",
        "The interests of minority shareholders": "N/A",
        "Total Cost of profits": 0,
        "Profit after tax corporate income": 175649,
        "Volume": 511583084,
        "Close of Quarter": 9.2,
        "EPS": 587.2,
        "Non-adjusted EPS": 1590,
        "PE": 5.8,
        "Book Price": 5.8
      }
    },
    {
      "quarter": "Q2 2008",
      "income status": {
        "Net sales": 1822089,
        "Cost of goods sold": 1467557,
        "Gross Profit": "N/A",
        "Financial expenses": "N/A",
        "Of which: Interest expense": "N/A",
        "Cost of sales": 25640,
        "Enterprise cost management": 309683,
        "Total Operating Expenses": 335323,
        "Total revenue financing activities": 336576,
        "Net profit from business activities": "N/A",
        "Profit": "N/A",
        "Profit before tax": 324975,
        "Present corporate income tax expenses": "N/A",
        "Deferred income taxes expenses": "N/A",
        "The interests of minority shareholders": "N/A",
        "Total Cost of profits": 0,
        "Profit after tax corporate income": 280792,
        "Volume": 444881417,
        "Close of Quarter": 7.4,
        "EPS": 460.6,
        "Non-adjusted EPS": 1434,
        "PE": 5.1,
        "Book Price": 5.1
      }
    },
    {
      "quarter": "Q1 2008",
      "income status": {
        "Net sales": 1586218,
        "Cost of goods sold": 1120096,
        "Gross Profit": "N/A",
        "Financial expenses": "N/A",
        "Of which: Interest expense": "N/A",
        "Cost of sales": 27192,
        "Enterprise cost management": 292981,
        "Total Operating Expenses": 320173,
        "Total revenue financing activities": 293011,
        "Net profit from business activities": "N/A",
        "Profit": "N/A",
        "Profit before tax": 412350,
        "Present corporate income tax expenses": "N/A",
        "Deferred income taxes expenses": "N/A",
        "The interests of minority shareholders": "N/A",
        "Total Cost of profits": 0,
        "Profit after tax corporate income": 356985,
        "Volume": 444881417,
        "Close of Quarter": 12.5,
        "EPS": 257.6,
        "Non-adjusted EPS": 802,
        "PE": 15.6,
        "Book Price": 5.0
      }
    }
  ]
}