{
  "ticker": "PRUBF1",
  "data": [
    {
      "quarter": "Q2 2011",
      "income status": {
        "Net sales": 247619,
        "Cost of goods sold": 240096,
        "Gross Profit": 7523,
        "Financial expenses": 921,
        "Of which: Interest expense": 920,
        "Cost of sales": 1659,
        "Enterprise cost management": 7182,
        "Total Operating Expenses": 9762,
        "Total revenue financing activities": 2363,
        "Net profit from business activities": 124,
        "Profit": 4380,
        "Profit before tax": 4503,
        "Present corporate income tax expenses": 439,
        "Deferred income taxes expenses": 824,
        "The interests of minority shareholders": 128,
        "Total Cost of profits": 1391,
        "Profit after tax corporate income": 3937,
        "Volume": 50000000,
        "Close of Quarter": 4.6,
        "EPS": 315,
        "Non-adjusted EPS": 315,
        "PE": 14.6,
        "Book Price": "N/A"
      }
    },
    {
      "quarter": "Q1 2011",
      "income status": {
        "Net sales": 247619,
        "Cost of goods sold": 240096,
        "Gross Profit": 7523,
        "Financial expenses": 921,
        "Of which: Interest expense": 920,
        "Cost of sales": 1659,
        "Enterprise cost management": 7182,
        "Total Operating Expenses": 9762,
        "Total revenue financing activities": 2363,
        "Net profit from business activities": 124,
        "Profit": 4380,
        "Profit before tax": 4503,
        "Present corporate income tax expenses": 439,
        "Deferred income taxes expenses": 824,
        "The interests of minority shareholders": 128,
        "Total Cost of profits": 1391,
        "Profit after tax corporate income": 3937,
        "Volume": 50000000,
        "Close of Quarter": 5.6,
        "EPS": 315,
        "Non-adjusted EPS": 315,
        "PE": 17.8,
        "Book Price": "N/A"
      }
    },
    {
      "quarter": "Q3 2010",
      "income status": {
        "Net sales": 247619,
        "Cost of goods sold": 240096,
        "Gross Profit": 7523,
        "Financial expenses": 921,
        "Of which: Interest expense": 920,
        "Cost of sales": 1659,
        "Enterprise cost management": 7182,
        "Total Operating Expenses": 9762,
        "Total revenue financing activities": 2363,
        "Net profit from business activities": 124,
        "Profit": 4380,
        "Profit before tax": 4503,
        "Present corporate income tax expenses": 439,
        "Deferred income taxes expenses": 824,
        "The interests of minority shareholders": 128,
        "Total Cost of profits": 1391,
        "Profit after tax corporate income": 3937,
        "Volume": 50000000,
        "Close of Quarter": 4.9,
        "EPS": 315,
        "Non-adjusted EPS": 315,
        "PE": 15.6,
        "Book Price": "N/A"
      }
    },
    {
      "quarter": "Q2 2010",
      "income status": {
        "Net sales": 247619,
        "Cost of goods sold": 240096,
        "Gross Profit": 7523,
        "Financial expenses": 921,
        "Of which: Interest expense": 920,
        "Cost of sales": 1659,
        "Enterprise cost management": 7182,
        "Total Operating Expenses": 9762,
        "Total revenue financing activities": 2363,
        "Net profit from business activities": 124,
        "Profit": 4380,
        "Profit before tax": 4503,
        "Present corporate income tax expenses": 439,
        "Deferred income taxes expenses": 824,
        "The interests of minority shareholders": 128,
        "Total Cost of profits": 1391,
        "Profit after tax corporate income": 3937,
        "Volume": 50000000,
        "Close of Quarter": 5.1,
        "EPS": 315,
        "Non-adjusted EPS": 315,
        "PE": 16.2,
        "Book Price": "N/A"
      }
    },
    {
      "quarter": "Q1 2010",
      "income status": {
        "Net sales": 247619,
        "Cost of goods sold": 240096,
        "Gross Profit": 7523,
        "Financial expenses": 921,
        "Of which: Interest expense": 920,
        "Cost of sales": 1659,
        "Enterprise cost management": 7182,
        "Total Operating Expenses": 9762,
        "Total revenue financing activities": 2363,
        "Net profit from business activities": 124,
        "Profit": 4380,
        "Profit before tax": 4503,
        "Present corporate income tax expenses": 439,
        "Deferred income taxes expenses": 824,
        "The interests of minority shareholders": 128,
        "Total Cost of profits": 1391,
        "Profit after tax corporate income": 3937,
        "Volume": 50000000,
        "Close of Quarter": 5.6,
        "EPS": 315,
        "Non-adjusted EPS": 315,
        "PE": 17.8,
        "Book Price": "N/A"
      }
    },
    {
      "quarter": "Q4 2009",
      "income status": {
        "Net sales": 247619,
        "Cost of goods sold": 240096,
        "Gross Profit": 7523,
        "Financial expenses": 921,
        "Of which: Interest expense": 920,
        "Cost of sales": 1659,
        "Enterprise cost management": 7182,
        "Total Operating Expenses": 9762,
        "Total revenue financing activities": 2363,
        "Net profit from business activities": 124,
        "Profit": 4380,
        "Profit before tax": 4503,
        "Present corporate income tax expenses": 439,
        "Deferred income taxes expenses": 824,
        "The interests of minority shareholders": 128,
        "Total Cost of profits": 1391,
        "Profit after tax corporate income": 3937,
        "Volume": 50000000,
        "Close of Quarter": 5.9,
        "EPS": 315,
        "Non-adjusted EPS": 315,
        "PE": 18.7,
        "Book Price": "N/A"
      }
    },
    {
      "quarter": "Q3 2009",
      "income status": {
        "Net sales": 247619,
        "Cost of goods sold": 240096,
        "Gross Profit": 7523,
        "Financial expenses": 921,
        "Of which: Interest expense": 920,
        "Cost of sales": 1659,
        "Enterprise cost management": 7182,
        "Total Operating Expenses": 9762,
        "Total revenue financing activities": 2363,
        "Net profit from business activities": 124,
        "Profit": 4380,
        "Profit before tax": 4503,
        "Present corporate income tax expenses": 439,
        "Deferred income taxes expenses": 824,
        "The interests of minority shareholders": 128,
        "Total Cost of profits": 1391,
        "Profit after tax corporate income": 3937,
        "Volume": 50000000,
        "Close of Quarter": 5.3,
        "EPS": 315,
        "Non-adjusted EPS": 315,
        "PE": 16.8,
        "Book Price": "N/A"
      }
    },
    {
      "quarter": "Q2 2009",
      "income status": {
        "Net sales": 247619,
        "Cost of goods sold": 240096,
        "Gross Profit": 7523,
        "Financial expenses": 921,
        "Of which: Interest expense": 920,
        "Cost of sales": 1659,
        "Enterprise cost management": 7182,
        "Total Operating Expenses": 9762,
        "Total revenue financing activities": 2363,
        "Net profit from business activities": 124,
        "Profit": 4380,
        "Profit before tax": 4503,
        "Present corporate income tax expenses": 439,
        "Deferred income taxes expenses": 824,
        "The interests of minority shareholders": 128,
        "Total Cost of profits": 1391,
        "Profit after tax corporate income": 3937,
        "Volume": 50000000,
        "Close of Quarter": 5,
        "EPS": 315,
        "Non-adjusted EPS": 315,
        "PE": 15.9,
        "Book Price": "N/A"
      }
    },
    {
      "quarter": "Q1 2009",
      "income status": {
        "Net sales": 247619,
        "Cost of goods sold": 240096,
        "Gross Profit": 7523,
        "Financial expenses": 921,
        "Of which: Interest expense": 920,
        "Cost of sales": 1659,
        "Enterprise cost management": 7182,
        "Total Operating Expenses": 9762,
        "Total revenue financing activities": 2363,
        "Net profit from business activities": 124,
        "Profit": 4380,
        "Profit before tax": 4503,
        "Present corporate income tax expenses": 439,
        "Deferred income taxes expenses": 824,
        "The interests of minority shareholders": 128,
        "Total Cost of profits": 1391,
        "Profit after tax corporate income": 3937,
        "Volume": 50000000,
        "Close of Quarter": 4.2,
        "EPS": 315,
        "Non-adjusted EPS": 315,
        "PE": 13.3,
        "Book Price": "N/A"
      }
    },
    {
      "quarter": "Q4 2007",
      "income status": {
        "Net sales": 247619,
        "Cost of goods sold": 240096,
        "Gross Profit": 7523,
        "Financial expenses": 921,
        "Of which: Interest expense": 920,
        "Cost of sales": 1659,
        "Enterprise cost management": 7182,
        "Total Operating Expenses": 9762,
        "Total revenue financing activities": 2363,
        "Net profit from business activities": 124,
        "Profit": 4380,
        "Profit before tax": 4503,
        "Present corporate income tax expenses": 439,
        "Deferred income taxes expenses": 824,
        "The interests of minority shareholders": 128,
        "Total Cost of profits": 1391,
        "Profit after tax corporate income": 3937,
        "Volume": 50000000,
        "Close of Quarter": 9.0,
        "EPS": 315,
        "Non-adjusted EPS": 315,
        "PE": 28.6,
        "Book Price": "N/A"
      }
    },
    {
      "quarter": "Q3 2007",
      "income status": {
        "Net sales": 247619,
        "Cost of goods sold": 240096,
        "Gross Profit": 7523,
        "Financial expenses": 921,
        "Of which: Interest expense": 920,
        "Cost of sales": 1659,
        "Enterprise cost management": 7182,
        "Total Operating Expenses": 9762,
        "Total revenue financing activities": 2363,
        "Net profit from business activities": 124,
        "Profit": 4380,
        "Profit before tax": 4503,
        "Present corporate income tax expenses": 439,
        "Deferred income taxes expenses": 824,
        "The interests of minority shareholders": 128,
        "Total Cost of profits": 1391,
        "Profit after tax corporate income": 3937,
        "Volume": 50000000,
        "Close of Quarter": 10.3,
        "EPS": 315,
        "Non-adjusted EPS": 315,
        "PE": 32.7,
        "Book Price": "N/A"
      }
    },
    {
      "quarter": "Q2 2007",
      "income status": {
        "Net sales": 247619,
        "Cost of goods sold": 240096,
        "Gross Profit": 7523,
        "Financial expenses": 921,
        "Of which: Interest expense": 920,
        "Cost of sales": 1659,
        "Enterprise cost management": 7182,
        "Total Operating Expenses": 9762,
        "Total revenue financing activities": 2363,
        "Net profit from business activities": 124,
        "Profit": 4380,
        "Profit before tax": 4503,
        "Present corporate income tax expenses": 439,
        "Deferred income taxes expenses": 824,
        "The interests of minority shareholders": 128,
        "Total Cost of profits": 1391,
        "Profit after tax corporate income": 3937,
        "Volume": 50000000,
        "Close of Quarter": 10.7,
        "EPS": 315,
        "Non-adjusted EPS": 315,
        "PE": 33.8,
        "Book Price": "N/A"
      }
    },
    {
      "quarter": "Q4 2006",
      "income status": {
        "Net sales": 247619,
        "Cost of goods sold": 240096,
        "Gross Profit": 7523,
        "Financial expenses": 921,
        "Of which: Interest expense": 920,
        "Cost of sales": 1659,
        "Enterprise cost management": 7182,
        "Total Operating Expenses": 9762,
        "Total revenue financing activities": 2363,
        "Net profit from business activities": 124,
        "Profit": 4380,
        "Profit before tax": 4503,
        "Present corporate income tax expenses": 439,
        "Deferred income taxes expenses": 824,
        "The interests of minority shareholders": 128,
        "Total Cost of profits": 1391,
        "Profit after tax corporate income": 3937,
        "Volume": 50000000,
        "Close of Quarter": 11.3,
        "EPS": 236,
        "Non-adjusted EPS": 236,
        "PE": 48.0,
        "Book Price": "N/A"
      }
    },
    {
      "quarter": "Q3 2006",
      "income status": {
        "Net sales": 247619,
        "Cost of goods sold": 240096,
        "Gross Profit": 7523,
        "Financial expenses": 921,
        "Of which: Interest expense": 920,
        "Cost of sales": 1659,
        "Enterprise cost management": 7182,
        "Total Operating Expenses": 9762,
        "Total revenue financing activities": 2363,
        "Net profit from business activities": 124,
        "Profit": 4380,
        "Profit before tax": 4503,
        "Present corporate income tax expenses": 439,
        "Deferred income taxes expenses": 824,
        "The interests of minority shareholders": 128,
        "Total Cost of profits": 1391,
        "Profit after tax corporate income": 3937,
        "Volume": 50000000,
        "Close of Quarter": "N/A",
        "EPS": 157,
        "Non-adjusted EPS": 157,
        "PE": "N/A",
        "Book Price": "N/A"
      }
    },
    {
      "quarter": "Q2 2006",
      "income status": {
        "Net sales": 247619,
        "Cost of goods sold": 240096,
        "Gross Profit": 7523,
        "Financial expenses": 921,
        "Of which: Interest expense": 920,
        "Cost of sales": 1659,
        "Enterprise cost management": 7182,
        "Total Operating Expenses": 9762,
        "Total revenue financing activities": 2363,
        "Net profit from business activities": 124,
        "Profit": 4380,
        "Profit before tax": 4503,
        "Present corporate income tax expenses": 439,
        "Deferred income taxes expenses": 824,
        "The interests of minority shareholders": 128,
        "Total Cost of profits": 1391,
        "Profit after tax corporate income": 3937,
        "Volume": 50000000,
        "Close of Quarter": "N/A",
        "EPS": 79,
        "Non-adjusted EPS": 79,
        "PE": "N/A",
        "Book Price": "N/A"
      }
    }
  ]
}