{
  "ticker": "PVI",
  "data": [
    {
      "quarter": "Q1 2017",
      "income status": {
        "Net sales": 1158094,
        "Cost of goods sold": 986701,
        "Gross Profit": 171393,
        "Financial expenses": 53609,
        "Of which: Interest expense": 1054,
        "Cost of sales": "N/A",
        "Enterprise cost management": 116549,
        "Total Operating Expenses": 170158,
        "Total revenue financing activities": 131280,
        "Net profit from business activities": 132515,
        "Profit": 2230,
        "Profit before tax": 134745,
        "Present corporate income tax expenses": 25436,
        "Deferred income taxes expenses": "N/A",
        "The interests of minority shareholders": 8015,
        "Total Cost of profits": 33451,
        "Profit after tax corporate income": 101294,
        "Volume": 225414167,
        "Close of Quarter": 32,
        "EPS": 2461,
        "Non-adjusted EPS": 2461,
        "PE": 13,
        "Book Price": 30.7
      }
    },
    {
      "quarter": "Q4 2016",
      "income status": {
        "Net sales": 1160712,
        "Cost of goods sold": 1139154,
        "Gross Profit": 21558,
        "Financial expenses": 195721,
        "Of which: Interest expense": 350,
        "Cost of sales": "N/A",
        "Enterprise cost management": 129563,
        "Total Operating Expenses": 325284,
        "Total revenue financing activities": 670334,
        "Net profit from business activities": 375478,
        "Profit": -1862,
        "Profit before tax": 373616,
        "Present corporate income tax expenses": 79999,
        "Deferred income taxes expenses": -18835,
        "The interests of minority shareholders": 5973,
        "Total Cost of profits": 67137,
        "Profit after tax corporate income": 306480,
        "Volume": 225414167,
        "Close of Quarter": 25,
        "EPS": 2395,
        "Non-adjusted EPS": 2395,
        "PE": 10.4,
        "Book Price": 30.3
      }
    },
    {
      "quarter": "Q3 2016",
      "income status": {
        "Net sales": 1200578,
        "Cost of goods sold": 1054909,
        "Gross Profit": 145669,
        "Financial expenses": 27668,
        "Of which: Interest expense": 2015,
        "Cost of sales": "N/A",
        "Enterprise cost management": 125326,
        "Total Operating Expenses": 152994,
        "Total revenue financing activities": 161171,
        "Net profit from business activities": 145968,
        "Profit": 1037,
        "Profit before tax": 147005,
        "Present corporate income tax expenses": 25451,
        "Deferred income taxes expenses": "N/A",
        "The interests of minority shareholders": 9148,
        "Total Cost of profits": 34599,
        "Profit after tax corporate income": 112406,
        "Volume": 225414167,
        "Close of Quarter": 25.5,
        "EPS": 2571,
        "Non-adjusted EPS": 2571,
        "PE": 9.9,
        "Book Price": 28.9
      }
    },
    {
      "quarter": "Q2 2016",
      "income status": {
        "Net sales": 1214571,
        "Cost of goods sold": 1011218,
        "Gross Profit": 203352,
        "Financial expenses": 154769,
        "Of which: Interest expense": 3461,
        "Cost of sales": "N/A",
        "Enterprise cost management": 105680,
        "Total Operating Expenses": 260449,
        "Total revenue financing activities": 130916,
        "Net profit from business activities": 73503,
        "Profit": -356,
        "Profit before tax": 73147,
        "Present corporate income tax expenses": 27789,
        "Deferred income taxes expenses": "N/A",
        "The interests of minority shareholders": 10838,
        "Total Cost of profits": 38627,
        "Profit after tax corporate income": 34520,
        "Volume": 225414167,
        "Close of Quarter": 23.3,
        "EPS": 2483,
        "Non-adjusted EPS": 2483,
        "PE": 9.4,
        "Book Price": 30.3
      }
    },
    {
      "quarter": "Q1 2016",
      "income status": {
        "Net sales": 1210195,
        "Cost of goods sold": 1024331,
        "Gross Profit": 185865,
        "Financial expenses": 50258,
        "Of which: Interest expense": 5652,
        "Cost of sales": "N/A",
        "Enterprise cost management": 136455,
        "Total Operating Expenses": 186713,
        "Total revenue financing activities": 121792,
        "Net profit from business activities": 120266,
        "Profit": 284,
        "Profit before tax": 120550,
        "Present corporate income tax expenses": 26168,
        "Deferred income taxes expenses": "N/A",
        "The interests of minority shareholders": 8026,
        "Total Cost of profits": 34194,
        "Profit after tax corporate income": 86356,
        "Volume": 225414167,
        "Close of Quarter": 23.0,
        "EPS": 2880,
        "Non-adjusted EPS": 2880,
        "PE": 8.0,
        "Book Price": 30.1
      }
    },
    {
      "quarter": "Q4 2015",
      "income status": {
        "Net sales": 1277064,
        "Cost of goods sold": 1196266,
        "Gross Profit": 80798,
        "Financial expenses": 194438,
        "Of which: Interest expense": 6600,
        "Cost of sales": 26479,
        "Enterprise cost management": 197458,
        "Total Operating Expenses": 418375,
        "Total revenue financing activities": 687492,
        "Net profit from business activities": 350014,
        "Profit": -1503,
        "Profit before tax": 348511,
        "Present corporate income tax expenses": 37823,
        "Deferred income taxes expenses": "N/A",
        "The interests of minority shareholders": -35547,
        "Total Cost of profits": 2276,
        "Profit after tax corporate income": 346236,
        "Volume": 225414167,
        "Close of Quarter": 23.7,
        "EPS": 2834,
        "Non-adjusted EPS": 2834,
        "PE": 8.4,
        "Book Price": 29.9
      }
    },
    {
      "quarter": "Q3 2015",
      "income status": {
        "Net sales": 1167455,
        "Cost of goods sold": 972070,
        "Gross Profit": 195386,
        "Financial expenses": 58641,
        "Of which: Interest expense": 8000,
        "Cost of sales": 18168,
        "Enterprise cost management": 163385,
        "Total Operating Expenses": 240194,
        "Total revenue financing activities": 176226,
        "Net profit from business activities": 131433,
        "Profit": 299,
        "Profit before tax": 131732,
        "Present corporate income tax expenses": 26157,
        "Deferred income taxes expenses": "N/A",
        "The interests of minority shareholders": 12951,
        "Total Cost of profits": 39108,
        "Profit after tax corporate income": 92623,
        "Volume": 225414167,
        "Close of Quarter": 17.6,
        "EPS": 1679,
        "Non-adjusted EPS": 1679,
        "PE": 10.5,
        "Book Price": 30.7
      }
    },
    {
      "quarter": "Q2 2015",
      "income status": {
        "Net sales": 1071085,
        "Cost of goods sold": 876443,
        "Gross Profit": 194641,
        "Financial expenses": 64998,
        "Of which: Interest expense": 9375,
        "Cost of sales": 15019,
        "Enterprise cost management": 155678,
        "Total Operating Expenses": 235695,
        "Total revenue financing activities": 164764,
        "Net profit from business activities": 124048,
        "Profit": "N/A",
        "Profit before tax": 124048,
        "Present corporate income tax expenses": "N/A",
        "Deferred income taxes expenses": "N/A",
        "The interests of minority shareholders": "N/A",
        "Total Cost of profits": 0,
        "Profit after tax corporate income": 124048,
        "Volume": 225414167,
        "Close of Quarter": 14.6,
        "EPS": 1590,
        "Non-adjusted EPS": 1590,
        "PE": 9.2,
        "Book Price": 31.2
      }
    },
    {
      "quarter": "Q1 2015",
      "income status": {
        "Net sales": 1133784,
        "Cost of goods sold": 979644,
        "Gross Profit": 154140,
        "Financial expenses": 43606,
        "Of which: Interest expense": 10600,
        "Cost of sales": 10167,
        "Enterprise cost management": 148889,
        "Total Operating Expenses": 202662,
        "Total revenue financing activities": 152504,
        "Net profit from business activities": 103682,
        "Profit": 367,
        "Profit before tax": 104049,
        "Present corporate income tax expenses": 34316,
        "Deferred income taxes expenses": "N/A",
        "The interests of minority shareholders": -6250,
        "Total Cost of profits": 28066,
        "Profit after tax corporate income": 75982,
        "Volume": 225414167,
        "Close of Quarter": 16.0,
        "EPS": 1349,
        "Non-adjusted EPS": 1349,
        "PE": 11.8,
        "Book Price": 31.1
      }
    },
    {
      "quarter": "Q4 2014",
      "income status": {
        "Net sales": 939346,
        "Cost of goods sold": 774562,
        "Gross Profit": 164784,
        "Financial expenses": 44901,
        "Of which: Interest expense": 8767,
        "Cost of sales": 22849,
        "Enterprise cost management": 150992,
        "Total Operating Expenses": 218742,
        "Total revenue financing activities": 168622,
        "Net profit from business activities": 107143,
        "Profit": 4055,
        "Profit before tax": 111197,
        "Present corporate income tax expenses": 35435,
        "Deferred income taxes expenses": "N/A",
        "The interests of minority shareholders": -10132,
        "Total Cost of profits": 25303,
        "Profit after tax corporate income": 85894,
        "Volume": 225414167,
        "Close of Quarter": 15.8,
        "EPS": 1237,
        "Non-adjusted EPS": 1237,
        "PE": 12.8,
        "Book Price": 30.6
      }
    },
    {
      "quarter": "Q3 2014",
      "income status": {
        "Net sales": 832141,
        "Cost of goods sold": 697588,
        "Gross Profit": 134553,
        "Financial expenses": 45483,
        "Of which: Interest expense": 9491,
        "Cost of sales": 8814,
        "Enterprise cost management": 154182,
        "Total Operating Expenses": 208479,
        "Total revenue financing activities": 169741,
        "Net profit from business activities": 95780,
        "Profit": 1930,
        "Profit before tax": 97710,
        "Present corporate income tax expenses": 33594,
        "Deferred income taxes expenses": "N/A",
        "The interests of minority shareholders": -8364,
        "Total Cost of profits": 25230,
        "Profit after tax corporate income": 72479,
        "Volume": 225414167,
        "Close of Quarter": 16.3,
        "EPS": 1393,
        "Non-adjusted EPS": 1393,
        "PE": 11.7,
        "Book Price": 30.3
      }
    },
    {
      "quarter": "Q2 2014",
      "income status": {
        "Net sales": 766643,
        "Cost of goods sold": 657586,
        "Gross Profit": 109057,
        "Financial expenses": 40000,
        "Of which: Interest expense": 10345,
        "Cost of sales": 11424,
        "Enterprise cost management": 160283,
        "Total Operating Expenses": 211707,
        "Total revenue financing activities": 183653,
        "Net profit from business activities": 80627,
        "Profit": 432,
        "Profit before tax": 81059,
        "Present corporate income tax expenses": 20967,
        "Deferred income taxes expenses": "N/A",
        "The interests of minority shareholders": -9744,
        "Total Cost of profits": 11223,
        "Profit after tax corporate income": 69837,
        "Volume": 225414167,
        "Close of Quarter": 17.6,
        "EPS": 1290,
        "Non-adjusted EPS": 1290,
        "PE": 13.7,
        "Book Price": 30.1
      }
    },
    {
      "quarter": "Q1 2014",
      "income status": {
        "Net sales": 728261,
        "Cost of goods sold": 616477,
        "Gross Profit": 111784,
        "Financial expenses": 52690,
        "Of which: Interest expense": 13328,
        "Cost of sales": 9440,
        "Enterprise cost management": 153957,
        "Total Operating Expenses": 216087,
        "Total revenue financing activities": 177673,
        "Net profit from business activities": 72927,
        "Profit": -1748,
        "Profit before tax": 71179,
        "Present corporate income tax expenses": 25440,
        "Deferred income taxes expenses": "N/A",
        "The interests of minority shareholders": -4802,
        "Total Cost of profits": 20638,
        "Profit after tax corporate income": 50541,
        "Volume": 225414167,
        "Close of Quarter": 17.7,
        "EPS": 1245,
        "Non-adjusted EPS": 1245,
        "PE": 14.2,
        "Book Price": 30.9
      }
    },
    {
      "quarter": "Q4 2013",
      "income status": {
        "Net sales": 813767,
        "Cost of goods sold": 305225,
        "Gross Profit": 508542,
        "Financial expenses": 27754,
        "Of which: Interest expense": "N/A",
        "Cost of sales": 265709,
        "Enterprise cost management": 162194,
        "Total Operating Expenses": 455657,
        "Total revenue financing activities": 209800,
        "Net profit from business activities": 262685,
        "Profit": -804,
        "Profit before tax": 231133,
        "Present corporate income tax expenses": 83821,
        "Deferred income taxes expenses": "N/A",
        "The interests of minority shareholders": 26095,
        "Total Cost of profits": 109916,
        "Profit after tax corporate income": 121217,
        "Volume": 225414167,
        "Close of Quarter": 15.2,
        "EPS": 1466,
        "Non-adjusted EPS": 1466,
        "PE": 10.4,
        "Book Price": 27.4
      }
    },
    {
      "quarter": "Q3 2013",
      "income status": {
        "Net sales": 696073,
        "Cost of goods sold": 331633,
        "Gross Profit": 364441,
        "Financial expenses": 58228,
        "Of which: Interest expense": "N/A",
        "Cost of sales": 251543,
        "Enterprise cost management": 132233,
        "Total Operating Expenses": 442004,
        "Total revenue financing activities": 172705,
        "Net profit from business activities": 95142,
        "Profit": -14,
        "Profit before tax": 80158,
        "Present corporate income tax expenses": 31887,
        "Deferred income taxes expenses": "N/A",
        "The interests of minority shareholders": -929,
        "Total Cost of profits": 30958,
        "Profit after tax corporate income": 49200,
        "Volume": 226969567,
        "Close of Quarter": 12.6,
        "EPS": 1244.5,
        "Non-adjusted EPS": 1236,
        "PE": 10.2,
        "Book Price": 27.0
      }
    },
    {
      "quarter": "Q2 2013",
      "income status": {
        "Net sales": -137610,
        "Cost of goods sold": -523513,
        "Gross Profit": 385903,
        "Financial expenses": 93744,
        "Of which: Interest expense": "N/A",
        "Cost of sales": 229951,
        "Enterprise cost management": 137208,
        "Total Operating Expenses": 460903,
        "Total revenue financing activities": 174760,
        "Net profit from business activities": 99760,
        "Profit": -65,
        "Profit before tax": 94580,
        "Present corporate income tax expenses": 34715,
        "Deferred income taxes expenses": "N/A",
        "The interests of minority shareholders": 130,
        "Total Cost of profits": 34845,
        "Profit after tax corporate income": 59736,
        "Volume": 226969567,
        "Close of Quarter": 12.7,
        "EPS": 1393.6,
        "Non-adjusted EPS": 1384,
        "PE": 9.1,
        "Book Price": 26.8
      }
    },
    {
      "quarter": "Q1 2013",
      "income status": {
        "Net sales": 1391398,
        "Cost of goods sold": 1072892,
        "Gross Profit": 318506,
        "Financial expenses": 59984,
        "Of which: Interest expense": "N/A",
        "Cost of sales": 199397,
        "Enterprise cost management": 101615,
        "Total Operating Expenses": 360996,
        "Total revenue financing activities": 177177,
        "Net profit from business activities": 134686,
        "Profit": 163,
        "Profit before tax": 132027,
        "Present corporate income tax expenses": 32037,
        "Deferred income taxes expenses": "N/A",
        "The interests of minority shareholders": -344,
        "Total Cost of profits": 31693,
        "Profit after tax corporate income": 100334,
        "Volume": 226969567,
        "Close of Quarter": 12.2,
        "EPS": 1512.4,
        "Non-adjusted EPS": 1502,
        "PE": 8.1,
        "Book Price": 27.4
      }
    },
    {
      "quarter": "Q4 2012",
      "income status": {
        "Net sales": 1204102,
        "Cost of goods sold": 858799,
        "Gross Profit": 345303,
        "Financial expenses": 42848,
        "Of which: Interest expense": "N/A",
        "Cost of sales": 200489,
        "Enterprise cost management": 146315,
        "Total Operating Expenses": 389652,
        "Total revenue financing activities": 159219,
        "Net profit from business activities": 114870,
        "Profit": 417,
        "Profit before tax": 119754,
        "Present corporate income tax expenses": 48438,
        "Deferred income taxes expenses": "N/A",
        "The interests of minority shareholders": "N/A",
        "Total Cost of profits": 48438,
        "Profit after tax corporate income": 71316,
        "Volume": 226969567,
        "Close of Quarter": 12.1,
        "EPS": 1725.8,
        "Non-adjusted EPS": 1714,
        "PE": 7.1,
        "Book Price": "N/A"
      }
    },
    {
      "quarter": "Q3 2012",
      "income status": {
        "Net sales": 1260503,
        "Cost of goods sold": 986160,
        "Gross Profit": 274342,
        "Financial expenses": 92861,
        "Of which: Interest expense": "N/A",
        "Cost of sales": 189237,
        "Enterprise cost management": 89517,
        "Total Operating Expenses": 371615,
        "Total revenue financing activities": 213464,
        "Net profit from business activities": 116192,
        "Profit": 59,
        "Profit before tax": 112531,
        "Present corporate income tax expenses": 29856,
        "Deferred income taxes expenses": "N/A",
        "The interests of minority shareholders": "N/A",
        "Total Cost of profits": 29856,
        "Profit after tax corporate income": 82675,
        "Volume": 226969567,
        "Close of Quarter": 12.6,
        "EPS": 1778.2,
        "Non-adjusted EPS": 1766,
        "PE": 7.1,
        "Book Price": 26.7
      }
    },
    {
      "quarter": "Q2 2012",
      "income status": {
        "Net sales": 1461467,
        "Cost of goods sold": 1205858,
        "Gross Profit": 255609,
        "Financial expenses": 58737,
        "Of which: Interest expense": "N/A",
        "Cost of sales": 196745,
        "Enterprise cost management": 103464,
        "Total Operating Expenses": 358946,
        "Total revenue financing activities": 223118,
        "Net profit from business activities": 119781,
        "Profit": 77,
        "Profit before tax": 116532,
        "Present corporate income tax expenses": 29928,
        "Deferred income taxes expenses": "N/A",
        "The interests of minority shareholders": "N/A",
        "Total Cost of profits": 29928,
        "Profit after tax corporate income": 86603,
        "Volume": 205674852,
        "Close of Quarter": 13.7,
        "EPS": 1783.8,
        "Non-adjusted EPS": 1955,
        "PE": 7,
        "Book Price": 23.8
      }
    },
    {
      "quarter": "Q1 2012",
      "income status": {
        "Net sales": 1480620,
        "Cost of goods sold": 1143488,
        "Gross Profit": 337131,
        "Financial expenses": 21688,
        "Of which: Interest expense": "N/A",
        "Cost of sales": 205963,
        "Enterprise cost management": 94070,
        "Total Operating Expenses": 321721,
        "Total revenue financing activities": 193544,
        "Net profit from business activities": 208955,
        "Profit": 179,
        "Profit before tax": 200646,
        "Present corporate income tax expenses": 52191,
        "Deferred income taxes expenses": "N/A",
        "The interests of minority shareholders": "N/A",
        "Total Cost of profits": 52191,
        "Profit after tax corporate income": 148455,
        "Volume": 205674852,
        "Close of Quarter": 13.4,
        "EPS": 1750.0,
        "Non-adjusted EPS": 1918,
        "PE": 7.0,
        "Book Price": 24.8
      }
    },
    {
      "quarter": "Q2 2011",
      "income status": {
        "Net sales": 589306,
        "Cost of goods sold": 251242,
        "Gross Profit": 338064,
        "Financial expenses": "N/A",
        "Of which: Interest expense": "N/A",
        "Cost of sales": 200988,
        "Enterprise cost management": 73911,
        "Total Operating Expenses": 274899,
        "Total revenue financing activities": "N/A",
        "Net profit from business activities": 63165,
        "Profit": 46113,
        "Profit before tax": 109278,
        "Present corporate income tax expenses": "N/A",
        "Deferred income taxes expenses": "N/A",
        "The interests of minority shareholders": "N/A",
        "Total Cost of profits": 0,
        "Profit after tax corporate income": 83109,
        "Volume": 158101864,
        "Close of Quarter": 10.2,
        "EPS": 1297.6,
        "Non-adjusted EPS": 1850,
        "PE": 5.5,
        "Book Price": 16.7
      }
    },
    {
      "quarter": "Q1 2011",
      "income status": {
        "Net sales": 582445,
        "Cost of goods sold": 250325,
        "Gross Profit": 332119,
        "Financial expenses": "N/A",
        "Of which: Interest expense": "N/A",
        "Cost of sales": 193959,
        "Enterprise cost management": 48556,
        "Total Operating Expenses": 242515,
        "Total revenue financing activities": "N/A",
        "Net profit from business activities": 89603,
        "Profit": 21314,
        "Profit before tax": 110917,
        "Present corporate income tax expenses": "N/A",
        "Deferred income taxes expenses": "N/A",
        "The interests of minority shareholders": "N/A",
        "Total Cost of profits": 0,
        "Profit after tax corporate income": 84017,
        "Volume": 158709664,
        "Close of Quarter": 11.6,
        "EPS": 1306.8,
        "Non-adjusted EPS": 1856,
        "PE": 6.2,
        "Book Price": 16.4
      }
    },
    {
      "quarter": "Q4 2010",
      "income status": {
        "Net sales": 360495,
        "Cost of goods sold": 193684,
        "Gross Profit": 166810,
        "Financial expenses": "N/A",
        "Of which: Interest expense": "N/A",
        "Cost of sales": 147241,
        "Enterprise cost management": 36466,
        "Total Operating Expenses": 183707,
        "Total revenue financing activities": "N/A",
        "Net profit from business activities": -16897,
        "Profit": 106413,
        "Profit before tax": 84353,
        "Present corporate income tax expenses": "N/A",
        "Deferred income taxes expenses": "N/A",
        "The interests of minority shareholders": "N/A",
        "Total Cost of profits": 0,
        "Profit after tax corporate income": 78972,
        "Volume": 159710364,
        "Close of Quarter": 12.1,
        "EPS": 1315.0,
        "Non-adjusted EPS": 1856,
        "PE": 6.5,
        "Book Price": 16.0
      }
    },
    {
      "quarter": "Q3 2010",
      "income status": {
        "Net sales": 436890,
        "Cost of goods sold": 240881,
        "Gross Profit": 196010,
        "Financial expenses": "N/A",
        "Of which: Interest expense": "N/A",
        "Cost of sales": 197512,
        "Enterprise cost management": 56056,
        "Total Operating Expenses": 253568,
        "Total revenue financing activities": "N/A",
        "Net profit from business activities": -57559,
        "Profit": 109425,
        "Profit before tax": 51867,
        "Present corporate income tax expenses": "N/A",
        "Deferred income taxes expenses": "N/A",
        "The interests of minority shareholders": "N/A",
        "Total Cost of profits": 0,
        "Profit after tax corporate income": 46384,
        "Volume": 159710364,
        "Close of Quarter": 13.0,
        "EPS": 1180.4,
        "Non-adjusted EPS": 1666,
        "PE": 7.8,
        "Book Price": 15.7
      }
    },
    {
      "quarter": "Q2 2010",
      "income status": {
        "Net sales": 437317,
        "Cost of goods sold": 219912,
        "Gross Profit": 217404,
        "Financial expenses": "N/A",
        "Of which: Interest expense": "N/A",
        "Cost of sales": 142888,
        "Enterprise cost management": 45225,
        "Total Operating Expenses": 188113,
        "Total revenue financing activities": "N/A",
        "Net profit from business activities": 29291,
        "Profit": 67332,
        "Profit before tax": 96623,
        "Present corporate income tax expenses": "N/A",
        "Deferred income taxes expenses": "N/A",
        "The interests of minority shareholders": "N/A",
        "Total Cost of profits": 0,
        "Profit after tax corporate income": 85236,
        "Volume": 103550000,
        "Close of Quarter": 18.9,
        "EPS": 1122.7,
        "Non-adjusted EPS": 2444,
        "PE": 7.8,
        "Book Price": 15.7
      }
    },
    {
      "quarter": "Q1 2010",
      "income status": {
        "Net sales": 433529,
        "Cost of goods sold": 190864,
        "Gross Profit": 242665,
        "Financial expenses": "N/A",
        "Of which: Interest expense": "N/A",
        "Cost of sales": 121911,
        "Enterprise cost management": 38147,
        "Total Operating Expenses": 160058,
        "Total revenue financing activities": "N/A",
        "Net profit from business activities": 82608,
        "Profit": 15406,
        "Profit before tax": 98014,
        "Present corporate income tax expenses": "N/A",
        "Deferred income taxes expenses": "N/A",
        "The interests of minority shareholders": "N/A",
        "Total Cost of profits": 0,
        "Profit after tax corporate income": 85861,
        "Volume": 103550000,
        "Close of Quarter": 14.4,
        "EPS": 1260.5,
        "Non-adjusted EPS": 2744,
        "PE": 5.3,
        "Book Price": 11.1
      }
    },
    {
      "quarter": "Q4 2009",
      "income status": {
        "Net sales": "N/A",
        "Cost of goods sold": "N/A",
        "Gross Profit": "N/A",
        "Financial expenses": "N/A",
        "Of which: Interest expense": "N/A",
        "Cost of sales": "N/A",
        "Enterprise cost management": "N/A",
        "Total Operating Expenses": 0,
        "Total revenue financing activities": "N/A",
        "Net profit from business activities": "N/A",
        "Profit": "N/A",
        "Profit before tax": 48498,
        "Present corporate income tax expenses": "N/A",
        "Deferred income taxes expenses": "N/A",
        "The interests of minority shareholders": "N/A",
        "Total Cost of profits": 0,
        "Profit after tax corporate income": 48534,
        "Volume": 103550000,
        "Close of Quarter": 14,
        "EPS": 1185.7,
        "Non-adjusted EPS": 2581,
        "PE": 5.4,
        "Book Price": 10.8
      }
    },
    {
      "quarter": "Q3 2009",
      "income status": {
        "Net sales": 303822,
        "Cost of goods sold": 33393,
        "Gross Profit": 303822,
        "Financial expenses": "N/A",
        "Of which: Interest expense": "N/A",
        "Cost of sales": 114761,
        "Enterprise cost management": 31268,
        "Total Operating Expenses": 146029,
        "Total revenue financing activities": "N/A",
        "Net profit from business activities": -1245,
        "Profit": 123,
        "Profit before tax": 38772,
        "Present corporate income tax expenses": "N/A",
        "Deferred income taxes expenses": "N/A",
        "The interests of minority shareholders": "N/A",
        "Total Cost of profits": 0,
        "Profit after tax corporate income": 33483,
        "Volume": 103550000,
        "Close of Quarter": 16.1,
        "EPS": 970.2,
        "Non-adjusted EPS": 2112,
        "PE": 7.6,
        "Book Price": 10.6
      }
    },
    {
      "quarter": "Q2 2009",
      "income status": {
        "Net sales": 212678,
        "Cost of goods sold": 325399,
        "Gross Profit": 291585,
        "Financial expenses": "N/A",
        "Of which: Interest expense": "N/A",
        "Cost of sales": 185583,
        "Enterprise cost management": 79262,
        "Total Operating Expenses": 264845,
        "Total revenue financing activities": "N/A",
        "Net profit from business activities": 26740,
        "Profit": 497,
        "Profit before tax": 132816,
        "Present corporate income tax expenses": "N/A",
        "Deferred income taxes expenses": "N/A",
        "The interests of minority shareholders": "N/A",
        "Total Cost of profits": 0,
        "Profit after tax corporate income": 116310,
        "Volume": 103550000,
        "Close of Quarter": 15.6,
        "EPS": 821.8,
        "Non-adjusted EPS": 1789,
        "PE": 8.7,
        "Book Price": 10.5
      }
    },
    {
      "quarter": "Q1 2009",
      "income status": {
        "Net sales": 404306,
        "Cost of goods sold": 28406,
        "Gross Profit": 404306,
        "Financial expenses": "N/A",
        "Of which: Interest expense": "N/A",
        "Cost of sales": 81726,
        "Enterprise cost management": 37698,
        "Total Operating Expenses": 119424,
        "Total revenue financing activities": "N/A",
        "Net profit from business activities": 79066,
        "Profit": 172,
        "Profit before tax": 78597,
        "Present corporate income tax expenses": "N/A",
        "Deferred income taxes expenses": "N/A",
        "The interests of minority shareholders": "N/A",
        "Total Cost of profits": 0,
        "Profit after tax corporate income": 68916,
        "Volume": 103550000,
        "Close of Quarter": 13.6,
        "EPS": 305.9,
        "Non-adjusted EPS": 666,
        "PE": 20.4,
        "Book Price": 10.3
      }
    },
    {
      "quarter": "Q4 2008",
      "income status": {
        "Net sales": 150933,
        "Cost of goods sold": "N/A",
        "Gross Profit": 150933,
        "Financial expenses": "N/A",
        "Of which: Interest expense": "N/A",
        "Cost of sales": 79638,
        "Enterprise cost management": 3944,
        "Total Operating Expenses": 83582,
        "Total revenue financing activities": "N/A",
        "Net profit from business activities": "N/A",
        "Profit": -85978,
        "Profit before tax": -21067,
        "Present corporate income tax expenses": "N/A",
        "Deferred income taxes expenses": "N/A",
        "The interests of minority shareholders": "N/A",
        "Total Cost of profits": 0,
        "Profit after tax corporate income": 0,
        "Volume": 103550000,
        "Close of Quarter": 16.4,
        "EPS": "N/A",
        "Non-adjusted EPS": " ",
        "PE": "N/A",
        "Book Price": 10.2
      }
    },
    {
      "quarter": "Q3 2008",
      "income status": {
        "Net sales": 156366,
        "Cost of goods sold": "N/A",
        "Gross Profit": 156366,
        "Financial expenses": "N/A",
        "Of which: Interest expense": "N/A",
        "Cost of sales": "N/A",
        "Enterprise cost management": "N/A",
        "Total Operating Expenses": 0,
        "Total revenue financing activities": "N/A",
        "Net profit from business activities": "N/A",
        "Profit": "N/A",
        "Profit before tax": 108699,
        "Present corporate income tax expenses": "N/A",
        "Deferred income taxes expenses": "N/A",
        "The interests of minority shareholders": "N/A",
        "Total Cost of profits": 0,
        "Profit after tax corporate income": 0,
        "Volume": 95000000,
        "Close of Quarter": 19.2,
        "EPS": "",
        "Non-adjusted EPS": "N/A",
        "PE": "N/A",
        "Book Price": 10.7
      }
    },
    {
      "quarter": "Q2 2008",
      "income status": {
        "Net sales": "N/A",
        "Cost of goods sold": "N/A",
        "Gross Profit": "N/A",
        "Financial expenses": "N/A",
        "Of which: Interest expense": "N/A",
        "Cost of sales": "N/A",
        "Enterprise cost management": "N/A",
        "Total Operating Expenses": 0,
        "Total revenue financing activities": "N/A",
        "Net profit from business activities": "N/A",
        "Profit": "N/A",
        "Profit before tax": "N/A",
        "Present corporate income tax expenses": "N/A",
        "Deferred income taxes expenses": "N/A",
        "The interests of minority shareholders": "N/A",
        "Total Cost of profits": 0,
        "Profit after tax corporate income": 0,
        "Volume": 84798628,
        "Close of Quarter": 10.6,
        "EPS": "",
        "Non-adjusted EPS": "N/A",
        "PE": "N/A",
        "Book Price": 10.2
      }
    },
    {
      "quarter": "Q1 2008",
      "income status": {
        "Net sales": "N/A",
        "Cost of goods sold": "N/A",
        "Gross Profit": "N/A",
        "Financial expenses": "N/A",
        "Of which: Interest expense": "N/A",
        "Cost of sales": "N/A",
        "Enterprise cost management": "N/A",
        "Total Operating Expenses": 0,
        "Total revenue financing activities": "N/A",
        "Net profit from business activities": "N/A",
        "Profit": "N/A",
        "Profit before tax": "N/A",
        "Present corporate income tax expenses": "N/A",
        "Deferred income taxes expenses": "N/A",
        "The interests of minority shareholders": "N/A",
        "Total Cost of profits": 0,
        "Profit after tax corporate income": 0,
        "Volume": 84798628,
        "Close of Quarter": 19.5,
        "EPS": " ",
        "Non-adjusted EPS": "",
        "PE": "N/A",
        "Book Price": 10.0
      }
    },
    {
      "quarter": "Q4 2007",
      "income status": {
        "Net sales": "N/A",
        "Cost of goods sold": "N/A",
        "Gross Profit": "N/A",
        "Financial expenses": "N/A",
        "Of which: Interest expense": "N/A",
        "Cost of sales": "N/A",
        "Enterprise cost management": "N/A",
        "Total Operating Expenses": 0,
        "Total revenue financing activities": "N/A",
        "Net profit from business activities": "N/A",
        "Profit": "N/A",
        "Profit before tax": "N/A",
        "Present corporate income tax expenses": "N/A",
        "Deferred income taxes expenses": "N/A",
        "The interests of minority shareholders": "N/A",
        "Total Cost of profits": 0,
        "Profit after tax corporate income": 0,
        "Volume": 84798628,
        "Close of Quarter": 36.9,
        "EPS": "N/A",
        "Non-adjusted EPS": "",
        "PE": "N/A",
        "Book Price": 7.8
      }
    },
    {
      "quarter": "Q3 2007",
      "income status": {
        "Net sales": "N/A",
        "Cost of goods sold": "N/A",
        "Gross Profit": "N/A",
        "Financial expenses": "N/A",
        "Of which: Interest expense": "N/A",
        "Cost of sales": "N/A",
        "Enterprise cost management": "N/A",
        "Total Operating Expenses": 0,
        "Total revenue financing activities": "N/A",
        "Net profit from business activities": "N/A",
        "Profit": "N/A",
        "Profit before tax": "N/A",
        "Present corporate income tax expenses": "N/A",
        "Deferred income taxes expenses": "N/A",
        "The interests of minority shareholders": "N/A",
        "Total Cost of profits": 0,
        "Profit after tax corporate income": 0,
        "Volume": 50000000,
        "Close of Quarter": 46.2,
        "EPS": "N/A",
        "Non-adjusted EPS": " ",
        "PE": "N/A",
        "Book Price": 7.0
      }
    },
    {
      "quarter": "Q2 2007",
      "income status": {
        "Net sales": "N/A",
        "Cost of goods sold": "N/A",
        "Gross Profit": "N/A",
        "Financial expenses": "N/A",
        "Of which: Interest expense": "N/A",
        "Cost of sales": "N/A",
        "Enterprise cost management": "N/A",
        "Total Operating Expenses": 0,
        "Total revenue financing activities": "N/A",
        "Net profit from business activities": "N/A",
        "Profit": "N/A",
        "Profit before tax": "N/A",
        "Present corporate income tax expenses": "N/A",
        "Deferred income taxes expenses": "N/A",
        "The interests of minority shareholders": "N/A",
        "Total Cost of profits": 0,
        "Profit after tax corporate income": 0,
        "Volume": 50000000,
        "Close of Quarter": "N/A",
        "EPS": "",
        "Non-adjusted EPS": "N/A",
        "PE": "N/A",
        "Book Price": 2.5
      }
    }
  ]
}