{
  "ticker": "TKU",
  "data": [
    {
      "quarter": "Q1 2017",
      "income status": {
        "Net sales": 168237,
        "Cost of goods sold": 132421,
        "Gross Profit": 35816,
        "Financial expenses": 2779,
        "Of which: Interest expense": 1569,
        "Cost of sales": 1866,
        "Enterprise cost management": 9388,
        "Total Operating Expenses": 14033,
        "Total revenue financing activities": 693,
        "Net profit from business activities": 22476,
        "Profit": 35,
        "Profit before tax": 22510,
        "Present corporate income tax expenses": 2685,
        "Deferred income taxes expenses": "N/A",
        "The interests of minority shareholders": "N/A",
        "Total Cost of profits": 2685,
        "Profit after tax corporate income": 19825,
        "Volume": 30035575,
        "Close of Quarter": 11.0,
        "EPS": 4026,
        "Non-adjusted EPS": 4026,
        "PE": 2.7,
        "Book Price": 15.8
      }
    },
    {
      "quarter": "Q4 2016",
      "income status": {
        "Net sales": 206260,
        "Cost of goods sold": 161700,
        "Gross Profit": 44560,
        "Financial expenses": 2211,
        "Of which: Interest expense": 1817,
        "Cost of sales": 2823,
        "Enterprise cost management": 9530,
        "Total Operating Expenses": 14564,
        "Total revenue financing activities": 4588,
        "Net profit from business activities": 34584,
        "Profit": 708,
        "Profit before tax": 35292,
        "Present corporate income tax expenses": 4450,
        "Deferred income taxes expenses": "N/A",
        "The interests of minority shareholders": "N/A",
        "Total Cost of profits": 4450,
        "Profit after tax corporate income": 30843,
        "Volume": 30035575,
        "Close of Quarter": 9.3,
        "EPS": 3077,
        "Non-adjusted EPS": 3077,
        "PE": 3.0,
        "Book Price": 15.1
      }
    },
    {
      "quarter": "Q3 2016",
      "income status": {
        "Net sales": 182255,
        "Cost of goods sold": 134945,
        "Gross Profit": 47310,
        "Financial expenses": 1267,
        "Of which: Interest expense": 1253,
        "Cost of sales": 2180,
        "Enterprise cost management": 8670,
        "Total Operating Expenses": 12117,
        "Total revenue financing activities": 451,
        "Net profit from business activities": 35643,
        "Profit": -546,
        "Profit before tax": 35096,
        "Present corporate income tax expenses": 4150,
        "Deferred income taxes expenses": "N/A",
        "The interests of minority shareholders": "N/A",
        "Total Cost of profits": 4150,
        "Profit after tax corporate income": 30946,
        "Volume": 30035575,
        "Close of Quarter": 7.8,
        "EPS": 2192,
        "Non-adjusted EPS": 2192,
        "PE": 3.5,
        "Book Price": 14.1
      }
    },
    {
      "quarter": "Q2 2016",
      "income status": {
        "Net sales": 212803,
        "Cost of goods sold": 157071,
        "Gross Profit": 55732,
        "Financial expenses": 1856,
        "Of which: Interest expense": 1156,
        "Cost of sales": 1560,
        "Enterprise cost management": 9364,
        "Total Operating Expenses": 12780,
        "Total revenue financing activities": 2544,
        "Net profit from business activities": 45496,
        "Profit": -261,
        "Profit before tax": 45235,
        "Present corporate income tax expenses": 5914,
        "Deferred income taxes expenses": "N/A",
        "The interests of minority shareholders": "N/A",
        "Total Cost of profits": 5914,
        "Profit after tax corporate income": 39321,
        "Volume": 30035575,
        "Close of Quarter": 7.3,
        "EPS": 1442,
        "Non-adjusted EPS": 1442,
        "PE": 5.1,
        "Book Price": 13.1
      }
    },
    {
      "quarter": "Q1 2016",
      "income status": {
        "Net sales": 154412,
        "Cost of goods sold": 125758,
        "Gross Profit": 28654,
        "Financial expenses": 1411,
        "Of which: Interest expense": 1093,
        "Cost of sales": 1340,
        "Enterprise cost management": 9078,
        "Total Operating Expenses": 11829,
        "Total revenue financing activities": 640,
        "Net profit from business activities": 17465,
        "Profit": -22990,
        "Profit before tax": -5525,
        "Present corporate income tax expenses": 3176,
        "Deferred income taxes expenses": "N/A",
        "The interests of minority shareholders": "N/A",
        "Total Cost of profits": 3176,
        "Profit after tax corporate income": -8700,
        "Volume": 30035575,
        "Close of Quarter": 7.8,
        "EPS": 360,
        "Non-adjusted EPS": 360,
        "PE": 21.6,
        "Book Price": 11.8
      }
    },
    {
      "quarter": "Q4 2015",
      "income status": {
        "Net sales": 153880,
        "Cost of goods sold": 133540,
        "Gross Profit": 20340,
        "Financial expenses": 5038,
        "Of which: Interest expense": 926,
        "Cost of sales": 1335,
        "Enterprise cost management": 8526,
        "Total Operating Expenses": 14899,
        "Total revenue financing activities": 1784,
        "Net profit from business activities": 7225,
        "Profit": -39,
        "Profit before tax": 7186,
        "Present corporate income tax expenses": 2904,
        "Deferred income taxes expenses": "N/A",
        "The interests of minority shareholders": "N/A",
        "Total Cost of profits": 2904,
        "Profit after tax corporate income": 4282,
        "Volume": 30035575,
        "Close of Quarter": 7.2,
        "EPS": 333,
        "Non-adjusted EPS": 333,
        "PE": 21.7,
        "Book Price": 12
      }
    },
    {
      "quarter": "Q3 2015",
      "income status": {
        "Net sales": 169944,
        "Cost of goods sold": 190310,
        "Gross Profit": -20366,
        "Financial expenses": 5118,
        "Of which: Interest expense": 691,
        "Cost of sales": 678,
        "Enterprise cost management": 9215,
        "Total Operating Expenses": 15011,
        "Total revenue financing activities": 852,
        "Net profit from business activities": -34525,
        "Profit": 44588,
        "Profit before tax": 10063,
        "Present corporate income tax expenses": 1661,
        "Deferred income taxes expenses": "N/A",
        "The interests of minority shareholders": "N/A",
        "Total Cost of profits": 1661,
        "Profit after tax corporate income": 8402,
        "Volume": 30035575,
        "Close of Quarter": 8.6,
        "EPS": 466,
        "Non-adjusted EPS": 466,
        "PE": 18.5,
        "Book Price": 10.7
      }
    },
    {
      "quarter": "Q2 2015",
      "income status": {
        "Net sales": 234695,
        "Cost of goods sold": 205324,
        "Gross Profit": 29371,
        "Financial expenses": 6273,
        "Of which: Interest expense": 1505,
        "Cost of sales": 13,
        "Enterprise cost management": 14435,
        "Total Operating Expenses": 20721,
        "Total revenue financing activities": 544,
        "Net profit from business activities": 9194,
        "Profit": -243,
        "Profit before tax": 8950,
        "Present corporate income tax expenses": 2136,
        "Deferred income taxes expenses": "N/A",
        "The interests of minority shareholders": "N/A",
        "Total Cost of profits": 2136,
        "Profit after tax corporate income": 6814,
        "Volume": 26817777,
        "Close of Quarter": 7.5,
        "EPS": 1136.6,
        "Non-adjusted EPS": 1273,
        "PE": 5.9,
        "Book Price": 11.6
      }
    },
    {
      "quarter": "Q1 2015",
      "income status": {
        "Net sales": 209302,
        "Cost of goods sold": 202196,
        "Gross Profit": 7106,
        "Financial expenses": 3445,
        "Of which: Interest expense": 2376,
        "Cost of sales": 3365,
        "Enterprise cost management": 9369,
        "Total Operating Expenses": 16179,
        "Total revenue financing activities": 567,
        "Net profit from business activities": -8507,
        "Profit": 166,
        "Profit before tax": -8340,
        "Present corporate income tax expenses": 1157,
        "Deferred income taxes expenses": "N/A",
        "The interests of minority shareholders": "N/A",
        "Total Cost of profits": 1157,
        "Profit after tax corporate income": -9497,
        "Volume": 26817777,
        "Close of Quarter": 6.9,
        "EPS": 1296.4,
        "Non-adjusted EPS": 1452,
        "PE": 4.8,
        "Book Price": 11.5
      }
    },
    {
      "quarter": "Q4 2014",
      "income status": {
        "Net sales": 238053,
        "Cost of goods sold": 206418,
        "Gross Profit": 31635,
        "Financial expenses": 6773,
        "Of which: Interest expense": 3052,
        "Cost of sales": 400,
        "Enterprise cost management": 13174,
        "Total Operating Expenses": 20347,
        "Total revenue financing activities": 1180,
        "Net profit from business activities": 12468,
        "Profit": -2309,
        "Profit before tax": 10158,
        "Present corporate income tax expenses": 1866,
        "Deferred income taxes expenses": "N/A",
        "The interests of minority shareholders": "N/A",
        "Total Cost of profits": 1866,
        "Profit after tax corporate income": 8292,
        "Volume": 26817777,
        "Close of Quarter": 8.7,
        "EPS": 1450.9,
        "Non-adjusted EPS": 1625,
        "PE": 5.4,
        "Book Price": 11.8
      }
    },
    {
      "quarter": "Q3 2014",
      "income status": {
        "Net sales": 329347,
        "Cost of goods sold": 281852,
        "Gross Profit": 47496,
        "Financial expenses": 3926,
        "Of which: Interest expense": 2912,
        "Cost of sales": 3536,
        "Enterprise cost management": 9230,
        "Total Operating Expenses": 16692,
        "Total revenue financing activities": 1758,
        "Net profit from business activities": 32561,
        "Profit": 482,
        "Profit before tax": 33042,
        "Present corporate income tax expenses": 4515,
        "Deferred income taxes expenses": "N/A",
        "The interests of minority shareholders": "N/A",
        "Total Cost of profits": 4515,
        "Profit after tax corporate income": 28527,
        "Volume": 24379946,
        "Close of Quarter": 6.9,
        "EPS": 1869.4,
        "Non-adjusted EPS": 2303,
        "PE": 3.0,
        "Book Price": 11.5
      }
    },
    {
      "quarter": "Q2 2014",
      "income status": {
        "Net sales": 257228,
        "Cost of goods sold": 226946,
        "Gross Profit": 30281,
        "Financial expenses": 4183,
        "Of which: Interest expense": 2687,
        "Cost of sales": 144,
        "Enterprise cost management": 13336,
        "Total Operating Expenses": 17663,
        "Total revenue financing activities": 1362,
        "Net profit from business activities": 13979,
        "Profit": -747,
        "Profit before tax": 13233,
        "Present corporate income tax expenses": 1614,
        "Deferred income taxes expenses": "N/A",
        "The interests of minority shareholders": "N/A",
        "Total Cost of profits": 1614,
        "Profit after tax corporate income": 11618,
        "Volume": 24379946,
        "Close of Quarter": 5.9,
        "EPS": 1489.5,
        "Non-adjusted EPS": 1835,
        "PE": 3.2,
        "Book Price": 11.0
      }
    },
    {
      "quarter": "Q1 2014",
      "income status": {
        "Net sales": 253986,
        "Cost of goods sold": 240453,
        "Gross Profit": 13533,
        "Financial expenses": 2238,
        "Of which: Interest expense": 1744,
        "Cost of sales": 3375,
        "Enterprise cost management": 9175,
        "Total Operating Expenses": 14788,
        "Total revenue financing activities": 1475,
        "Net profit from business activities": 220,
        "Profit": -3447,
        "Profit before tax": -3226,
        "Present corporate income tax expenses": 1625,
        "Deferred income taxes expenses": "N/A",
        "The interests of minority shareholders": "N/A",
        "Total Cost of profits": 1625,
        "Profit after tax corporate income": -4851,
        "Volume": 24379946,
        "Close of Quarter": 8.4,
        "EPS": 1701.3,
        "Non-adjusted EPS": 2096,
        "PE": 4.0,
        "Book Price": 10.6
      }
    },
    {
      "quarter": "Q4 2013",
      "income status": {
        "Net sales": 315074,
        "Cost of goods sold": 276688,
        "Gross Profit": 38386,
        "Financial expenses": 3821,
        "Of which: Interest expense": 2290,
        "Cost of sales": 1911,
        "Enterprise cost management": 11164,
        "Total Operating Expenses": 16896,
        "Total revenue financing activities": 512,
        "Net profit from business activities": 22002,
        "Profit": 1238,
        "Profit before tax": 23239,
        "Present corporate income tax expenses": 2375,
        "Deferred income taxes expenses": "N/A",
        "The interests of minority shareholders": "N/A",
        "Total Cost of profits": 2375,
        "Profit after tax corporate income": 20864,
        "Volume": 24379946,
        "Close of Quarter": 7.6,
        "EPS": 2189.2,
        "Non-adjusted EPS": 2697,
        "PE": 2.8,
        "Book Price": 10.9
      }
    },
    {
      "quarter": "Q3 2013",
      "income status": {
        "Net sales": 301991,
        "Cost of goods sold": 267287,
        "Gross Profit": 34703,
        "Financial expenses": 3820,
        "Of which: Interest expense": 2493,
        "Cost of sales": 4081,
        "Enterprise cost management": 8743,
        "Total Operating Expenses": 16644,
        "Total revenue financing activities": 1615,
        "Net profit from business activities": 19674,
        "Profit": -583,
        "Profit before tax": 19091,
        "Present corporate income tax expenses": 1984,
        "Deferred income taxes expenses": "N/A",
        "The interests of minority shareholders": "N/A",
        "Total Cost of profits": 1984,
        "Profit after tax corporate income": 17107,
        "Volume": 24379946,
        "Close of Quarter": 5.5,
        "EPS": 2024.4,
        "Non-adjusted EPS": 2494,
        "PE": 2.2,
        "Book Price": 10.2
      }
    },
    {
      "quarter": "Q2 2013",
      "income status": {
        "Net sales": 230056,
        "Cost of goods sold": 194752,
        "Gross Profit": 35303,
        "Financial expenses": 4150,
        "Of which: Interest expense": 2724,
        "Cost of sales": 1131,
        "Enterprise cost management": 11734,
        "Total Operating Expenses": 17015,
        "Total revenue financing activities": 1602,
        "Net profit from business activities": 19890,
        "Profit": 469,
        "Profit before tax": 20359,
        "Present corporate income tax expenses": 2385,
        "Deferred income taxes expenses": "N/A",
        "The interests of minority shareholders": "N/A",
        "Total Cost of profits": 2385,
        "Profit after tax corporate income": 17974,
        "Volume": 24379946,
        "Close of Quarter": 4.1,
        "EPS": 1556.9,
        "Non-adjusted EPS": 1918,
        "PE": 2.2,
        "Book Price": 9.6
      }
    },
    {
      "quarter": "Q1 2013",
      "income status": {
        "Net sales": 265472,
        "Cost of goods sold": 237771,
        "Gross Profit": 27701,
        "Financial expenses": 3394,
        "Of which: Interest expense": 2862,
        "Cost of sales": 3479,
        "Enterprise cost management": 8687,
        "Total Operating Expenses": 15560,
        "Total revenue financing activities": 1013,
        "Net profit from business activities": 13154,
        "Profit": -1532,
        "Profit before tax": 11621,
        "Present corporate income tax expenses": 1824,
        "Deferred income taxes expenses": "N/A",
        "The interests of minority shareholders": "N/A",
        "Total Cost of profits": 1824,
        "Profit after tax corporate income": 9798,
        "Volume": 24379946,
        "Close of Quarter": 8.5,
        "EPS": 797.1,
        "Non-adjusted EPS": 982,
        "PE": 8.7,
        "Book Price": 9.0
      }
    },
    {
      "quarter": "Q4 2012",
      "income status": {
        "Net sales": 254688,
        "Cost of goods sold": 223853,
        "Gross Profit": 30835,
        "Financial expenses": 2832,
        "Of which: Interest expense": 2661,
        "Cost of sales": 1923,
        "Enterprise cost management": 9615,
        "Total Operating Expenses": 14370,
        "Total revenue financing activities": 1312,
        "Net profit from business activities": 17777,
        "Profit": 174,
        "Profit before tax": 17952,
        "Present corporate income tax expenses": 2017,
        "Deferred income taxes expenses": "N/A",
        "The interests of minority shareholders": "N/A",
        "Total Cost of profits": 2017,
        "Profit after tax corporate income": 15934,
        "Volume": 24379946,
        "Close of Quarter": 3.3,
        "EPS": 50.3,
        "Non-adjusted EPS": 62,
        "PE": 53.7,
        "Book Price": 8.7
      }
    },
    {
      "quarter": "Q3 2012",
      "income status": {
        "Net sales": 261574,
        "Cost of goods sold": 241260,
        "Gross Profit": 20314,
        "Financial expenses": 3296,
        "Of which: Interest expense": 2889,
        "Cost of sales": 3729,
        "Enterprise cost management": 9506,
        "Total Operating Expenses": 16531,
        "Total revenue financing activities": 114,
        "Net profit from business activities": 3896,
        "Profit": -68,
        "Profit before tax": 3828,
        "Present corporate income tax expenses": 784,
        "Deferred income taxes expenses": "N/A",
        "The interests of minority shareholders": "N/A",
        "Total Cost of profits": 784,
        "Profit after tax corporate income": 3044,
        "Volume": 24379946,
        "Close of Quarter": 3.1,
        "EPS": -810.9,
        "Non-adjusted EPS": -999,
        "PE": -3.1,
        "Book Price": 8.1
      }
    },
    {
      "quarter": "Q2 2012",
      "income status": {
        "Net sales": 199965,
        "Cost of goods sold": 189745,
        "Gross Profit": 10220,
        "Financial expenses": 4163,
        "Of which: Interest expense": 3465,
        "Cost of sales": 2286,
        "Enterprise cost management": 10030,
        "Total Operating Expenses": 16479,
        "Total revenue financing activities": 776,
        "Net profit from business activities": -5483,
        "Profit": 847,
        "Profit before tax": -4636,
        "Present corporate income tax expenses": 207,
        "Deferred income taxes expenses": "N/A",
        "The interests of minority shareholders": "N/A",
        "Total Cost of profits": 207,
        "Profit after tax corporate income": -4843,
        "Volume": 24379946,
        "Close of Quarter": 3.7,
        "EPS": -1211.1,
        "Non-adjusted EPS": -1492,
        "PE": -2.5,
        "Book Price": 8.0
      }
    },
    {
      "quarter": "Q1 2012",
      "income status": {
        "Net sales": 219771,
        "Cost of goods sold": 216776,
        "Gross Profit": 2995,
        "Financial expenses": 4073,
        "Of which: Interest expense": 3338,
        "Cost of sales": 2093,
        "Enterprise cost management": 10125,
        "Total Operating Expenses": 16291,
        "Total revenue financing activities": 435,
        "Net profit from business activities": -12861,
        "Profit": 407,
        "Profit before tax": -12455,
        "Present corporate income tax expenses": 162,
        "Deferred income taxes expenses": "N/A",
        "The interests of minority shareholders": "N/A",
        "Total Cost of profits": 162,
        "Profit after tax corporate income": -12616,
        "Volume": 24379946,
        "Close of Quarter": 4.7,
        "EPS": -1217.6,
        "Non-adjusted EPS": -1500,
        "PE": -3.1,
        "Book Price": 8.2
      }
    },
    {
      "quarter": "Q4 2011",
      "income status": {
        "Net sales": 270736,
        "Cost of goods sold": 263096,
        "Gross Profit": 7639,
        "Financial expenses": 6958,
        "Of which: Interest expense": 3757,
        "Cost of sales": 1771,
        "Enterprise cost management": 11005,
        "Total Operating Expenses": 19734,
        "Total revenue financing activities": 707,
        "Net profit from business activities": -11388,
        "Profit": 823,
        "Profit before tax": -10564,
        "Present corporate income tax expenses": -634,
        "Deferred income taxes expenses": "N/A",
        "The interests of minority shareholders": "N/A",
        "Total Cost of profits": -634,
        "Profit after tax corporate income": -9931,
        "Volume": 24379946,
        "Close of Quarter": 2.9,
        "EPS": -718.4,
        "Non-adjusted EPS": -885,
        "PE": -3.2,
        "Book Price": 8.7
      }
    },
    {
      "quarter": "Q3 2011",
      "income status": {
        "Net sales": 254642,
        "Cost of goods sold": 246119,
        "Gross Profit": 8523,
        "Financial expenses": 5081,
        "Of which: Interest expense": 4263,
        "Cost of sales": 3544,
        "Enterprise cost management": 9010,
        "Total Operating Expenses": 17635,
        "Total revenue financing activities": 595,
        "Net profit from business activities": -8518,
        "Profit": 353,
        "Profit before tax": -10184,
        "Present corporate income tax expenses": 825,
        "Deferred income taxes expenses": "N/A",
        "The interests of minority shareholders": "N/A",
        "Total Cost of profits": 825,
        "Profit after tax corporate income": -8989,
        "Volume": 24379946,
        "Close of Quarter": 4.6,
        "EPS": -72.2,
        "Non-adjusted EPS": -89,
        "PE": -51.7,
        "Book Price": 9.1
      }
    },
    {
      "quarter": "Q2 2011",
      "income status": {
        "Net sales": 218035,
        "Cost of goods sold": 187143,
        "Gross Profit": 30892,
        "Financial expenses": 26868,
        "Of which: Interest expense": 3853,
        "Cost of sales": 1534,
        "Enterprise cost management": 10173,
        "Total Operating Expenses": 38575,
        "Total revenue financing activities": 1930,
        "Net profit from business activities": -5752,
        "Profit": 935,
        "Profit before tax": -4817,
        "Present corporate income tax expenses": 423,
        "Deferred income taxes expenses": "N/A",
        "The interests of minority shareholders": -216,
        "Total Cost of profits": 207,
        "Profit after tax corporate income": -5024,
        "Volume": 24379946,
        "Close of Quarter": 5,
        "EPS": -539.0,
        "Non-adjusted EPS": -664,
        "PE": -7.5,
        "Book Price": 9.4
      }
    },
    {
      "quarter": "Q1 2011",
      "income status": {
        "Net sales": 225255,
        "Cost of goods sold": 201688,
        "Gross Profit": 23567,
        "Financial expenses": 10644,
        "Of which: Interest expense": "N/A",
        "Cost of sales": 1930,
        "Enterprise cost management": 9890,
        "Total Operating Expenses": 22464,
        "Total revenue financing activities": 1285,
        "Net profit from business activities": 2388,
        "Profit": 409,
        "Profit before tax": 2797,
        "Present corporate income tax expenses": 656,
        "Deferred income taxes expenses": "N/A",
        "The interests of minority shareholders": -225,
        "Total Cost of profits": 431,
        "Profit after tax corporate income": 2365,
        "Volume": 24379946,
        "Close of Quarter": 5.6,
        "EPS": -652.6,
        "Non-adjusted EPS": -804,
        "PE": -7.0,
        "Book Price": 9.5
      }
    },
    {
      "quarter": "Q4 2010",
      "income status": {
        "Net sales": 221899,
        "Cost of goods sold": 195147,
        "Gross Profit": 26752,
        "Financial expenses": 4611,
        "Of which: Interest expense": 1866,
        "Cost of sales": 1514,
        "Enterprise cost management": 9290,
        "Total Operating Expenses": 15415,
        "Total revenue financing activities": 389,
        "Net profit from business activities": 11725,
        "Profit": -590,
        "Profit before tax": 11135,
        "Present corporate income tax expenses": 1833,
        "Deferred income taxes expenses": "N/A",
        "The interests of minority shareholders": -170,
        "Total Cost of profits": 1663,
        "Profit after tax corporate income": 9472,
        "Volume": 24379946,
        "Close of Quarter": 6.7,
        "EPS": 3.3,
        "Non-adjusted EPS": 4,
        "PE": 1682.5,
        "Book Price": 8.9
      }
    },
    {
      "quarter": "Q3 2010",
      "income status": {
        "Net sales": 185864,
        "Cost of goods sold": 174739,
        "Gross Profit": 11125,
        "Financial expenses": 12585,
        "Of which: Interest expense": 2889,
        "Cost of sales": 1785,
        "Enterprise cost management": 9740,
        "Total Operating Expenses": 24110,
        "Total revenue financing activities": 391,
        "Net profit from business activities": -12593,
        "Profit": -11085,
        "Profit before tax": -23678,
        "Present corporate income tax expenses": -530,
        "Deferred income taxes expenses": "N/A",
        "The interests of minority shareholders": -148,
        "Total Cost of profits": -678,
        "Profit after tax corporate income": -23000,
        "Volume": 21200000,
        "Close of Quarter": 9.9,
        "EPS": 1201.3,
        "Non-adjusted EPS": 1702,
        "PE": 5.8,
        "Book Price": 8.7
      }
    },
    {
      "quarter": "Q2 2010",
      "income status": {
        "Net sales": 156587,
        "Cost of goods sold": 134815,
        "Gross Profit": 21772,
        "Financial expenses": 11768,
        "Of which: Interest expense": "N/A",
        "Cost of sales": 1913,
        "Enterprise cost management": 10240,
        "Total Operating Expenses": 23921,
        "Total revenue financing activities": 2024,
        "Net profit from business activities": -126,
        "Profit": -7562,
        "Profit before tax": -7688,
        "Present corporate income tax expenses": 1148,
        "Deferred income taxes expenses": "N/A",
        "The interests of minority shareholders": -394,
        "Total Cost of profits": 754,
        "Profit after tax corporate income": -8442,
        "Volume": 21200000,
        "Close of Quarter": 11.8,
        "EPS": 3346.3,
        "Non-adjusted EPS": 4741,
        "PE": 2.5,
        "Book Price": 9.5
      }
    },
    {
      "quarter": "Q1 2010",
      "income status": {
        "Net sales": 219553,
        "Cost of goods sold": 175610,
        "Gross Profit": 43943,
        "Financial expenses": 10919,
        "Of which: Interest expense": "N/A",
        "Cost of sales": 1951,
        "Enterprise cost management": 7225,
        "Total Operating Expenses": 20095,
        "Total revenue financing activities": 1908,
        "Net profit from business activities": 25755,
        "Profit": -135,
        "Profit before tax": 25620,
        "Present corporate income tax expenses": 3428,
        "Deferred income taxes expenses": "N/A",
        "The interests of minority shareholders": 112,
        "Total Cost of profits": 3540,
        "Profit after tax corporate income": 22079,
        "Volume": 21200000,
        "Close of Quarter": 14.7,
        "EPS": 4027.5,
        "Non-adjusted EPS": 5706,
        "PE": 2.6,
        "Book Price": 10.7
      }
    },
    {
      "quarter": "Q4 2009",
      "income status": {
        "Net sales": 309840,
        "Cost of goods sold": 241142,
        "Gross Profit": 68698,
        "Financial expenses": 10808,
        "Of which: Interest expense": "N/A",
        "Cost of sales": 2541,
        "Enterprise cost management": 9051,
        "Total Operating Expenses": 22400,
        "Total revenue financing activities": 2292,
        "Net profit from business activities": 48591,
        "Profit": -361,
        "Profit before tax": 48230,
        "Present corporate income tax expenses": 2791,
        "Deferred income taxes expenses": "N/A",
        "The interests of minority shareholders": "N/A",
        "Total Cost of profits": 2791,
        "Profit after tax corporate income": 45439,
        "Volume": 21200000,
        "Close of Quarter": 8.9,
        "EPS": 2869.9,
        "Non-adjusted EPS": 4066,
        "PE": 2.2,
        "Book Price": 10.0
      }
    },
    {
      "quarter": "Q3 2009",
      "income status": {
        "Net sales": 244659,
        "Cost of goods sold": 184556,
        "Gross Profit": 60103,
        "Financial expenses": 7951,
        "Of which: Interest expense": "N/A",
        "Cost of sales": 2836,
        "Enterprise cost management": 8573,
        "Total Operating Expenses": 19360,
        "Total revenue financing activities": 1648,
        "Net profit from business activities": 42391,
        "Profit": 1588,
        "Profit before tax": 43980,
        "Present corporate income tax expenses": 2547,
        "Deferred income taxes expenses": "N/A",
        "The interests of minority shareholders": "N/A",
        "Total Cost of profits": 2547,
        "Profit after tax corporate income": 41433,
        "Volume": 21200000,
        "Close of Quarter": 7.7,
        "EPS": 521.6,
        "Non-adjusted EPS": 739,
        "PE": 10.4,
        "Book Price": 8.1
      }
    },
    {
      "quarter": "Q2 2009",
      "income status": {
        "Net sales": 201152,
        "Cost of goods sold": 171084,
        "Gross Profit": 30067,
        "Financial expenses": 7587,
        "Of which: Interest expense": "N/A",
        "Cost of sales": 2189,
        "Enterprise cost management": 8831,
        "Total Operating Expenses": 18607,
        "Total revenue financing activities": 936,
        "Net profit from business activities": 12396,
        "Profit": 1851,
        "Profit before tax": 14247,
        "Present corporate income tax expenses": 2029,
        "Deferred income taxes expenses": "N/A",
        "The interests of minority shareholders": 200,
        "Total Cost of profits": 2229,
        "Profit after tax corporate income": 12017,
        "Volume": 21200000,
        "Close of Quarter": 6.6,
        "EPS": -410.8,
        "Non-adjusted EPS": -582,
        "PE": -11.3,
        "Book Price": 7.4
      }
    },
    {
      "quarter": "Q1 2009",
      "income status": {
        "Net sales": 136980,
        "Cost of goods sold": 134948,
        "Gross Profit": 2032,
        "Financial expenses": 9294,
        "Of which: Interest expense": "N/A",
        "Cost of sales": 1299,
        "Enterprise cost management": 5722,
        "Total Operating Expenses": 16315,
        "Total revenue financing activities": 347,
        "Net profit from business activities": -13936,
        "Profit": 1154,
        "Profit before tax": -12782,
        "Present corporate income tax expenses": -74,
        "Deferred income taxes expenses": "N/A",
        "The interests of minority shareholders": -12,
        "Total Cost of profits": -86,
        "Profit after tax corporate income": -12697,
        "Volume": 21200000,
        "Close of Quarter": 5.1,
        "EPS": -107.3,
        "Non-adjusted EPS": -152,
        "PE": -33.6,
        "Book Price": 6.9
      }
    },
    {
      "quarter": "Q4 2008",
      "income status": {
        "Net sales": 193308,
        "Cost of goods sold": 198648,
        "Gross Profit": -5341,
        "Financial expenses": 13271,
        "Of which: Interest expense": "N/A",
        "Cost of sales": 1847,
        "Enterprise cost management": 6325,
        "Total Operating Expenses": 21443,
        "Total revenue financing activities": 1253,
        "Net profit from business activities": -25531,
        "Profit": 1207,
        "Profit before tax": -24324,
        "Present corporate income tax expenses": 772,
        "Deferred income taxes expenses": "N/A",
        "The interests of minority shareholders": "N/A",
        "Total Cost of profits": 772,
        "Profit after tax corporate income": -25096,
        "Volume": 21200000,
        "Close of Quarter": 5.0,
        "EPS": 881.6,
        "Non-adjusted EPS": 1249,
        "PE": 4,
        "Book Price": 7.5
      }
    },
    {
      "quarter": "Q3 2008",
      "income status": {
        "Net sales": 204251,
        "Cost of goods sold": 177065,
        "Gross Profit": 27185,
        "Financial expenses": 6073,
        "Of which: Interest expense": "N/A",
        "Cost of sales": 3177,
        "Enterprise cost management": 5899,
        "Total Operating Expenses": 15149,
        "Total revenue financing activities": 253,
        "Net profit from business activities": 12289,
        "Profit": 1741,
        "Profit before tax": 14030,
        "Present corporate income tax expenses": 599,
        "Deferred income taxes expenses": "N/A",
        "The interests of minority shareholders": "N/A",
        "Total Cost of profits": 599,
        "Profit after tax corporate income": 13431,
        "Volume": 21200000,
        "Close of Quarter": 7.5,
        "EPS": 2014.4,
        "Non-adjusted EPS": 2854,
        "PE": 2.6,
        "Book Price": 8.4
      }
    },
    {
      "quarter": "Q2 2008",
      "income status": {
        "Net sales": 451878,
        "Cost of goods sold": 400989,
        "Gross Profit": 50889,
        "Financial expenses": 13545,
        "Of which: Interest expense": "N/A",
        "Cost of sales": 4581,
        "Enterprise cost management": 16140,
        "Total Operating Expenses": 34266,
        "Total revenue financing activities": 2653,
        "Net profit from business activities": 19276,
        "Profit": 1874,
        "Profit before tax": 21149,
        "Present corporate income tax expenses": "N/A",
        "Deferred income taxes expenses": "N/A",
        "The interests of minority shareholders": "N/A",
        "Total Cost of profits": 0,
        "Profit after tax corporate income": 21149,
        "Volume": 21200000,
        "Close of Quarter": 6.0,
        "EPS": 1677.8,
        "Non-adjusted EPS": 2377,
        "PE": 2.5,
        "Book Price": 9.0
      }
    },
    {
      "quarter": "Q1 2008",
      "income status": {
        "Net sales": 208689,
        "Cost of goods sold": 183027,
        "Gross Profit": 25662,
        "Financial expenses": 2721,
        "Of which: Interest expense": "N/A",
        "Cost of sales": 1907,
        "Enterprise cost management": 6733,
        "Total Operating Expenses": 11361,
        "Total revenue financing activities": 2003,
        "Net profit from business activities": 16305,
        "Profit": 689,
        "Profit before tax": 16994,
        "Present corporate income tax expenses": "N/A",
        "Deferred income taxes expenses": "N/A",
        "The interests of minority shareholders": "N/A",
        "Total Cost of profits": 0,
        "Profit after tax corporate income": 16994,
        "Volume": 21200000,
        "Close of Quarter": 8.8,
        "EPS": 1197.8,
        "Non-adjusted EPS": 1697,
        "PE": 5.2,
        "Book Price": 8.9
      }
    },
    {
      "quarter": "Q4 2007",
      "income status": {
        "Net sales": 211813,
        "Cost of goods sold": 193318,
        "Gross Profit": 18494,
        "Financial expenses": 4006,
        "Of which: Interest expense": "N/A",
        "Cost of sales": 1616,
        "Enterprise cost management": 5986,
        "Total Operating Expenses": 11608,
        "Total revenue financing activities": 926,
        "Net profit from business activities": 7812,
        "Profit": 1115,
        "Profit before tax": 8926,
        "Present corporate income tax expenses": "N/A",
        "Deferred income taxes expenses": "N/A",
        "The interests of minority shareholders": "N/A",
        "Total Cost of profits": 0,
        "Profit after tax corporate income": 8926,
        "Volume": 21200000,
        "Close of Quarter": 14.7,
        "EPS": 809.6,
        "Non-adjusted EPS": 1147,
        "PE": 12.8,
        "Book Price": 8.0
      }
    },
    {
      "quarter": "Q3 2007",
      "income status": {
        "Net sales": 155507,
        "Cost of goods sold": 140961,
        "Gross Profit": 14546,
        "Financial expenses": 4699,
        "Of which: Interest expense": "N/A",
        "Cost of sales": 1737,
        "Enterprise cost management": 5765,
        "Total Operating Expenses": 12201,
        "Total revenue financing activities": 103,
        "Net profit from business activities": 2448,
        "Profit": 872,
        "Profit before tax": 3320,
        "Present corporate income tax expenses": "N/A",
        "Deferred income taxes expenses": "N/A",
        "The interests of minority shareholders": "N/A",
        "Total Cost of profits": 0,
        "Profit after tax corporate income": 3320,
        "Volume": 21200000,
        "Close of Quarter": 15.4,
        "EPS": 669.8,
        "Non-adjusted EPS": 949,
        "PE": 16.2,
        "Book Price": 8.1
      }
    },
    {
      "quarter": "Q2 2007",
      "income status": {
        "Net sales": 189434,
        "Cost of goods sold": 172753,
        "Gross Profit": 16682,
        "Financial expenses": 3681,
        "Of which: Interest expense": "N/A",
        "Cost of sales": 1283,
        "Enterprise cost management": 5996,
        "Total Operating Expenses": 10960,
        "Total revenue financing activities": 215,
        "Net profit from business activities": 5936,
        "Profit": 816,
        "Profit before tax": 6752,
        "Present corporate income tax expenses": 18,
        "Deferred income taxes expenses": "N/A",
        "The interests of minority shareholders": "N/A",
        "Total Cost of profits": 18,
        "Profit after tax corporate income": 6734,
        "Volume": 21200000,
        "Close of Quarter": 17.7,
        "EPS": 474.3,
        "Non-adjusted EPS": 672,
        "PE": 26.4,
        "Book Price": 13.0
      }
    },
    {
      "quarter": "Q1 2007",
      "income status": {
        "Net sales": 147257,
        "Cost of goods sold": 132785,
        "Gross Profit": 14472,
        "Financial expenses": 3419,
        "Of which: Interest expense": "N/A",
        "Cost of sales": 1162,
        "Enterprise cost management": 5595,
        "Total Operating Expenses": 10176,
        "Total revenue financing activities": 733,
        "Net profit from business activities": 5030,
        "Profit": 308,
        "Profit before tax": 5337,
        "Present corporate income tax expenses": "N/A",
        "Deferred income taxes expenses": "N/A",
        "The interests of minority shareholders": "N/A",
        "Total Cost of profits": 0,
        "Profit after tax corporate income": 5337,
        "Volume": 21200000,
        "Close of Quarter": 24.9,
        "EPS": 629.6,
        "Non-adjusted EPS": 892,
        "PE": 28.0,
        "Book Price": 8.0
      }
    },
    {
      "quarter": "Q4 2006",
      "income status": {
        "Net sales": 166377,
        "Cost of goods sold": 148511,
        "Gross Profit": 17866,
        "Financial expenses": 4644,
        "Of which: Interest expense": "N/A",
        "Cost of sales": 1208,
        "Enterprise cost management": 8814,
        "Total Operating Expenses": 14666,
        "Total revenue financing activities": 323,
        "Net profit from business activities": 3522,
        "Profit": 1208,
        "Profit before tax": 4730,
        "Present corporate income tax expenses": "N/A",
        "Deferred income taxes expenses": "N/A",
        "The interests of minority shareholders": "N/A",
        "Total Cost of profits": 0,
        "Profit after tax corporate income": 4730,
        "Volume": 21200000,
        "Close of Quarter": 15.7,
        "EPS": 790.5,
        "Non-adjusted EPS": 1120,
        "PE": 14,
        "Book Price": 6.7
      }
    },
    {
      "quarter": "Q3 2006",
      "income status": {
        "Net sales": 155899,
        "Cost of goods sold": 145227,
        "Gross Profit": 10672,
        "Financial expenses": 4003,
        "Of which: Interest expense": "N/A",
        "Cost of sales": 1720,
        "Enterprise cost management": 7974,
        "Total Operating Expenses": 13697,
        "Total revenue financing activities": 52,
        "Net profit from business activities": -2973,
        "Profit": 410,
        "Profit before tax": -2563,
        "Present corporate income tax expenses": "N/A",
        "Deferred income taxes expenses": "N/A",
        "The interests of minority shareholders": "N/A",
        "Total Cost of profits": 0,
        "Profit after tax corporate income": -2563,
        "Volume": 21200000,
        "Close of Quarter": 13.5,
        "EPS": 633.1,
        "Non-adjusted EPS": 897,
        "PE": 15.0,
        "Book Price": 6.5
      }
    },
    {
      "quarter": "Q2 2006",
      "income status": {
        "Net sales": 172019,
        "Cost of goods sold": 147505,
        "Gross Profit": 24514,
        "Financial expenses": 3691,
        "Of which: Interest expense": "N/A",
        "Cost of sales": 1201,
        "Enterprise cost management": 8223,
        "Total Operating Expenses": 13115,
        "Total revenue financing activities": 94,
        "Net profit from business activities": 11492,
        "Profit": 347,
        "Profit before tax": 11840,
        "Present corporate income tax expenses": 428,
        "Deferred income taxes expenses": "N/A",
        "The interests of minority shareholders": "N/A",
        "Total Cost of profits": 428,
        "Profit after tax corporate income": 11411,
        "Volume": 21200000,
        "Close of Quarter": 15.5,
        "EPS": 718.5,
        "Non-adjusted EPS": 1018,
        "PE": 15.3,
        "Book Price": 6.6
      }
    },
    {
      "quarter": "Q1 2006",
      "income status": {
        "Net sales": 143879,
        "Cost of goods sold": 122066,
        "Gross Profit": 21814,
        "Financial expenses": 3177,
        "Of which: Interest expense": "N/A",
        "Cost of sales": 1279,
        "Enterprise cost management": 7678,
        "Total Operating Expenses": 12134,
        "Total revenue financing activities": 60,
        "Net profit from business activities": 9740,
        "Profit": 722,
        "Profit before tax": 10462,
        "Present corporate income tax expenses": 286,
        "Deferred income taxes expenses": "N/A",
        "The interests of minority shareholders": "N/A",
        "Total Cost of profits": 286,
        "Profit after tax corporate income": 10176,
        "Volume": 21200000,
        "Close of Quarter": "N/A",
        "EPS": 338.8,
        "Non-adjusted EPS": 480,
        "PE": "N/A",
        "Book Price": 7.6
      }
    }
  ]
}