{
  "ticker": "SVC",
  "data": [
    {
      "quarter": "Q1 2017",
      "income status": {
        "Net sales": 3149750,
        "Cost of goods sold": 2978980,
        "Gross Profit": 170771,
        "Financial expenses": 29737,
        "Of which: Interest expense": 21143,
        "Cost of sales": 81898,
        "Enterprise cost management": 53625,
        "Total Operating Expenses": 165260,
        "Total revenue financing activities": 4754,
        "Net profit from business activities": 15240,
        "Profit": 32338,
        "Profit before tax": 47577,
        "Present corporate income tax expenses": 8467,
        "Deferred income taxes expenses": "N/A",
        "The interests of minority shareholders": 18548,
        "Total Cost of profits": 27015,
        "Profit after tax corporate income": 20563,
        "Volume": 24975507,
        "Close of Quarter": 50.6,
        "EPS": 4958,
        "Non-adjusted EPS": 4958,
        "PE": 10.2,
        "Book Price": 46.9
      }
    },
    {
      "quarter": "Q4 2016",
      "income status": {
        "Net sales": 4286468,
        "Cost of goods sold": 4042848,
        "Gross Profit": 243620,
        "Financial expenses": 21567,
        "Of which: Interest expense": 21226,
        "Cost of sales": 107577,
        "Enterprise cost management": 69870,
        "Total Operating Expenses": 199014,
        "Total revenue financing activities": 5167,
        "Net profit from business activities": 52873,
        "Profit": 22626,
        "Profit before tax": 75499,
        "Present corporate income tax expenses": 13834,
        "Deferred income taxes expenses": -948,
        "The interests of minority shareholders": 10251,
        "Total Cost of profits": 23137,
        "Profit after tax corporate income": 52362,
        "Volume": 24975507,
        "Close of Quarter": 48,
        "EPS": 4863,
        "Non-adjusted EPS": 4863,
        "PE": 9.9,
        "Book Price": 46.9
      }
    },
    {
      "quarter": "Q3 2016",
      "income status": {
        "Net sales": 3350419,
        "Cost of goods sold": 3183847,
        "Gross Profit": 166572,
        "Financial expenses": 19534,
        "Of which: Interest expense": 19241,
        "Cost of sales": 83175,
        "Enterprise cost management": 50794,
        "Total Operating Expenses": 153503,
        "Total revenue financing activities": 5261,
        "Net profit from business activities": 29347,
        "Profit": 20433,
        "Profit before tax": 49780,
        "Present corporate income tax expenses": 7800,
        "Deferred income taxes expenses": "N/A",
        "The interests of minority shareholders": 15483,
        "Total Cost of profits": 23283,
        "Profit after tax corporate income": 26497,
        "Volume": 24975507,
        "Close of Quarter": 49.7,
        "EPS": 3831,
        "Non-adjusted EPS": 3831,
        "PE": 13.0,
        "Book Price": 45.2
      }
    },
    {
      "quarter": "Q2 2016",
      "income status": {
        "Net sales": 3302771,
        "Cost of goods sold": 3148459,
        "Gross Profit": 154312,
        "Financial expenses": 15628,
        "Of which: Interest expense": 15345,
        "Cost of sales": 74532,
        "Enterprise cost management": 40712,
        "Total Operating Expenses": 130872,
        "Total revenue financing activities": 2752,
        "Net profit from business activities": 28850,
        "Profit": 15748,
        "Profit before tax": 44598,
        "Present corporate income tax expenses": 7837,
        "Deferred income taxes expenses": "N/A",
        "The interests of minority shareholders": 12346,
        "Total Cost of profits": 20183,
        "Profit after tax corporate income": 24415,
        "Volume": 24975507,
        "Close of Quarter": 50,
        "EPS": 3531,
        "Non-adjusted EPS": 3531,
        "PE": 14.2,
        "Book Price": 43
      }
    },
    {
      "quarter": "Q1 2016",
      "income status": {
        "Net sales": 2731157,
        "Cost of goods sold": 2581763,
        "Gross Profit": 149394,
        "Financial expenses": 14471,
        "Of which: Interest expense": 14008,
        "Cost of sales": 62769,
        "Enterprise cost management": 48343,
        "Total Operating Expenses": 125583,
        "Total revenue financing activities": 3630,
        "Net profit from business activities": 29200,
        "Profit": 11219,
        "Profit before tax": 40419,
        "Present corporate income tax expenses": 8317,
        "Deferred income taxes expenses": "N/A",
        "The interests of minority shareholders": 13910,
        "Total Cost of profits": 22227,
        "Profit after tax corporate income": 18192,
        "Volume": 24975507,
        "Close of Quarter": 29.0,
        "EPS": 3773,
        "Non-adjusted EPS": 3773,
        "PE": 7.7,
        "Book Price": 43.7
      }
    },
    {
      "quarter": "Q4 2015",
      "income status": {
        "Net sales": 3125912,
        "Cost of goods sold": 2980558,
        "Gross Profit": 145354,
        "Financial expenses": 13159,
        "Of which: Interest expense": 13369,
        "Cost of sales": 75044,
        "Enterprise cost management": 64198,
        "Total Operating Expenses": 152401,
        "Total revenue financing activities": 48416,
        "Net profit from business activities": 43762,
        "Profit": 8187,
        "Profit before tax": 51949,
        "Present corporate income tax expenses": 14155,
        "Deferred income taxes expenses": 680,
        "The interests of minority shareholders": 10539,
        "Total Cost of profits": 25374,
        "Profit after tax corporate income": 26576,
        "Volume": 24975507,
        "Close of Quarter": 39.8,
        "EPS": 3462,
        "Non-adjusted EPS": 3462,
        "PE": 11.5,
        "Book Price": 42.5
      }
    },
    {
      "quarter": "Q3 2015",
      "income status": {
        "Net sales": 2721537,
        "Cost of goods sold": 2632378,
        "Gross Profit": 89159,
        "Financial expenses": 12834,
        "Of which: Interest expense": 13082,
        "Cost of sales": 58204,
        "Enterprise cost management": 42006,
        "Total Operating Expenses": 113044,
        "Total revenue financing activities": 64851,
        "Net profit from business activities": 47792,
        "Profit": 12773,
        "Profit before tax": 60565,
        "Present corporate income tax expenses": 10128,
        "Deferred income taxes expenses": "N/A",
        "The interests of minority shareholders": 31432,
        "Total Cost of profits": 41560,
        "Profit after tax corporate income": 19005,
        "Volume": 24975507,
        "Close of Quarter": 20.2,
        "EPS": 3143,
        "Non-adjusted EPS": 3143,
        "PE": 6.4,
        "Book Price": 41.4
      }
    },
    {
      "quarter": "Q2 2015",
      "income status": {
        "Net sales": 2224085,
        "Cost of goods sold": 2093032,
        "Gross Profit": 131053,
        "Financial expenses": 14161,
        "Of which: Interest expense": 12414,
        "Cost of sales": 51730,
        "Enterprise cost management": 27690,
        "Total Operating Expenses": 93581,
        "Total revenue financing activities": 8062,
        "Net profit from business activities": 48240,
        "Profit": 7496,
        "Profit before tax": 55736,
        "Present corporate income tax expenses": 10119,
        "Deferred income taxes expenses": "N/A",
        "The interests of minority shareholders": 15154,
        "Total Cost of profits": 25273,
        "Profit after tax corporate income": 30463,
        "Volume": 24975507,
        "Close of Quarter": 17.6,
        "EPS": 2942,
        "Non-adjusted EPS": 2942,
        "PE": 6.0,
        "Book Price": 39.6
      }
    },
    {
      "quarter": "Q1 2015",
      "income status": {
        "Net sales": 1856626,
        "Cost of goods sold": 1731821,
        "Gross Profit": 124805,
        "Financial expenses": 13541,
        "Of which: Interest expense": 13385,
        "Cost of sales": 47095,
        "Enterprise cost management": 47610,
        "Total Operating Expenses": 108246,
        "Total revenue financing activities": 3414,
        "Net profit from business activities": 22020,
        "Profit": 9084,
        "Profit before tax": 31104,
        "Present corporate income tax expenses": 6883,
        "Deferred income taxes expenses": "N/A",
        "The interests of minority shareholders": 13795,
        "Total Cost of profits": 20678,
        "Profit after tax corporate income": 10426,
        "Volume": 24975507,
        "Close of Quarter": 17.6,
        "EPS": 2124,
        "Non-adjusted EPS": 2124,
        "PE": 8.3,
        "Book Price": 39.5
      }
    },
    {
      "quarter": "Q4 2014",
      "income status": {
        "Net sales": 2518944,
        "Cost of goods sold": 2368319,
        "Gross Profit": 150625,
        "Financial expenses": 14948,
        "Of which: Interest expense": 16133,
        "Cost of sales": 59785,
        "Enterprise cost management": 55385,
        "Total Operating Expenses": 130118,
        "Total revenue financing activities": 2909,
        "Net profit from business activities": 26157,
        "Profit": 11502,
        "Profit before tax": 37660,
        "Present corporate income tax expenses": 10167,
        "Deferred income taxes expenses": 226,
        "The interests of minority shareholders": 8668,
        "Total Cost of profits": 19061,
        "Profit after tax corporate income": 18599,
        "Volume": 24975507,
        "Close of Quarter": 14.5,
        "EPS": 2091,
        "Non-adjusted EPS": 2091,
        "PE": 7.0,
        "Book Price": 38.9
      }
    },
    {
      "quarter": "Q3 2014",
      "income status": {
        "Net sales": 2022322,
        "Cost of goods sold": 1901597,
        "Gross Profit": 120725,
        "Financial expenses": 17425,
        "Of which: Interest expense": 17222,
        "Cost of sales": 47488,
        "Enterprise cost management": 41094,
        "Total Operating Expenses": 106007,
        "Total revenue financing activities": 2753,
        "Net profit from business activities": 20608,
        "Profit": 9284,
        "Profit before tax": 29892,
        "Present corporate income tax expenses": 6053,
        "Deferred income taxes expenses": "N/A",
        "The interests of minority shareholders": 9858,
        "Total Cost of profits": 15911,
        "Profit after tax corporate income": 13981,
        "Volume": 24975507,
        "Close of Quarter": 13.9,
        "EPS": 1636,
        "Non-adjusted EPS": 1636,
        "PE": 8.5,
        "Book Price": 38.1
      }
    },
    {
      "quarter": "Q2 2014",
      "income status": {
        "Net sales": 1795244,
        "Cost of goods sold": 1667332,
        "Gross Profit": 127912,
        "Financial expenses": 16003,
        "Of which: Interest expense": 15366,
        "Cost of sales": 38211,
        "Enterprise cost management": 34892,
        "Total Operating Expenses": 89106,
        "Total revenue financing activities": 3101,
        "Net profit from business activities": 43212,
        "Profit": -11922,
        "Profit before tax": 31291,
        "Present corporate income tax expenses": 11891,
        "Deferred income taxes expenses": "N/A",
        "The interests of minority shareholders": 9347,
        "Total Cost of profits": 21238,
        "Profit after tax corporate income": 10053,
        "Volume": 24975507,
        "Close of Quarter": 12.9,
        "EPS": 1567,
        "Non-adjusted EPS": 1567,
        "PE": 8.2,
        "Book Price": 37.2
      }
    },
    {
      "quarter": "Q1 2014",
      "income status": {
        "Net sales": 1593484,
        "Cost of goods sold": 1495204,
        "Gross Profit": 98280,
        "Financial expenses": 19038,
        "Of which: Interest expense": 16316,
        "Cost of sales": 41288,
        "Enterprise cost management": 34469,
        "Total Operating Expenses": 94795,
        "Total revenue financing activities": 2651,
        "Net profit from business activities": 8313,
        "Profit": 11621,
        "Profit before tax": 19934,
        "Present corporate income tax expenses": 3746,
        "Deferred income taxes expenses": "N/A",
        "The interests of minority shareholders": 6596,
        "Total Cost of profits": 10342,
        "Profit after tax corporate income": 9592,
        "Volume": 24975507,
        "Close of Quarter": 15.2,
        "EPS": 1755,
        "Non-adjusted EPS": 1755,
        "PE": 8.7,
        "Book Price": 36.3
      }
    },
    {
      "quarter": "Q4 2013",
      "income status": {
        "Net sales": 2027509,
        "Cost of goods sold": 1930848,
        "Gross Profit": 96660,
        "Financial expenses": 14172,
        "Of which: Interest expense": 21194,
        "Cost of sales": 49437,
        "Enterprise cost management": 40802,
        "Total Operating Expenses": 104411,
        "Total revenue financing activities": 16764,
        "Net profit from business activities": 9013,
        "Profit": 7534,
        "Profit before tax": 16372,
        "Present corporate income tax expenses": 7105,
        "Deferred income taxes expenses": 1324,
        "The interests of minority shareholders": 715,
        "Total Cost of profits": 9144,
        "Profit after tax corporate income": 7229,
        "Volume": 24975507,
        "Close of Quarter": 12.7,
        "EPS": 1622,
        "Non-adjusted EPS": 1622,
        "PE": 7.8,
        "Book Price": 29.6
      }
    },
    {
      "quarter": "Q3 2013",
      "income status": {
        "Net sales": 1599178,
        "Cost of goods sold": 1497271,
        "Gross Profit": 101906,
        "Financial expenses": 23858,
        "Of which: Interest expense": 21623,
        "Cost of sales": 42681,
        "Enterprise cost management": 36394,
        "Total Operating Expenses": 102933,
        "Total revenue financing activities": 14750,
        "Net profit from business activities": 13723,
        "Profit": 7655,
        "Profit before tax": 22805,
        "Present corporate income tax expenses": 4723,
        "Deferred income taxes expenses": "N/A",
        "The interests of minority shareholders": 5820,
        "Total Cost of profits": 10543,
        "Profit after tax corporate income": 12263,
        "Volume": 24975507,
        "Close of Quarter": 11.5,
        "EPS": 1712,
        "Non-adjusted EPS": 1712,
        "PE": 6.7,
        "Book Price": 29.6
      }
    },
    {
      "quarter": "Q2 2013",
      "income status": {
        "Net sales": 1592029,
        "Cost of goods sold": 1495697,
        "Gross Profit": 96332,
        "Financial expenses": 22455,
        "Of which: Interest expense": 22863,
        "Cost of sales": 39523,
        "Enterprise cost management": 33528,
        "Total Operating Expenses": 95506,
        "Total revenue financing activities": 11535,
        "Net profit from business activities": 12360,
        "Profit": 18518,
        "Profit before tax": 28767,
        "Present corporate income tax expenses": 7050,
        "Deferred income taxes expenses": "N/A",
        "The interests of minority shareholders": 6974,
        "Total Cost of profits": 14024,
        "Profit after tax corporate income": 14743,
        "Volume": 24975507,
        "Close of Quarter": 10.1,
        "EPS": 1803,
        "Non-adjusted EPS": 1803,
        "PE": 5.6,
        "Book Price": 29.1
      }
    },
    {
      "quarter": "Q1 2013",
      "income status": {
        "Net sales": 1371074,
        "Cost of goods sold": 1270154,
        "Gross Profit": 100919,
        "Financial expenses": 24697,
        "Of which: Interest expense": 24441,
        "Cost of sales": 37844,
        "Enterprise cost management": 35174,
        "Total Operating Expenses": 97715,
        "Total revenue financing activities": 3916,
        "Net profit from business activities": 7121,
        "Profit": 8456,
        "Profit before tax": 18200,
        "Present corporate income tax expenses": 5204,
        "Deferred income taxes expenses": "N/A",
        "The interests of minority shareholders": 6716,
        "Total Cost of profits": 11920,
        "Profit after tax corporate income": 6281,
        "Volume": 24975507,
        "Close of Quarter": 9.5,
        "EPS": 2142,
        "Non-adjusted EPS": 2142,
        "PE": 4.4,
        "Book Price": 29.7
      }
    },
    {
      "quarter": "Q4 2012",
      "income status": {
        "Net sales": 1945130,
        "Cost of goods sold": 1825918,
        "Gross Profit": 119212,
        "Financial expenses": 47852,
        "Of which: Interest expense": 29658,
        "Cost of sales": 62366,
        "Enterprise cost management": 58672,
        "Total Operating Expenses": 168890,
        "Total revenue financing activities": 11788,
        "Net profit from business activities": -37890,
        "Profit": 58815,
        "Profit before tax": 24420,
        "Present corporate income tax expenses": 6693,
        "Deferred income taxes expenses": 883,
        "The interests of minority shareholders": 7362,
        "Total Cost of profits": 14938,
        "Profit after tax corporate income": 9481,
        "Volume": 24975507,
        "Close of Quarter": 10.7,
        "EPS": 1914,
        "Non-adjusted EPS": 1914,
        "PE": 5.6,
        "Book Price": 29.4
      }
    },
    {
      "quarter": "Q3 2012",
      "income status": {
        "Net sales": 1298862,
        "Cost of goods sold": 1204377,
        "Gross Profit": 94485,
        "Financial expenses": 34785,
        "Of which: Interest expense": 36378,
        "Cost of sales": 52214,
        "Enterprise cost management": 31568,
        "Total Operating Expenses": 118567,
        "Total revenue financing activities": 4867,
        "Net profit from business activities": -19214,
        "Profit": 31005,
        "Profit before tax": 12591,
        "Present corporate income tax expenses": 1383,
        "Deferred income taxes expenses": "N/A",
        "The interests of minority shareholders": -3321,
        "Total Cost of profits": -1938,
        "Profit after tax corporate income": 14529,
        "Volume": 24975507,
        "Close of Quarter": 6.9,
        "EPS": 2008,
        "Non-adjusted EPS": 2008,
        "PE": 3.5,
        "Book Price": 29.5
      }
    },
    {
      "quarter": "Q2 2012",
      "income status": {
        "Net sales": 1131370,
        "Cost of goods sold": 1044314,
        "Gross Profit": 87056,
        "Financial expenses": 46767,
        "Of which: Interest expense": 43063,
        "Cost of sales": 40844,
        "Enterprise cost management": 29525,
        "Total Operating Expenses": 117136,
        "Total revenue financing activities": 4794,
        "Net profit from business activities": -25286,
        "Profit": 44671,
        "Profit before tax": 18926,
        "Present corporate income tax expenses": 1301,
        "Deferred income taxes expenses": "N/A",
        "The interests of minority shareholders": -5573,
        "Total Cost of profits": -4272,
        "Profit after tax corporate income": 23198,
        "Volume": 24975507,
        "Close of Quarter": 7.5,
        "EPS": 2347,
        "Non-adjusted EPS": 2347,
        "PE": 3.2,
        "Book Price": 28.9
      }
    },
    {
      "quarter": "Q1 2012",
      "income status": {
        "Net sales": 1145031,
        "Cost of goods sold": 1040256,
        "Gross Profit": 104775,
        "Financial expenses": 51873,
        "Of which: Interest expense": 49226,
        "Cost of sales": 44384,
        "Enterprise cost management": 33161,
        "Total Operating Expenses": 129418,
        "Total revenue financing activities": 7980,
        "Net profit from business activities": 16663,
        "Profit": 20229,
        "Profit before tax": 4713,
        "Present corporate income tax expenses": 1732,
        "Deferred income taxes expenses": "N/A",
        "The interests of minority shareholders": 1193,
        "Total Cost of profits": 2925,
        "Profit after tax corporate income": 595,
        "Volume": 24975507,
        "Close of Quarter": 10.2,
        "EPS": 1507,
        "Non-adjusted EPS": 1507,
        "PE": 6.8,
        "Book Price": 29.7
      }
    },
    {
      "quarter": "Q4 2011",
      "income status": {
        "Net sales": 1874818,
        "Cost of goods sold": 1762364,
        "Gross Profit": 112454,
        "Financial expenses": 38997,
        "Of which: Interest expense": 33285,
        "Cost of sales": 43211,
        "Enterprise cost management": 47389,
        "Total Operating Expenses": 129597,
        "Total revenue financing activities": 26296,
        "Net profit from business activities": 9153,
        "Profit": 26614,
        "Profit before tax": 39504,
        "Present corporate income tax expenses": 11633,
        "Deferred income taxes expenses": 7067,
        "The interests of minority shareholders": 8972,
        "Total Cost of profits": 27672,
        "Profit after tax corporate income": 11832,
        "Volume": 24975507,
        "Close of Quarter": 11.9,
        "EPS": 1557,
        "Non-adjusted EPS": 1557,
        "PE": 7.6,
        "Book Price": 29.4
      }
    },
    {
      "quarter": "Q3 2011",
      "income status": {
        "Net sales": 1839211,
        "Cost of goods sold": 1728608,
        "Gross Profit": 110603,
        "Financial expenses": 35729,
        "Of which: Interest expense": 29599,
        "Cost of sales": 40558,
        "Enterprise cost management": 34240,
        "Total Operating Expenses": 110527,
        "Total revenue financing activities": 4822,
        "Net profit from business activities": 4898,
        "Profit": 35766,
        "Profit before tax": 41578,
        "Present corporate income tax expenses": 6248,
        "Deferred income taxes expenses": "N/A",
        "The interests of minority shareholders": 12344,
        "Total Cost of profits": 18592,
        "Profit after tax corporate income": 22987,
        "Volume": 24975507,
        "Close of Quarter": 12.6,
        "EPS": 2511,
        "Non-adjusted EPS": 2511,
        "PE": 5.0,
        "Book Price": 29.1
      }
    },
    {
      "quarter": "Q2 2011",
      "income status": {
        "Net sales": 1201697,
        "Cost of goods sold": 1114455,
        "Gross Profit": 87242,
        "Financial expenses": 38747,
        "Of which: Interest expense": 30058,
        "Cost of sales": 28358,
        "Enterprise cost management": 30381,
        "Total Operating Expenses": 97486,
        "Total revenue financing activities": 17587,
        "Net profit from business activities": 7343,
        "Profit": 8034,
        "Profit before tax": 14955,
        "Present corporate income tax expenses": 5090,
        "Deferred income taxes expenses": "N/A",
        "The interests of minority shareholders": 7649,
        "Total Cost of profits": 12739,
        "Profit after tax corporate income": 2216,
        "Volume": 24975507,
        "Close of Quarter": 12.8,
        "EPS": 2180,
        "Non-adjusted EPS": 2180,
        "PE": 5.9,
        "Book Price": 28.2
      }
    },
    {
      "quarter": "Q1 2011",
      "income status": {
        "Net sales": 1255772,
        "Cost of goods sold": 1165200,
        "Gross Profit": 90572,
        "Financial expenses": 29219,
        "Of which: Interest expense": 26550,
        "Cost of sales": 32814,
        "Enterprise cost management": 29495,
        "Total Operating Expenses": 91528,
        "Total revenue financing activities": 3721,
        "Net profit from business activities": 2765,
        "Profit": 10359,
        "Profit before tax": 15651,
        "Present corporate income tax expenses": 6895,
        "Deferred income taxes expenses": "N/A",
        "The interests of minority shareholders": 6903,
        "Total Cost of profits": 13798,
        "Profit after tax corporate income": 1853,
        "Volume": 24975507,
        "Close of Quarter": 14.8,
        "EPS": 2816,
        "Non-adjusted EPS": 2816,
        "PE": 5.3,
        "Book Price": 29.4
      }
    },
    {
      "quarter": "Q4 2010",
      "income status": {
        "Net sales": 1456206,
        "Cost of goods sold": 1351963,
        "Gross Profit": 104243,
        "Financial expenses": 23982,
        "Of which: Interest expense": 23286,
        "Cost of sales": 35917,
        "Enterprise cost management": 33272,
        "Total Operating Expenses": 93171,
        "Total revenue financing activities": 19600,
        "Net profit from business activities": 30672,
        "Profit": 12393,
        "Profit before tax": 47332,
        "Present corporate income tax expenses": 9666,
        "Deferred income taxes expenses": -1830,
        "The interests of minority shareholders": 3833,
        "Total Cost of profits": 11669,
        "Profit after tax corporate income": 35663,
        "Volume": 24975507,
        "Close of Quarter": 15.7,
        "EPS": 3129,
        "Non-adjusted EPS": 3129,
        "PE": 5.0,
        "Book Price": 29.3
      }
    },
    {
      "quarter": "Q3 2010",
      "income status": {
        "Net sales": 1042095,
        "Cost of goods sold": 980807,
        "Gross Profit": 61288,
        "Financial expenses": 20119,
        "Of which: Interest expense": 17594,
        "Cost of sales": 27637,
        "Enterprise cost management": 19436,
        "Total Operating Expenses": 67192,
        "Total revenue financing activities": 22265,
        "Net profit from business activities": 16361,
        "Profit": 1061,
        "Profit before tax": 18965,
        "Present corporate income tax expenses": 3390,
        "Deferred income taxes expenses": "N/A",
        "The interests of minority shareholders": 862,
        "Total Cost of profits": 4252,
        "Profit after tax corporate income": 14713,
        "Volume": 24975507,
        "Close of Quarter": 18.1,
        "EPS": 2504,
        "Non-adjusted EPS": 2504,
        "PE": 7.2,
        "Book Price": 28.2
      }
    },
    {
      "quarter": "Q2 2010",
      "income status": {
        "Net sales": 933396,
        "Cost of goods sold": 877532,
        "Gross Profit": 55864,
        "Financial expenses": 3443,
        "Of which: Interest expense": 14752,
        "Cost of sales": 23075,
        "Enterprise cost management": 22229,
        "Total Operating Expenses": 48747,
        "Total revenue financing activities": 13795,
        "Net profit from business activities": 20912,
        "Profit": 4093,
        "Profit before tax": 23960,
        "Present corporate income tax expenses": 3642,
        "Deferred income taxes expenses": 466,
        "The interests of minority shareholders": 1755,
        "Total Cost of profits": 5863,
        "Profit after tax corporate income": 18097,
        "Volume": 24995572,
        "Close of Quarter": 20.7,
        "EPS": 2226.8,
        "Non-adjusted EPS": 2225,
        "PE": 9.3,
        "Book Price": 28.1
      }
    },
    {
      "quarter": "Q1 2010",
      "income status": {
        "Net sales": 761335,
        "Cost of goods sold": 710120,
        "Gross Profit": 51215,
        "Financial expenses": 11083,
        "Of which: Interest expense": 9907,
        "Cost of sales": 19304,
        "Enterprise cost management": 15906,
        "Total Operating Expenses": 46293,
        "Total revenue financing activities": 2363,
        "Net profit from business activities": 7286,
        "Profit": 6127,
        "Profit before tax": 17171,
        "Present corporate income tax expenses": 3663,
        "Deferred income taxes expenses": "N/A",
        "The interests of minority shareholders": 3841,
        "Total Cost of profits": 7504,
        "Profit after tax corporate income": 9668,
        "Volume": 24995572,
        "Close of Quarter": 21.8,
        "EPS": 3137.5,
        "Non-adjusted EPS": 3135,
        "PE": 7.0,
        "Book Price": 28.6
      }
    },
    {
      "quarter": "Q4 2009",
      "income status": {
        "Net sales": 1117001,
        "Cost of goods sold": 1037407,
        "Gross Profit": 79594,
        "Financial expenses": 11151,
        "Of which: Interest expense": 7908,
        "Cost of sales": 24481,
        "Enterprise cost management": 28658,
        "Total Operating Expenses": 64290,
        "Total revenue financing activities": 16500,
        "Net profit from business activities": 31805,
        "Profit": -3176,
        "Profit before tax": 33391,
        "Present corporate income tax expenses": 4827,
        "Deferred income taxes expenses": 580,
        "The interests of minority shareholders": 7930,
        "Total Cost of profits": 13337,
        "Profit after tax corporate income": 20055,
        "Volume": 24995572,
        "Close of Quarter": 21.8,
        "EPS": 2991.4,
        "Non-adjusted EPS": 2989,
        "PE": 7.3,
        "Book Price": 29.0
      }
    },
    {
      "quarter": "Q3 2009",
      "income status": {
        "Net sales": 826670,
        "Cost of goods sold": 770509,
        "Gross Profit": 56161,
        "Financial expenses": 6489,
        "Of which: Interest expense": 9821,
        "Cost of sales": 17116,
        "Enterprise cost management": 20349,
        "Total Operating Expenses": 43954,
        "Total revenue financing activities": 2849,
        "Net profit from business activities": 15056,
        "Profit": 645,
        "Profit before tax": 19455,
        "Present corporate income tax expenses": 4511,
        "Deferred income taxes expenses": "N/A",
        "The interests of minority shareholders": 7150,
        "Total Cost of profits": 11661,
        "Profit after tax corporate income": 7794,
        "Volume": 20361039,
        "Close of Quarter": 30.2,
        "EPS": 2528.1,
        "Non-adjusted EPS": 3101,
        "PE": 9.8,
        "Book Price": 21.4
      }
    },
    {
      "quarter": "Q2 2009",
      "income status": {
        "Net sales": 557118,
        "Cost of goods sold": 487443,
        "Gross Profit": 69674,
        "Financial expenses": -3613,
        "Of which: Interest expense": "N/A",
        "Cost of sales": 14502,
        "Enterprise cost management": 17315,
        "Total Operating Expenses": 28204,
        "Total revenue financing activities": 7306,
        "Net profit from business activities": 48777,
        "Profit": 1993,
        "Profit before tax": 56760,
        "Present corporate income tax expenses": 8110,
        "Deferred income taxes expenses": 2572,
        "The interests of minority shareholders": 5225,
        "Total Cost of profits": 15907,
        "Profit after tax corporate income": 40853,
        "Volume": 20139979,
        "Close of Quarter": 21.8,
        "EPS": 2507.1,
        "Non-adjusted EPS": 3109,
        "PE": 7,
        "Book Price": 20.8
      }
    },
    {
      "quarter": "Q1 2009",
      "income status": {
        "Net sales": 579982,
        "Cost of goods sold": 526417,
        "Gross Profit": 53566,
        "Financial expenses": 11554,
        "Of which: Interest expense": 11323,
        "Cost of sales": 17255,
        "Enterprise cost management": 13233,
        "Total Operating Expenses": 42042,
        "Total revenue financing activities": 832,
        "Net profit from business activities": 12356,
        "Profit": 3766,
        "Profit before tax": 16121,
        "Present corporate income tax expenses": 6457,
        "Deferred income taxes expenses": "N/A",
        "The interests of minority shareholders": 3652,
        "Total Cost of profits": 10109,
        "Profit after tax corporate income": 6012,
        "Volume": 20361040,
        "Close of Quarter": 7.1,
        "EPS": 1319.9,
        "Non-adjusted EPS": 1619,
        "PE": 4.4,
        "Book Price": 19.2
      }
    },
    {
      "quarter": "Q4 2008",
      "income status": {
        "Net sales": 523177,
        "Cost of goods sold": 473759,
        "Gross Profit": 49418,
        "Financial expenses": 142201,
        "Of which: Interest expense": "N/A",
        "Cost of sales": 20986,
        "Enterprise cost management": 14032,
        "Total Operating Expenses": 177219,
        "Total revenue financing activities": 39677,
        "Net profit from business activities": -88124,
        "Profit": 106281,
        "Profit before tax": 21520,
        "Present corporate income tax expenses": 8828,
        "Deferred income taxes expenses": 3310,
        "The interests of minority shareholders": 902,
        "Total Cost of profits": 13040,
        "Profit after tax corporate income": 8480,
        "Volume": 20361040,
        "Close of Quarter": 6.8,
        "EPS": 1221.2,
        "Non-adjusted EPS": 1498,
        "PE": 4.5,
        "Book Price": 19.4
      }
    },
    {
      "quarter": "Q3 2008",
      "income status": {
        "Net sales": 494002,
        "Cost of goods sold": 454858,
        "Gross Profit": 39144,
        "Financial expenses": 24365,
        "Of which: Interest expense": "N/A",
        "Cost of sales": 14492,
        "Enterprise cost management": 12346,
        "Total Operating Expenses": 51203,
        "Total revenue financing activities": 22205,
        "Net profit from business activities": 10147,
        "Profit": 514,
        "Profit before tax": 13557,
        "Present corporate income tax expenses": 2564,
        "Deferred income taxes expenses": -144,
        "The interests of minority shareholders": 3875,
        "Total Cost of profits": 6295,
        "Profit after tax corporate income": 7261,
        "Volume": 20361040,
        "Close of Quarter": 12.2,
        "EPS": 1421.0,
        "Non-adjusted EPS": 1743,
        "PE": 7.0,
        "Book Price": 19.2
      }
    },
    {
      "quarter": "Q2 2008",
      "income status": {
        "Net sales": 663391,
        "Cost of goods sold": 615958,
        "Gross Profit": 47434,
        "Financial expenses": -20609,
        "Of which: Interest expense": "N/A",
        "Cost of sales": 10538,
        "Enterprise cost management": 12926,
        "Total Operating Expenses": 2855,
        "Total revenue financing activities": -26871,
        "Net profit from business activities": 17708,
        "Profit": 1988,
        "Profit before tax": 22390,
        "Present corporate income tax expenses": 5394,
        "Deferred income taxes expenses": -2453,
        "The interests of minority shareholders": 8236,
        "Total Cost of profits": 11177,
        "Profit after tax corporate income": 11212,
        "Volume": 20361040,
        "Close of Quarter": 13.3,
        "EPS": 1909.3,
        "Non-adjusted EPS": 2342,
        "PE": 5.7,
        "Book Price": 18.9
      }
    },
    {
      "quarter": "Q1 2008",
      "income status": {
        "Net sales": 526949,
        "Cost of goods sold": 491302,
        "Gross Profit": 35646,
        "Financial expenses": 52741,
        "Of which: Interest expense": "N/A",
        "Cost of sales": 11590,
        "Enterprise cost management": 12900,
        "Total Operating Expenses": 77231,
        "Total revenue financing activities": 44573,
        "Net profit from business activities": 2990,
        "Profit": 863,
        "Profit before tax": 9509,
        "Present corporate income tax expenses": 3145,
        "Deferred income taxes expenses": -1805,
        "The interests of minority shareholders": 4616,
        "Total Cost of profits": 5956,
        "Profit after tax corporate income": 3553,
        "Volume": 20361040,
        "Close of Quarter": 21.1,
        "EPS": 2450.6,
        "Non-adjusted EPS": 3006,
        "PE": 7.0,
        "Book Price": 14.5
      }
    },
    {
      "quarter": "Q4 2007",
      "income status": {
        "Net sales": 750744,
        "Cost of goods sold": 710120,
        "Gross Profit": 40623,
        "Financial expenses": 11216,
        "Of which: Interest expense": "N/A",
        "Cost of sales": 17857,
        "Enterprise cost management": 22629,
        "Total Operating Expenses": 51702,
        "Total revenue financing activities": 24542,
        "Net profit from business activities": 13464,
        "Profit": 2607,
        "Profit before tax": 20399,
        "Present corporate income tax expenses": 4218,
        "Deferred income taxes expenses": -729,
        "The interests of minority shareholders": 3443,
        "Total Cost of profits": 6932,
        "Profit after tax corporate income": 13466,
        "Volume": 20361040,
        "Close of Quarter": 50.8,
        "EPS": 2663.4,
        "Non-adjusted EPS": 3267,
        "PE": 15.5,
        "Book Price": 14.4
      }
    },
    {
      "quarter": "Q3 2007",
      "income status": {
        "Net sales": 408369,
        "Cost of goods sold": 381541,
        "Gross Profit": 26828,
        "Financial expenses": 6131,
        "Of which: Interest expense": "N/A",
        "Cost of sales": 10142,
        "Enterprise cost management": 15977,
        "Total Operating Expenses": 32250,
        "Total revenue financing activities": 26427,
        "Net profit from business activities": 21005,
        "Profit": 1304,
        "Profit before tax": 24529,
        "Present corporate income tax expenses": 2478,
        "Deferred income taxes expenses": "N/A",
        "The interests of minority shareholders": 2599,
        "Total Cost of profits": 5077,
        "Profit after tax corporate income": 19452,
        "Volume": 20361040,
        "Close of Quarter": 60.4,
        "EPS": 2901.4,
        "Non-adjusted EPS": 3559,
        "PE": 17.0,
        "Book Price": 14.3
      }
    },
    {
      "quarter": "Q2 2007",
      "income status": {
        "Net sales": 327579,
        "Cost of goods sold": 305042,
        "Gross Profit": 22538,
        "Financial expenses": 4534,
        "Of which: Interest expense": "N/A",
        "Cost of sales": 8620,
        "Enterprise cost management": 10126,
        "Total Operating Expenses": 23280,
        "Total revenue financing activities": 31752,
        "Net profit from business activities": 31010,
        "Profit": 1124,
        "Profit before tax": 28791,
        "Present corporate income tax expenses": 2591,
        "Deferred income taxes expenses": "N/A",
        "The interests of minority shareholders": 1466,
        "Total Cost of profits": 4057,
        "Profit after tax corporate income": 24734,
        "Volume": 20361040,
        "Close of Quarter": 51.4,
        "EPS": 2122.1,
        "Non-adjusted EPS": 2603,
        "PE": 19.7,
        "Book Price": 13.5
      }
    },
    {
      "quarter": "Q1 2007",
      "income status": {
        "Net sales": 348385,
        "Cost of goods sold": 327178,
        "Gross Profit": 21207,
        "Financial expenses": 5330,
        "Of which: Interest expense": 1254,
        "Cost of sales": 9530,
        "Enterprise cost management": 10588,
        "Total Operating Expenses": 25448,
        "Total revenue financing activities": 14034,
        "Net profit from business activities": 9793,
        "Profit": 1032,
        "Profit before tax": 10447,
        "Present corporate income tax expenses": 1069,
        "Deferred income taxes expenses": "N/A",
        "The interests of minority shareholders": 506,
        "Total Cost of profits": 1575,
        "Profit after tax corporate income": 8872,
        "Volume": 20361040,
        "Close of Quarter": 78.3,
        "EPS": 1131.6,
        "Non-adjusted EPS": 1388,
        "PE": 56.4,
        "Book Price": 7.3
      }
    },
    {
      "quarter": "Q4 2006",
      "income status": {
        "Net sales": 35648,
        "Cost of goods sold": 32446,
        "Gross Profit": 3202,
        "Financial expenses": 10739,
        "Of which: Interest expense": "N/A",
        "Cost of sales": 1372,
        "Enterprise cost management": 12436,
        "Total Operating Expenses": 24547,
        "Total revenue financing activities": 40426,
        "Net profit from business activities": 19080,
        "Profit": 319,
        "Profit before tax": 19399,
        "Present corporate income tax expenses": "N/A",
        "Deferred income taxes expenses": "N/A",
        "The interests of minority shareholders": "N/A",
        "Total Cost of profits": 0,
        "Profit after tax corporate income": 19399,
        "Volume": 20361040,
        "Close of Quarter": 75.5,
        "EPS": 776.9,
        "Non-adjusted EPS": 953,
        "PE": 79.3,
        "Book Price": 6.9
      }
    }
  ]
}