{
  "ticker": "VIS",
  "data": [
    {
      "quarter": "Q1 2017",
      "income status": {
        "Net sales": 1491699,
        "Cost of goods sold": 1415582,
        "Gross Profit": 76117,
        "Financial expenses": 23972,
        "Of which: Interest expense": 22993,
        "Cost of sales": 3477,
        "Enterprise cost management": 9605,
        "Total Operating Expenses": 37054,
        "Total revenue financing activities": 812,
        "Net profit from business activities": 39876,
        "Profit": 317,
        "Profit before tax": 40193,
        "Present corporate income tax expenses": 8117,
        "Deferred income taxes expenses": "N/A",
        "The interests of minority shareholders": "N/A",
        "Total Cost of profits": 8117,
        "Profit after tax corporate income": 32077,
        "Volume": 49220262,
        "Close of Quarter": 24.6,
        "EPS": 1689,
        "Non-adjusted EPS": 1689,
        "PE": 14.6,
        "Book Price": 14.4
      }
    },
    {
      "quarter": "Q4 2016",
      "income status": {
        "Net sales": 1431376,
        "Cost of goods sold": 1345029,
        "Gross Profit": 86348,
        "Financial expenses": 23655,
        "Of which: Interest expense": 16865,
        "Cost of sales": 2467,
        "Enterprise cost management": 19214,
        "Total Operating Expenses": 45336,
        "Total revenue financing activities": 49,
        "Net profit from business activities": 41060,
        "Profit": 137,
        "Profit before tax": 41197,
        "Present corporate income tax expenses": 2264,
        "Deferred income taxes expenses": "N/A",
        "The interests of minority shareholders": "N/A",
        "Total Cost of profits": 2264,
        "Profit after tax corporate income": 38933,
        "Volume": 49220262,
        "Close of Quarter": 18.9,
        "EPS": 1480,
        "Non-adjusted EPS": 1480,
        "PE": 12.8,
        "Book Price": 13.7
      }
    },
    {
      "quarter": "Q3 2016",
      "income status": {
        "Net sales": 1004545,
        "Cost of goods sold": 958879,
        "Gross Profit": 45666,
        "Financial expenses": 15674,
        "Of which: Interest expense": 15670,
        "Cost of sales": 3422,
        "Enterprise cost management": 15390,
        "Total Operating Expenses": 34486,
        "Total revenue financing activities": 198,
        "Net profit from business activities": 11379,
        "Profit": 135,
        "Profit before tax": 11513,
        "Present corporate income tax expenses": "N/A",
        "Deferred income taxes expenses": "N/A",
        "The interests of minority shareholders": "N/A",
        "Total Cost of profits": 0,
        "Profit after tax corporate income": 11513,
        "Volume": 49220262,
        "Close of Quarter": 16.6,
        "EPS": 157,
        "Non-adjusted EPS": 157,
        "PE": 105.7,
        "Book Price": 12.9
      }
    },
    {
      "quarter": "Q2 2016",
      "income status": {
        "Net sales": 643708,
        "Cost of goods sold": 592583,
        "Gross Profit": 51125,
        "Financial expenses": 12044,
        "Of which: Interest expense": 10868,
        "Cost of sales": 5113,
        "Enterprise cost management": 33444,
        "Total Operating Expenses": 50601,
        "Total revenue financing activities": 555,
        "Net profit from business activities": 1078,
        "Profit": -491,
        "Profit before tax": 587,
        "Present corporate income tax expenses": "N/A",
        "Deferred income taxes expenses": "N/A",
        "The interests of minority shareholders": "N/A",
        "Total Cost of profits": 0,
        "Profit after tax corporate income": 587,
        "Volume": 49220262,
        "Close of Quarter": 11.7,
        "EPS": 143,
        "Non-adjusted EPS": 143,
        "PE": 81.8,
        "Book Price": 12.7
      }
    },
    {
      "quarter": "Q1 2016",
      "income status": {
        "Net sales": 659908,
        "Cost of goods sold": 609150,
        "Gross Profit": 50758,
        "Financial expenses": 11482,
        "Of which: Interest expense": 11330,
        "Cost of sales": 5866,
        "Enterprise cost management": 12606,
        "Total Operating Expenses": 29954,
        "Total revenue financing activities": 643,
        "Net profit from business activities": 21447,
        "Profit": 369,
        "Profit before tax": 21816,
        "Present corporate income tax expenses": "N/A",
        "Deferred income taxes expenses": "N/A",
        "The interests of minority shareholders": "N/A",
        "Total Cost of profits": 0,
        "Profit after tax corporate income": 21816,
        "Volume": 49220262,
        "Close of Quarter": 7.2,
        "EPS": 193,
        "Non-adjusted EPS": 193,
        "PE": 37.3,
        "Book Price": 12.7
      }
    },
    {
      "quarter": "Q4 2015",
      "income status": {
        "Net sales": 791510,
        "Cost of goods sold": 757891,
        "Gross Profit": 33619,
        "Financial expenses": 16410,
        "Of which: Interest expense": 16267,
        "Cost of sales": 9161,
        "Enterprise cost management": 32579,
        "Total Operating Expenses": 58150,
        "Total revenue financing activities": 309,
        "Net profit from business activities": -24223,
        "Profit": -1982,
        "Profit before tax": -26205,
        "Present corporate income tax expenses": "N/A",
        "Deferred income taxes expenses": "N/A",
        "The interests of minority shareholders": "N/A",
        "Total Cost of profits": 0,
        "Profit after tax corporate income": -26205,
        "Volume": 49220262,
        "Close of Quarter": 7.7,
        "EPS": -1054,
        "Non-adjusted EPS": -1054,
        "PE": -7.3,
        "Book Price": 12.3
      }
    },
    {
      "quarter": "Q3 2015",
      "income status": {
        "Net sales": 746223,
        "Cost of goods sold": 691641,
        "Gross Profit": 54583,
        "Financial expenses": 19078,
        "Of which: Interest expense": 18921,
        "Cost of sales": 11328,
        "Enterprise cost management": 13581,
        "Total Operating Expenses": 43987,
        "Total revenue financing activities": 44,
        "Net profit from business activities": 10639,
        "Profit": 200,
        "Profit before tax": 10839,
        "Present corporate income tax expenses": "N/A",
        "Deferred income taxes expenses": "N/A",
        "The interests of minority shareholders": "N/A",
        "Total Cost of profits": 0,
        "Profit after tax corporate income": 10839,
        "Volume": 49220262,
        "Close of Quarter": 7.2,
        "EPS": -389,
        "Non-adjusted EPS": -389,
        "PE": -18.5,
        "Book Price": 12.8
      }
    },
    {
      "quarter": "Q2 2015",
      "income status": {
        "Net sales": 843137,
        "Cost of goods sold": 786688,
        "Gross Profit": 56449,
        "Financial expenses": 20460,
        "Of which: Interest expense": 20107,
        "Cost of sales": 18212,
        "Enterprise cost management": 14459,
        "Total Operating Expenses": 53131,
        "Total revenue financing activities": 32,
        "Net profit from business activities": 3349,
        "Profit": -310,
        "Profit before tax": 3040,
        "Present corporate income tax expenses": "N/A",
        "Deferred income taxes expenses": "N/A",
        "The interests of minority shareholders": "N/A",
        "Total Cost of profits": 0,
        "Profit after tax corporate income": 3040,
        "Volume": 49220262,
        "Close of Quarter": 8.2,
        "EPS": -530,
        "Non-adjusted EPS": -530,
        "PE": -15.5,
        "Book Price": 12.5
      }
    },
    {
      "quarter": "Q1 2015",
      "income status": {
        "Net sales": 721834,
        "Cost of goods sold": 710157,
        "Gross Profit": 11677,
        "Financial expenses": 23042,
        "Of which: Interest expense": 23040,
        "Cost of sales": 15191,
        "Enterprise cost management": 13558,
        "Total Operating Expenses": 51791,
        "Total revenue financing activities": 185,
        "Net profit from business activities": -39929,
        "Profit": 356,
        "Profit before tax": -39572,
        "Present corporate income tax expenses": "N/A",
        "Deferred income taxes expenses": "N/A",
        "The interests of minority shareholders": "N/A",
        "Total Cost of profits": 0,
        "Profit after tax corporate income": -39572,
        "Volume": 49220262,
        "Close of Quarter": 7.7,
        "EPS": -463,
        "Non-adjusted EPS": -463,
        "PE": -16.6,
        "Book Price": 12.5
      }
    },
    {
      "quarter": "Q4 2014",
      "income status": {
        "Net sales": 1079007,
        "Cost of goods sold": 1008121,
        "Gross Profit": 70886,
        "Financial expenses": 27512,
        "Of which: Interest expense": 27331,
        "Cost of sales": 24297,
        "Enterprise cost management": 14316,
        "Total Operating Expenses": 66125,
        "Total revenue financing activities": 602,
        "Net profit from business activities": 5363,
        "Profit": 1197,
        "Profit before tax": 6560,
        "Present corporate income tax expenses": "N/A",
        "Deferred income taxes expenses": "N/A",
        "The interests of minority shareholders": "N/A",
        "Total Cost of profits": 0,
        "Profit after tax corporate income": 6560,
        "Volume": 49220262,
        "Close of Quarter": 8.5,
        "EPS": 455,
        "Non-adjusted EPS": 455,
        "PE": 18.7,
        "Book Price": 13.3
      }
    },
    {
      "quarter": "Q3 2014",
      "income status": {
        "Net sales": 897634,
        "Cost of goods sold": 838129,
        "Gross Profit": 59505,
        "Financial expenses": 24617,
        "Of which: Interest expense": 24210,
        "Cost of sales": 17495,
        "Enterprise cost management": 14393,
        "Total Operating Expenses": 56505,
        "Total revenue financing activities": 414,
        "Net profit from business activities": 3413,
        "Profit": 468,
        "Profit before tax": 3881,
        "Present corporate income tax expenses": "N/A",
        "Deferred income taxes expenses": "N/A",
        "The interests of minority shareholders": "N/A",
        "Total Cost of profits": 0,
        "Profit after tax corporate income": 3881,
        "Volume": 49220262,
        "Close of Quarter": 9.1,
        "EPS": -34,
        "Non-adjusted EPS": -34,
        "PE": -267.7,
        "Book Price": 13.2
      }
    },
    {
      "quarter": "Q2 2014",
      "income status": {
        "Net sales": 1034990,
        "Cost of goods sold": 972542,
        "Gross Profit": 62448,
        "Financial expenses": 26568,
        "Of which: Interest expense": 51675,
        "Cost of sales": 15504,
        "Enterprise cost management": 15129,
        "Total Operating Expenses": 57201,
        "Total revenue financing activities": 196,
        "Net profit from business activities": 5444,
        "Profit": 883,
        "Profit before tax": 6327,
        "Present corporate income tax expenses": "N/A",
        "Deferred income taxes expenses": "N/A",
        "The interests of minority shareholders": "N/A",
        "Total Cost of profits": 0,
        "Profit after tax corporate income": 6327,
        "Volume": 49220262,
        "Close of Quarter": 7.8,
        "EPS": -845,
        "Non-adjusted EPS": -845,
        "PE": -9.2,
        "Book Price": 13.1
      }
    },
    {
      "quarter": "Q1 2014",
      "income status": {
        "Net sales": 751584,
        "Cost of goods sold": 695525,
        "Gross Profit": 56059,
        "Financial expenses": 28604,
        "Of which: Interest expense": "N/A",
        "Cost of sales": 9959,
        "Enterprise cost management": 12922,
        "Total Operating Expenses": 51485,
        "Total revenue financing activities": 520,
        "Net profit from business activities": 5094,
        "Profit": 515,
        "Profit before tax": 5609,
        "Present corporate income tax expenses": "N/A",
        "Deferred income taxes expenses": "N/A",
        "The interests of minority shareholders": "N/A",
        "Total Cost of profits": 0,
        "Profit after tax corporate income": 5609,
        "Volume": 49220262,
        "Close of Quarter": 10.2,
        "EPS": -881,
        "Non-adjusted EPS": -881,
        "PE": -11.6,
        "Book Price": 12.9
      }
    },
    {
      "quarter": "Q4 2013",
      "income status": {
        "Net sales": 1009735,
        "Cost of goods sold": 959975,
        "Gross Profit": 49760,
        "Financial expenses": 36489,
        "Of which: Interest expense": 36313,
        "Cost of sales": 11631,
        "Enterprise cost management": 19810,
        "Total Operating Expenses": 67930,
        "Total revenue financing activities": 1248,
        "Net profit from business activities": -16923,
        "Profit": -502,
        "Profit before tax": -17425,
        "Present corporate income tax expenses": "N/A",
        "Deferred income taxes expenses": 42,
        "The interests of minority shareholders": "N/A",
        "Total Cost of profits": 42,
        "Profit after tax corporate income": -17468,
        "Volume": 49220262,
        "Close of Quarter": 11.3,
        "EPS": -565,
        "Non-adjusted EPS": -565,
        "PE": -20,
        "Book Price": 12.8
      }
    },
    {
      "quarter": "Q3 2013",
      "income status": {
        "Net sales": 660394,
        "Cost of goods sold": 634405,
        "Gross Profit": 25989,
        "Financial expenses": 43213,
        "Of which: Interest expense": 43161,
        "Cost of sales": 9973,
        "Enterprise cost management": 12175,
        "Total Operating Expenses": 65361,
        "Total revenue financing activities": 145,
        "Net profit from business activities": -39228,
        "Profit": 1269,
        "Profit before tax": -37959,
        "Present corporate income tax expenses": -1895,
        "Deferred income taxes expenses": "N/A",
        "The interests of minority shareholders": "N/A",
        "Total Cost of profits": -1895,
        "Profit after tax corporate income": -36065,
        "Volume": 49220262,
        "Close of Quarter": 11.1,
        "EPS": -767,
        "Non-adjusted EPS": -767,
        "PE": -14.5,
        "Book Price": 13.2
      }
    },
    {
      "quarter": "Q2 2013",
      "income status": {
        "Net sales": 993249,
        "Cost of goods sold": 919826,
        "Gross Profit": 73423,
        "Financial expenses": 42638,
        "Of which: Interest expense": 42154,
        "Cost of sales": 10616,
        "Enterprise cost management": 16973,
        "Total Operating Expenses": 70227,
        "Total revenue financing activities": 99,
        "Net profit from business activities": 3295,
        "Profit": 1985,
        "Profit before tax": 5281,
        "Present corporate income tax expenses": 695,
        "Deferred income taxes expenses": 42,
        "The interests of minority shareholders": "N/A",
        "Total Cost of profits": 737,
        "Profit after tax corporate income": 4543,
        "Volume": 49220262,
        "Close of Quarter": 12.4,
        "EPS": -257,
        "Non-adjusted EPS": -257,
        "PE": -48.3,
        "Book Price": 13.9
      }
    },
    {
      "quarter": "Q1 2013",
      "income status": {
        "Net sales": 752714,
        "Cost of goods sold": 674105,
        "Gross Profit": 78609,
        "Financial expenses": 41656,
        "Of which: Interest expense": 41584,
        "Cost of sales": 8295,
        "Enterprise cost management": 12742,
        "Total Operating Expenses": 62693,
        "Total revenue financing activities": 2670,
        "Net profit from business activities": 18587,
        "Profit": 3814,
        "Profit before tax": 22401,
        "Present corporate income tax expenses": 1200,
        "Deferred income taxes expenses": "N/A",
        "The interests of minority shareholders": "N/A",
        "Total Cost of profits": 1200,
        "Profit after tax corporate income": 21201,
        "Volume": 49220262,
        "Close of Quarter": 9.4,
        "EPS": -120,
        "Non-adjusted EPS": -120,
        "PE": -78.3,
        "Book Price": 13.8
      }
    },
    {
      "quarter": "Q4 2012",
      "income status": {
        "Net sales": 1084567,
        "Cost of goods sold": 1038903,
        "Gross Profit": 45663,
        "Financial expenses": 54146,
        "Of which: Interest expense": 55722,
        "Cost of sales": 8440,
        "Enterprise cost management": 19371,
        "Total Operating Expenses": 81957,
        "Total revenue financing activities": 2737,
        "Net profit from business activities": -33556,
        "Profit": 2838,
        "Profit before tax": -30718,
        "Present corporate income tax expenses": -3328,
        "Deferred income taxes expenses": 42,
        "The interests of minority shareholders": "N/A",
        "Total Cost of profits": -3286,
        "Profit after tax corporate income": -27433,
        "Volume": 49220262,
        "Close of Quarter": 8.3,
        "EPS": -361,
        "Non-adjusted EPS": -361,
        "PE": -23.0,
        "Book Price": 13.4
      }
    },
    {
      "quarter": "Q3 2012",
      "income status": {
        "Net sales": 767043,
        "Cost of goods sold": 705024,
        "Gross Profit": 62019,
        "Financial expenses": 58856,
        "Of which: Interest expense": 56332,
        "Cost of sales": 8473,
        "Enterprise cost management": 11789,
        "Total Operating Expenses": 79118,
        "Total revenue financing activities": 395,
        "Net profit from business activities": -16704,
        "Profit": 1830,
        "Profit before tax": -14874,
        "Present corporate income tax expenses": -3928,
        "Deferred income taxes expenses": "N/A",
        "The interests of minority shareholders": "N/A",
        "Total Cost of profits": -3928,
        "Profit after tax corporate income": -10946,
        "Volume": 49220262,
        "Close of Quarter": 7.9,
        "EPS": 392,
        "Non-adjusted EPS": 392,
        "PE": 20.2,
        "Book Price": 13.9
      }
    },
    {
      "quarter": "Q2 2012",
      "income status": {
        "Net sales": 1092666,
        "Cost of goods sold": 1005517,
        "Gross Profit": 87149,
        "Financial expenses": 55292,
        "Of which: Interest expense": 24358,
        "Cost of sales": 9458,
        "Enterprise cost management": 7784,
        "Total Operating Expenses": 72534,
        "Total revenue financing activities": 982,
        "Net profit from business activities": 15597,
        "Profit": -174,
        "Profit before tax": 15423,
        "Present corporate income tax expenses": 4111,
        "Deferred income taxes expenses": 42,
        "The interests of minority shareholders": "N/A",
        "Total Cost of profits": 4153,
        "Profit after tax corporate income": 11269,
        "Volume": 30000000,
        "Close of Quarter": 12.1,
        "EPS": 850.3,
        "Non-adjusted EPS": 1395,
        "PE": 8.7,
        "Book Price": 14.1
      }
    },
    {
      "quarter": "Q1 2012",
      "income status": {
        "Net sales": 929283,
        "Cost of goods sold": 871279,
        "Gross Profit": 58005,
        "Financial expenses": 30711,
        "Of which: Interest expense": 9625,
        "Cost of sales": 11649,
        "Enterprise cost management": 5567,
        "Total Operating Expenses": 47927,
        "Total revenue financing activities": 2395,
        "Net profit from business activities": 12474,
        "Profit": 5,
        "Profit before tax": 12478,
        "Present corporate income tax expenses": 3144,
        "Deferred income taxes expenses": "N/A",
        "The interests of minority shareholders": "N/A",
        "Total Cost of profits": 3144,
        "Profit after tax corporate income": 9334,
        "Volume": 30000000,
        "Close of Quarter": 12.4,
        "EPS": 1329.3,
        "Non-adjusted EPS": 2181,
        "PE": 5.7,
        "Book Price": 10
      }
    },
    {
      "quarter": "Q4 2011",
      "income status": {
        "Net sales": 929804,
        "Cost of goods sold": 883358,
        "Gross Profit": 46446,
        "Financial expenses": 23063,
        "Of which: Interest expense": 21364,
        "Cost of sales": 11351,
        "Enterprise cost management": 5417,
        "Total Operating Expenses": 39831,
        "Total revenue financing activities": 5235,
        "Net profit from business activities": 11850,
        "Profit": -816,
        "Profit before tax": 11034,
        "Present corporate income tax expenses": 1347,
        "Deferred income taxes expenses": 42,
        "The interests of minority shareholders": "N/A",
        "Total Cost of profits": 1389,
        "Profit after tax corporate income": 9644,
        "Volume": 30000000,
        "Close of Quarter": 10.8,
        "EPS": 2234.5,
        "Non-adjusted EPS": 3666,
        "PE": 2.9,
        "Book Price": 12.3
      }
    },
    {
      "quarter": "Q3 2011",
      "income status": {
        "Net sales": 1016745,
        "Cost of goods sold": 983207,
        "Gross Profit": 33539,
        "Financial expenses": 14554,
        "Of which: Interest expense": 13272,
        "Cost of sales": 9465,
        "Enterprise cost management": 4358,
        "Total Operating Expenses": 28377,
        "Total revenue financing activities": 7880,
        "Net profit from business activities": 13042,
        "Profit": 2481,
        "Profit before tax": 15523,
        "Present corporate income tax expenses": 3929,
        "Deferred income taxes expenses": "N/A",
        "The interests of minority shareholders": "N/A",
        "Total Cost of profits": 3929,
        "Profit after tax corporate income": 11594,
        "Volume": 30000000,
        "Close of Quarter": 16.4,
        "EPS": 2921.4,
        "Non-adjusted EPS": 4793,
        "PE": 3.4,
        "Book Price": 12.1
      }
    },
    {
      "quarter": "Q2 2011",
      "income status": {
        "Net sales": 972388,
        "Cost of goods sold": 894178,
        "Gross Profit": 78210,
        "Financial expenses": 17089,
        "Of which: Interest expense": 16073,
        "Cost of sales": 10611,
        "Enterprise cost management": 5954,
        "Total Operating Expenses": 33654,
        "Total revenue financing activities": 2868,
        "Net profit from business activities": 47425,
        "Profit": -268,
        "Profit before tax": 47157,
        "Present corporate income tax expenses": 11936,
        "Deferred income taxes expenses": 357,
        "The interests of minority shareholders": "N/A",
        "Total Cost of profits": 12293,
        "Profit after tax corporate income": 34864,
        "Volume": 30000000,
        "Close of Quarter": 15.6,
        "EPS": 3021.9,
        "Non-adjusted EPS": 4958,
        "PE": 3.2,
        "Book Price": 11.9
      }
    },
    {
      "quarter": "Q1 2011",
      "income status": {
        "Net sales": 995695,
        "Cost of goods sold": 895909,
        "Gross Profit": 99786,
        "Financial expenses": 18519,
        "Of which: Interest expense": 18016,
        "Cost of sales": 9026,
        "Enterprise cost management": 4508,
        "Total Operating Expenses": 32053,
        "Total revenue financing activities": 4227,
        "Net profit from business activities": 71961,
        "Profit": 41,
        "Profit before tax": 72002,
        "Present corporate income tax expenses": 18109,
        "Deferred income taxes expenses": "N/A",
        "The interests of minority shareholders": "N/A",
        "Total Cost of profits": 18109,
        "Profit after tax corporate income": 53892,
        "Volume": 30000000,
        "Close of Quarter": 21.9,
        "EPS": 2893.3,
        "Non-adjusted EPS": 4747,
        "PE": 4.6,
        "Book Price": 11.2
      }
    },
    {
      "quarter": "Q4 2010",
      "income status": {
        "Net sales": 754764,
        "Cost of goods sold": 673528,
        "Gross Profit": 81236,
        "Financial expenses": 18935,
        "Of which: Interest expense": 9634,
        "Cost of sales": 8241,
        "Enterprise cost management": 6042,
        "Total Operating Expenses": 33218,
        "Total revenue financing activities": 4819,
        "Net profit from business activities": 52837,
        "Profit": 2273,
        "Profit before tax": 55110,
        "Present corporate income tax expenses": 11122,
        "Deferred income taxes expenses": 546,
        "The interests of minority shareholders": "N/A",
        "Total Cost of profits": 11668,
        "Profit after tax corporate income": 43442,
        "Volume": 30000000,
        "Close of Quarter": 26.8,
        "EPS": 2244.8,
        "Non-adjusted EPS": 3683,
        "PE": 7.3,
        "Book Price": 11.8
      }
    },
    {
      "quarter": "Q3 2010",
      "income status": {
        "Net sales": 867427,
        "Cost of goods sold": 826355,
        "Gross Profit": 41072,
        "Financial expenses": 10748,
        "Of which: Interest expense": 5997,
        "Cost of sales": 6811,
        "Enterprise cost management": 3780,
        "Total Operating Expenses": 21339,
        "Total revenue financing activities": 2358,
        "Net profit from business activities": 22091,
        "Profit": 35,
        "Profit before tax": 22126,
        "Present corporate income tax expenses": 5576,
        "Deferred income taxes expenses": "N/A",
        "The interests of minority shareholders": "N/A",
        "Total Cost of profits": 5576,
        "Profit after tax corporate income": 16549,
        "Volume": 30000000,
        "Close of Quarter": 35.5,
        "EPS": 2418.5,
        "Non-adjusted EPS": 3968,
        "PE": 9.0,
        "Book Price": 10.9
      }
    },
    {
      "quarter": "Q2 2010",
      "income status": {
        "Net sales": 743843,
        "Cost of goods sold": 676891,
        "Gross Profit": 66952,
        "Financial expenses": 16645,
        "Of which: Interest expense": 10669,
        "Cost of sales": 6414,
        "Enterprise cost management": 9259,
        "Total Operating Expenses": 32318,
        "Total revenue financing activities": 4210,
        "Net profit from business activities": 38844,
        "Profit": "N/A",
        "Profit before tax": 38844,
        "Present corporate income tax expenses": 10720,
        "Deferred income taxes expenses": -387,
        "The interests of minority shareholders": "N/A",
        "Total Cost of profits": 10333,
        "Profit after tax corporate income": 28512,
        "Volume": 30000000,
        "Close of Quarter": 48.3,
        "EPS": 3326.1,
        "Non-adjusted EPS": 5457,
        "PE": 8.9,
        "Book Price": 10.6
      }
    },
    {
      "quarter": "Q1 2010",
      "income status": {
        "Net sales": 718128,
        "Cost of goods sold": 674720,
        "Gross Profit": 43408,
        "Financial expenses": 9529,
        "Of which: Interest expense": 7247,
        "Cost of sales": 5363,
        "Enterprise cost management": 3607,
        "Total Operating Expenses": 18499,
        "Total revenue financing activities": 4414,
        "Net profit from business activities": 29323,
        "Profit": 55,
        "Profit before tax": 29378,
        "Present corporate income tax expenses": 7386,
        "Deferred income taxes expenses": "N/A",
        "The interests of minority shareholders": "N/A",
        "Total Cost of profits": 7386,
        "Profit after tax corporate income": 21992,
        "Volume": 15000000,
        "Close of Quarter": 53.4,
        "EPS": 4841.6,
        "Non-adjusted EPS": 15887,
        "PE": 3.4,
        "Book Price": 9.2
      }
    },
    {
      "quarter": "Q4 2009",
      "income status": {
        "Net sales": 704392,
        "Cost of goods sold": 632448,
        "Gross Profit": 71944,
        "Financial expenses": 8310,
        "Of which: Interest expense": "N/A",
        "Cost of sales": 7449,
        "Enterprise cost management": 7569,
        "Total Operating Expenses": 23328,
        "Total revenue financing activities": 6270,
        "Net profit from business activities": 54885,
        "Profit": 4484,
        "Profit before tax": 59369,
        "Present corporate income tax expenses": 7369,
        "Deferred income taxes expenses": "N/A",
        "The interests of minority shareholders": "N/A",
        "Total Cost of profits": 7369,
        "Profit after tax corporate income": 52000,
        "Volume": 15000000,
        "Close of Quarter": 36.9,
        "EPS": 4604.2,
        "Non-adjusted EPS": 15108,
        "PE": 2.4,
        "Book Price": 9.0
      }
    },
    {
      "quarter": "Q3 2009",
      "income status": {
        "Net sales": 518066,
        "Cost of goods sold": 434093,
        "Gross Profit": 83973,
        "Financial expenses": 8662,
        "Of which: Interest expense": 8292,
        "Cost of sales": 6416,
        "Enterprise cost management": 3023,
        "Total Operating Expenses": 18101,
        "Total revenue financing activities": 3869,
        "Net profit from business activities": 69742,
        "Profit": 232,
        "Profit before tax": 69974,
        "Present corporate income tax expenses": 8764,
        "Deferred income taxes expenses": "N/A",
        "The interests of minority shareholders": "N/A",
        "Total Cost of profits": 8764,
        "Profit after tax corporate income": 61209,
        "Volume": 15000000,
        "Close of Quarter": 47.0,
        "EPS": 4517.4,
        "Non-adjusted EPS": 14823,
        "PE": 3.2,
        "Book Price": 8.2
      }
    },
    {
      "quarter": "Q2 2009",
      "income status": {
        "Net sales": 450177,
        "Cost of goods sold": 315425,
        "Gross Profit": 134752,
        "Financial expenses": 5489,
        "Of which: Interest expense": 2791,
        "Cost of sales": 6743,
        "Enterprise cost management": 4794,
        "Total Operating Expenses": 17026,
        "Total revenue financing activities": 395,
        "Net profit from business activities": 118122,
        "Profit": 325,
        "Profit before tax": 118446,
        "Present corporate income tax expenses": 14972,
        "Deferred income taxes expenses": 370,
        "The interests of minority shareholders": "N/A",
        "Total Cost of profits": 15342,
        "Profit after tax corporate income": 103104,
        "Volume": 15000000,
        "Close of Quarter": 13.8,
        "EPS": 4153.5,
        "Non-adjusted EPS": 13629,
        "PE": 1.0,
        "Book Price": 7.1
      }
    },
    {
      "quarter": "Q1 2009",
      "income status": {
        "Net sales": 386834,
        "Cost of goods sold": 356189,
        "Gross Profit": 30645,
        "Financial expenses": 10921,
        "Of which: Interest expense": 4761,
        "Cost of sales": 5404,
        "Enterprise cost management": 2515,
        "Total Operating Expenses": 18840,
        "Total revenue financing activities": 171,
        "Net profit from business activities": 11975,
        "Profit": "N/A",
        "Profit before tax": 11975,
        "Present corporate income tax expenses": 1667,
        "Deferred income taxes expenses": "N/A",
        "The interests of minority shareholders": "N/A",
        "Total Cost of profits": 1667,
        "Profit after tax corporate income": 10308,
        "Volume": 15000000,
        "Close of Quarter": 9.7,
        "EPS": 2636.4,
        "Non-adjusted EPS": 8651,
        "PE": 1.1,
        "Book Price": 5.2
      }
    },
    {
      "quarter": "Q4 2008",
      "income status": {
        "Net sales": 284590,
        "Cost of goods sold": 206416,
        "Gross Profit": 78175,
        "Financial expenses": 14885,
        "Of which: Interest expense": 9008,
        "Cost of sales": 6162,
        "Enterprise cost management": 4421,
        "Total Operating Expenses": 25468,
        "Total revenue financing activities": 2025,
        "Net profit from business activities": 54732,
        "Profit": -7,
        "Profit before tax": 54725,
        "Present corporate income tax expenses": 6994,
        "Deferred income taxes expenses": "N/A",
        "The interests of minority shareholders": "N/A",
        "Total Cost of profits": 6994,
        "Profit after tax corporate income": 47731,
        "Volume": 15000000,
        "Close of Quarter": 10.0,
        "EPS": 2644.6,
        "Non-adjusted EPS": 8678,
        "PE": 1.2,
        "Book Price": 5.5
      }
    },
    {
      "quarter": "Q3 2008",
      "income status": {
        "Net sales": 352210,
        "Cost of goods sold": 279064,
        "Gross Profit": 73146,
        "Financial expenses": 15864,
        "Of which: Interest expense": 13391,
        "Cost of sales": 6025,
        "Enterprise cost management": 2250,
        "Total Operating Expenses": 24139,
        "Total revenue financing activities": 1039,
        "Net profit from business activities": 50046,
        "Profit": 600,
        "Profit before tax": 50646,
        "Present corporate income tax expenses": 7269,
        "Deferred income taxes expenses": 85,
        "The interests of minority shareholders": "N/A",
        "Total Cost of profits": 7354,
        "Profit after tax corporate income": 43293,
        "Volume": 15000000,
        "Close of Quarter": 10.5,
        "EPS": 1797.1,
        "Non-adjusted EPS": 5897,
        "PE": 1.8,
        "Book Price": 4.8
      }
    },
    {
      "quarter": "Q2 2008",
      "income status": {
        "Net sales": 480606,
        "Cost of goods sold": 404209,
        "Gross Profit": 76397,
        "Financial expenses": 36904,
        "Of which: Interest expense": 19137,
        "Cost of sales": 8806,
        "Enterprise cost management": 3206,
        "Total Operating Expenses": 48916,
        "Total revenue financing activities": 2797,
        "Net profit from business activities": 30280,
        "Profit": 2212,
        "Profit before tax": 32491,
        "Present corporate income tax expenses": 4061,
        "Deferred income taxes expenses": "N/A",
        "The interests of minority shareholders": "N/A",
        "Total Cost of profits": 4061,
        "Profit after tax corporate income": 28430,
        "Volume": 15000000,
        "Close of Quarter": 7.6,
        "EPS": 998.1,
        "Non-adjusted EPS": 3275,
        "PE": 2.3,
        "Book Price": 4.0
      }
    },
    {
      "quarter": "Q1 2008",
      "income status": {
        "Net sales": 618559,
        "Cost of goods sold": 586137,
        "Gross Profit": 32421,
        "Financial expenses": 14174,
        "Of which: Interest expense": 13693,
        "Cost of sales": 4551,
        "Enterprise cost management": 2382,
        "Total Operating Expenses": 21107,
        "Total revenue financing activities": 921,
        "Net profit from business activities": 12234,
        "Profit": 9,
        "Profit before tax": 12244,
        "Present corporate income tax expenses": 1530,
        "Deferred income taxes expenses": "N/A",
        "The interests of minority shareholders": "N/A",
        "Total Cost of profits": 1530,
        "Profit after tax corporate income": 10713,
        "Volume": 15000000,
        "Close of Quarter": 17.6,
        "EPS": 572.0,
        "Non-adjusted EPS": 1877,
        "PE": 9.4,
        "Book Price": 3.4
      }
    },
    {
      "quarter": "Q4 2007",
      "income status": {
        "Net sales": 533959,
        "Cost of goods sold": 497793,
        "Gross Profit": 36166,
        "Financial expenses": 14621,
        "Of which: Interest expense": 14182,
        "Cost of sales": 5314,
        "Enterprise cost management": 10108,
        "Total Operating Expenses": 30043,
        "Total revenue financing activities": 784,
        "Net profit from business activities": 6907,
        "Profit": -30,
        "Profit before tax": 6877,
        "Present corporate income tax expenses": 860,
        "Deferred income taxes expenses": "N/A",
        "The interests of minority shareholders": "N/A",
        "Total Cost of profits": 860,
        "Profit after tax corporate income": 6018,
        "Volume": 15000000,
        "Close of Quarter": 24.6,
        "EPS": 396.2,
        "Non-adjusted EPS": 1300,
        "PE": 18.9,
        "Book Price": 3.5
      }
    },
    {
      "quarter": "Q3 2007",
      "income status": {
        "Net sales": 384970,
        "Cost of goods sold": 360823,
        "Gross Profit": 24148,
        "Financial expenses": 13843,
        "Of which: Interest expense": 13413,
        "Cost of sales": 4231,
        "Enterprise cost management": 1952,
        "Total Operating Expenses": 20026,
        "Total revenue financing activities": 245,
        "Net profit from business activities": 4367,
        "Profit": 168,
        "Profit before tax": 4536,
        "Present corporate income tax expenses": 567,
        "Deferred income taxes expenses": "N/A",
        "The interests of minority shareholders": "N/A",
        "Total Cost of profits": 567,
        "Profit after tax corporate income": 3969,
        "Volume": 10000000,
        "Close of Quarter": 13.9,
        "EPS": 334.8,
        "Non-adjusted EPS": 1648,
        "PE": 8.4,
        "Book Price": 3.4
      }
    },
    {
      "quarter": "Q2 2007",
      "income status": {
        "Net sales": 306003,
        "Cost of goods sold": 274755,
        "Gross Profit": 31248,
        "Financial expenses": 13950,
        "Of which: Interest expense": 13923,
        "Cost of sales": 6117,
        "Enterprise cost management": 3370,
        "Total Operating Expenses": 23437,
        "Total revenue financing activities": 330,
        "Net profit from business activities": 8141,
        "Profit": 378,
        "Profit before tax": 8519,
        "Present corporate income tax expenses": 1065,
        "Deferred income taxes expenses": "N/A",
        "The interests of minority shareholders": "N/A",
        "Total Cost of profits": 1065,
        "Profit after tax corporate income": 7454,
        "Volume": 10000000,
        "Close of Quarter": 12.9,
        "EPS": 268.2,
        "Non-adjusted EPS": 1320,
        "PE": 9.8,
        "Book Price": 2.4
      }
    },
    {
      "quarter": "Q1 2007",
      "income status": {
        "Net sales": 243877,
        "Cost of goods sold": 224829,
        "Gross Profit": 19048,
        "Financial expenses": 12658,
        "Of which: Interest expense": 12468,
        "Cost of sales": 3708,
        "Enterprise cost management": 1915,
        "Total Operating Expenses": 18281,
        "Total revenue financing activities": 845,
        "Net profit from business activities": 1613,
        "Profit": 739,
        "Profit before tax": 2352,
        "Present corporate income tax expenses": 294,
        "Deferred income taxes expenses": "N/A",
        "The interests of minority shareholders": "N/A",
        "Total Cost of profits": 294,
        "Profit after tax corporate income": 2058,
        "Volume": 10000000,
        "Close of Quarter": 17,
        "EPS": 144.7,
        "Non-adjusted EPS": 712,
        "PE": 23.9,
        "Book Price": 2.2
      }
    },
    {
      "quarter": "Q4 2006",
      "income status": {
        "Net sales": 417999,
        "Cost of goods sold": 394932,
        "Gross Profit": 23067,
        "Financial expenses": 11908,
        "Of which: Interest expense": 10049,
        "Cost of sales": 5792,
        "Enterprise cost management": 4085,
        "Total Operating Expenses": 21785,
        "Total revenue financing activities": 177,
        "Net profit from business activities": 1459,
        "Profit": 1975,
        "Profit before tax": 3434,
        "Present corporate income tax expenses": 431,
        "Deferred income taxes expenses": "N/A",
        "The interests of minority shareholders": "N/A",
        "Total Cost of profits": 431,
        "Profit after tax corporate income": 3002,
        "Volume": 10000000,
        "Close of Quarter": 11.2,
        "EPS": 309.2,
        "Non-adjusted EPS": 1522,
        "PE": 7.4,
        "Book Price": 2.4
      }
    },
    {
      "quarter": "Q3 2006",
      "income status": {
        "Net sales": 267985,
        "Cost of goods sold": 256342,
        "Gross Profit": 11643,
        "Financial expenses": 5198,
        "Of which: Interest expense": "N/A",
        "Cost of sales": 4288,
        "Enterprise cost management": 2312,
        "Total Operating Expenses": 11798,
        "Total revenue financing activities": 219,
        "Net profit from business activities": 65,
        "Profit": 769,
        "Profit before tax": 834,
        "Present corporate income tax expenses": 144,
        "Deferred income taxes expenses": "N/A",
        "The interests of minority shareholders": "N/A",
        "Total Cost of profits": 144,
        "Profit after tax corporate income": 690,
        "Volume": 10000000,
        "Close of Quarter": "N/A",
        "EPS": 248.1,
        "Non-adjusted EPS": 1221,
        "PE": "N/A",
        "Book Price": 2.3
      }
    },
    {
      "quarter": "Q2 2006",
      "income status": {
        "Net sales": 224585,
        "Cost of goods sold": 210764,
        "Gross Profit": 13821,
        "Financial expenses": 8082,
        "Of which: Interest expense": 7169,
        "Cost of sales": 2462,
        "Enterprise cost management": 1821,
        "Total Operating Expenses": 12365,
        "Total revenue financing activities": 105,
        "Net profit from business activities": 1562,
        "Profit": 1,
        "Profit before tax": 1562,
        "Present corporate income tax expenses": 195,
        "Deferred income taxes expenses": "N/A",
        "The interests of minority shareholders": "N/A",
        "Total Cost of profits": 195,
        "Profit after tax corporate income": 1367,
        "Volume": 10000000,
        "Close of Quarter": "N/A",
        "EPS": 234.1,
        "Non-adjusted EPS": 1152,
        "PE": "N/A",
        "Book Price": "N/A"
      }
    },
    {
      "quarter": "Q1 2006",
      "income status": {
        "Net sales": 356798,
        "Cost of goods sold": 328428,
        "Gross Profit": 28370,
        "Financial expenses": 11549,
        "Of which: Interest expense": 10847,
        "Cost of sales": 3545,
        "Enterprise cost management": 1788,
        "Total Operating Expenses": 16882,
        "Total revenue financing activities": 98,
        "Net profit from business activities": 11586,
        "Profit": 21,
        "Profit before tax": 11607,
        "Present corporate income tax expenses": 1451,
        "Deferred income taxes expenses": "N/A",
        "The interests of minority shareholders": "N/A",
        "Total Cost of profits": 1451,
        "Profit after tax corporate income": 10156,
        "Volume": 10000000,
        "Close of Quarter": "N/A",
        "EPS": 206.4,
        "Non-adjusted EPS": 1016,
        "PE": "N/A",
        "Book Price": "N/A"
      }
    }
  ]
}