{
  "ticker": "CSG",
  "data": [
    {
      "quarter": "Q2 2012",
      "income status": {
        "Net sales": 18824,
        "Cost of goods sold": 20638,
        "Gross Profit": -1813,
        "Financial expenses": 329,
        "Of which: Interest expense": "N/A",
        "Cost of sales": 861,
        "Enterprise cost management": 2089,
        "Total Operating Expenses": 3279,
        "Total revenue financing activities": 7837,
        "Net profit from business activities": 2745,
        "Profit": 16,
        "Profit before tax": 2760,
        "Present corporate income tax expenses": -529,
        "Deferred income taxes expenses": 1762,
        "The interests of minority shareholders": "N/A",
        "Total Cost of profits": 1233,
        "Profit after tax corporate income": 1527,
        "Volume": 26771660,
        "Close of Quarter": 10.9,
        "EPS": 339,
        "Non-adjusted EPS": 339,
        "PE": 32.2,
        "Book Price": 18.6
      }
    },
    {
      "quarter": "Q1 2012",
      "income status": {
        "Net sales": 58577,
        "Cost of goods sold": 55697,
        "Gross Profit": 2880,
        "Financial expenses": 64,
        "Of which: Interest expense": 115,
        "Cost of sales": 1618,
        "Enterprise cost management": 1831,
        "Total Operating Expenses": 3513,
        "Total revenue financing activities": 7652,
        "Net profit from business activities": 7019,
        "Profit": 32,
        "Profit before tax": 7051,
        "Present corporate income tax expenses": 529,
        "Deferred income taxes expenses": "N/A",
        "The interests of minority shareholders": "N/A",
        "Total Cost of profits": 529,
        "Profit after tax corporate income": 6522,
        "Volume": 26771660,
        "Close of Quarter": 7.6,
        "EPS": 554,
        "Non-adjusted EPS": 554,
        "PE": 13.8,
        "Book Price": 18.9
      }
    },
    {
      "quarter": "Q4 2011",
      "income status": {
        "Net sales": 63226,
        "Cost of goods sold": 67532,
        "Gross Profit": -4306,
        "Financial expenses": 2546,
        "Of which: Interest expense": 485,
        "Cost of sales": 2360,
        "Enterprise cost management": 5458,
        "Total Operating Expenses": 10364,
        "Total revenue financing activities": 9132,
        "Net profit from business activities": -5538,
        "Profit": 51,
        "Profit before tax": -5487,
        "Present corporate income tax expenses": "N/A",
        "Deferred income taxes expenses": "N/A",
        "The interests of minority shareholders": "N/A",
        "Total Cost of profits": 0,
        "Profit after tax corporate income": -5487,
        "Volume": 26771660,
        "Close of Quarter": 6.7,
        "EPS": 398,
        "Non-adjusted EPS": 398,
        "PE": 16.7,
        "Book Price": 18.7
      }
    },
    {
      "quarter": "Q3 2011",
      "income status": {
        "Net sales": 123985,
        "Cost of goods sold": 120488,
        "Gross Profit": 3497,
        "Financial expenses": 1031,
        "Of which: Interest expense": 116,
        "Cost of sales": 1793,
        "Enterprise cost management": 2276,
        "Total Operating Expenses": 5100,
        "Total revenue financing activities": 8630,
        "Net profit from business activities": 7029,
        "Profit": 15,
        "Profit before tax": 7044,
        "Present corporate income tax expenses": 528,
        "Deferred income taxes expenses": "N/A",
        "The interests of minority shareholders": "N/A",
        "Total Cost of profits": 528,
        "Profit after tax corporate income": 6515,
        "Volume": 26771660,
        "Close of Quarter": 7.4,
        "EPS": 1302,
        "Non-adjusted EPS": 1302,
        "PE": 5.7,
        "Book Price": 18.9
      }
    },
    {
      "quarter": "Q2 2011",
      "income status": {
        "Net sales": 29317,
        "Cost of goods sold": 25687,
        "Gross Profit": 3630,
        "Financial expenses": 2862,
        "Of which: Interest expense": 9,
        "Cost of sales": 1226,
        "Enterprise cost management": 1439,
        "Total Operating Expenses": 5527,
        "Total revenue financing activities": 9689,
        "Net profit from business activities": 7792,
        "Profit": 77,
        "Profit before tax": 7869,
        "Present corporate income tax expenses": 590,
        "Deferred income taxes expenses": "N/A",
        "The interests of minority shareholders": "N/A",
        "Total Cost of profits": 590,
        "Profit after tax corporate income": 7279,
        "Volume": 26771660,
        "Close of Quarter": 7.7,
        "EPS": 1237,
        "Non-adjusted EPS": 1237,
        "PE": 6.2,
        "Book Price": 18.6
      }
    },
    {
      "quarter": "Q1 2011",
      "income status": {
        "Net sales": 60842,
        "Cost of goods sold": 56907,
        "Gross Profit": 3935,
        "Financial expenses": 7282,
        "Of which: Interest expense": 558,
        "Cost of sales": 984,
        "Enterprise cost management": 1166,
        "Total Operating Expenses": 9432,
        "Total revenue financing activities": 8245,
        "Net profit from business activities": 2748,
        "Profit": -60,
        "Profit before tax": 2688,
        "Present corporate income tax expenses": 327,
        "Deferred income taxes expenses": "N/A",
        "The interests of minority shareholders": "N/A",
        "Total Cost of profits": 327,
        "Profit after tax corporate income": 2360,
        "Volume": 26771660,
        "Close of Quarter": 7.9,
        "EPS": 1275,
        "Non-adjusted EPS": 1275,
        "PE": 6.2,
        "Book Price": 19.6
      }
    },
    {
      "quarter": "Q4 2010",
      "income status": {
        "Net sales": 195259,
        "Cost of goods sold": 170387,
        "Gross Profit": 24872,
        "Financial expenses": 6971,
        "Of which: Interest expense": 1803,
        "Cost of sales": 1899,
        "Enterprise cost management": 3976,
        "Total Operating Expenses": 12846,
        "Total revenue financing activities": 8178,
        "Net profit from business activities": 20204,
        "Profit": 14,
        "Profit before tax": 20218,
        "Present corporate income tax expenses": 1516,
        "Deferred income taxes expenses": "N/A",
        "The interests of minority shareholders": "N/A",
        "Total Cost of profits": 1516,
        "Profit after tax corporate income": 18702,
        "Volume": 26771660,
        "Close of Quarter": 8.1,
        "EPS": 1368,
        "Non-adjusted EPS": 1368,
        "PE": 6.0,
        "Book Price": 19.5
      }
    },
    {
      "quarter": "Q3 2010",
      "income status": {
        "Net sales": 201725,
        "Cost of goods sold": 185324,
        "Gross Profit": 16401,
        "Financial expenses": 12413,
        "Of which: Interest expense": 2255,
        "Cost of sales": 1404,
        "Enterprise cost management": 1764,
        "Total Operating Expenses": 15581,
        "Total revenue financing activities": 4341,
        "Net profit from business activities": 5161,
        "Profit": 10,
        "Profit before tax": 5171,
        "Present corporate income tax expenses": 396,
        "Deferred income taxes expenses": "N/A",
        "The interests of minority shareholders": "N/A",
        "Total Cost of profits": 396,
        "Profit after tax corporate income": 4774,
        "Volume": 26771660,
        "Close of Quarter": 8.7,
        "EPS": 975,
        "Non-adjusted EPS": 975,
        "PE": 9.0,
        "Book Price": 18.8
      }
    },
    {
      "quarter": "Q2 2010",
      "income status": {
        "Net sales": 93226,
        "Cost of goods sold": 84409,
        "Gross Profit": 8817,
        "Financial expenses": 5830,
        "Of which: Interest expense": 282,
        "Cost of sales": 1715,
        "Enterprise cost management": 2623,
        "Total Operating Expenses": 10168,
        "Total revenue financing activities": 11258,
        "Net profit from business activities": 9908,
        "Profit": -13,
        "Profit before tax": 9895,
        "Present corporate income tax expenses": 1602,
        "Deferred income taxes expenses": "N/A",
        "The interests of minority shareholders": "N/A",
        "Total Cost of profits": 1602,
        "Profit after tax corporate income": 8293,
        "Volume": 26771660,
        "Close of Quarter": 10.9,
        "EPS": 1140,
        "Non-adjusted EPS": 1140,
        "PE": 9.6,
        "Book Price": 18.6
      }
    },
    {
      "quarter": "Q1 2010",
      "income status": {
        "Net sales": 45364,
        "Cost of goods sold": 41556,
        "Gross Profit": 3808,
        "Financial expenses": 3355,
        "Of which: Interest expense": 432,
        "Cost of sales": 692,
        "Enterprise cost management": 1608,
        "Total Operating Expenses": 5655,
        "Total revenue financing activities": 7266,
        "Net profit from business activities": 5419,
        "Profit": 23,
        "Profit before tax": 5442,
        "Present corporate income tax expenses": 577,
        "Deferred income taxes expenses": "N/A",
        "The interests of minority shareholders": "N/A",
        "Total Cost of profits": 577,
        "Profit after tax corporate income": 4865,
        "Volume": 26831660,
        "Close of Quarter": 10.0,
        "EPS": 1280.9,
        "Non-adjusted EPS": 1278,
        "PE": 7.8,
        "Book Price": 18.3
      }
    },
    {
      "quarter": "Q4 2009",
      "income status": {
        "Net sales": 179551,
        "Cost of goods sold": 152534,
        "Gross Profit": 27017,
        "Financial expenses": 16969,
        "Of which: Interest expense": 1676,
        "Cost of sales": 1179,
        "Enterprise cost management": 3406,
        "Total Operating Expenses": 21554,
        "Total revenue financing activities": 5498,
        "Net profit from business activities": 10961,
        "Profit": "N/A",
        "Profit before tax": 10961,
        "Present corporate income tax expenses": 2794,
        "Deferred income taxes expenses": "N/A",
        "The interests of minority shareholders": "N/A",
        "Total Cost of profits": 2794,
        "Profit after tax corporate income": 8167,
        "Volume": 27831660,
        "Close of Quarter": 10.6,
        "EPS": 1108.2,
        "Non-adjusted EPS": 1066,
        "PE": 9.9,
        "Book Price": 19.0
      }
    },
    {
      "quarter": "Q3 2009",
      "income status": {
        "Net sales": 98027,
        "Cost of goods sold": 85343,
        "Gross Profit": 12684,
        "Financial expenses": 3170,
        "Of which: Interest expense": 813,
        "Cost of sales": 768,
        "Enterprise cost management": 6291,
        "Total Operating Expenses": 10229,
        "Total revenue financing activities": 7876,
        "Net profit from business activities": 10331,
        "Profit": 16,
        "Profit before tax": 10347,
        "Present corporate income tax expenses": 1159,
        "Deferred income taxes expenses": "N/A",
        "The interests of minority shareholders": "N/A",
        "Total Cost of profits": 1159,
        "Profit after tax corporate income": 9188,
        "Volume": 28338120,
        "Close of Quarter": 13.4,
        "EPS": 731.4,
        "Non-adjusted EPS": 691,
        "PE": 19.4,
        "Book Price": 19.5
      }
    },
    {
      "quarter": "Q2 2009",
      "income status": {
        "Net sales": 75616,
        "Cost of goods sold": 67703,
        "Gross Profit": 7913,
        "Financial expenses": -564,
        "Of which: Interest expense": 287,
        "Cost of sales": 806,
        "Enterprise cost management": 1799,
        "Total Operating Expenses": 2041,
        "Total revenue financing activities": 6771,
        "Net profit from business activities": 12642,
        "Profit": 23,
        "Profit before tax": 12665,
        "Present corporate income tax expenses": 606,
        "Deferred income taxes expenses": "N/A",
        "The interests of minority shareholders": "N/A",
        "Total Cost of profits": 606,
        "Profit after tax corporate income": 12060,
        "Volume": 28338120,
        "Close of Quarter": 13.6,
        "EPS": 563.1,
        "Non-adjusted EPS": 532,
        "PE": 25.5,
        "Book Price": 19.2
      }
    },
    {
      "quarter": "Q1 2009",
      "income status": {
        "Net sales": 17400,
        "Cost of goods sold": 18879,
        "Gross Profit": -1479,
        "Financial expenses": 758,
        "Of which: Interest expense": "N/A",
        "Cost of sales": 783,
        "Enterprise cost management": 1705,
        "Total Operating Expenses": 3246,
        "Total revenue financing activities": 4953,
        "Net profit from business activities": 228,
        "Profit": 17,
        "Profit before tax": 245,
        "Present corporate income tax expenses": "N/A",
        "Deferred income taxes expenses": "N/A",
        "The interests of minority shareholders": "N/A",
        "Total Cost of profits": 0,
        "Profit after tax corporate income": 245,
        "Volume": 28338120,
        "Close of Quarter": 5.8,
        "EPS": 522.9,
        "Non-adjusted EPS": 494,
        "PE": 11.7,
        "Book Price": 18.6
      }
    },
    {
      "quarter": "Q4 2008",
      "income status": {
        "Net sales": 37903,
        "Cost of goods sold": 37195,
        "Gross Profit": 708,
        "Financial expenses": 2784,
        "Of which: Interest expense": "N/A",
        "Cost of sales": 1535,
        "Enterprise cost management": 3446,
        "Total Operating Expenses": 7765,
        "Total revenue financing activities": 5002,
        "Net profit from business activities": -2055,
        "Profit": 152,
        "Profit before tax": -1903,
        "Present corporate income tax expenses": "N/A",
        "Deferred income taxes expenses": "N/A",
        "The interests of minority shareholders": "N/A",
        "Total Cost of profits": 0,
        "Profit after tax corporate income": -1903,
        "Volume": 28746720,
        "Close of Quarter": 6.2,
        "EPS": 966.4,
        "Non-adjusted EPS": 900,
        "PE": 6.9,
        "Book Price": 18.9
      }
    },
    {
      "quarter": "Q3 2008",
      "income status": {
        "Net sales": 65982,
        "Cost of goods sold": 62228,
        "Gross Profit": 3754,
        "Financial expenses": 6972,
        "Of which: Interest expense": "N/A",
        "Cost of sales": 900,
        "Enterprise cost management": 2792,
        "Total Operating Expenses": 10664,
        "Total revenue financing activities": 6167,
        "Net profit from business activities": -743,
        "Profit": 5424,
        "Profit before tax": 4681,
        "Present corporate income tax expenses": "N/A",
        "Deferred income taxes expenses": "N/A",
        "The interests of minority shareholders": "N/A",
        "Total Cost of profits": 0,
        "Profit after tax corporate income": 4681,
        "Volume": 29742020,
        "Close of Quarter": 10.6,
        "EPS": 1037.6,
        "Non-adjusted EPS": 934,
        "PE": 11.3,
        "Book Price": 20.2
      }
    },
    {
      "quarter": "Q2 2008",
      "income status": {
        "Net sales": 253297,
        "Cost of goods sold": 229447,
        "Gross Profit": 23850,
        "Financial expenses": 15392,
        "Of which: Interest expense": "N/A",
        "Cost of sales": 898,
        "Enterprise cost management": 2628,
        "Total Operating Expenses": 18918,
        "Total revenue financing activities": 5972,
        "Net profit from business activities": 10904,
        "Profit": 63,
        "Profit before tax": 10968,
        "Present corporate income tax expenses": "N/A",
        "Deferred income taxes expenses": "N/A",
        "The interests of minority shareholders": "N/A",
        "Total Cost of profits": 0,
        "Profit after tax corporate income": 10968,
        "Volume": 29742020,
        "Close of Quarter": 8.8,
        "EPS": 863.2,
        "Non-adjusted EPS": 777,
        "PE": 11.3,
        "Book Price": 20.1
      }
    },
    {
      "quarter": "Q1 2008",
      "income status": {
        "Net sales": 321730,
        "Cost of goods sold": 300874,
        "Gross Profit": 20856,
        "Financial expenses": 6653,
        "Of which: Interest expense": "N/A",
        "Cost of sales": 783,
        "Enterprise cost management": 2610,
        "Total Operating Expenses": 10046,
        "Total revenue financing activities": 1368,
        "Net profit from business activities": 12177,
        "Profit": -39,
        "Profit before tax": 12138,
        "Present corporate income tax expenses": "N/A",
        "Deferred income taxes expenses": "N/A",
        "The interests of minority shareholders": "N/A",
        "Total Cost of profits": 0,
        "Profit after tax corporate income": 12138,
        "Volume": 29742020,
        "Close of Quarter": "N/A",
        "EPS": 453.3,
        "Non-adjusted EPS": 408,
        "PE": "N/A",
        "Book Price": 19.4
      }
    }
  ]
}