{
  "ticker": "FDG",
  "data": [
    {
      "quarter": "Q1 2017",
      "income status": {
        "Net sales": 12761,
        "Cost of goods sold": 11478,
        "Gross Profit": 1283,
        "Financial expenses": 48,
        "Of which: Interest expense": 44,
        "Cost of sales": 1156,
        "Enterprise cost management": 3179,
        "Total Operating Expenses": 4383,
        "Total revenue financing activities": 25,
        "Net profit from business activities": -3075,
        "Profit": 9,
        "Profit before tax": -3065,
        "Present corporate income tax expenses": "N/A",
        "Deferred income taxes expenses": "N/A",
        "The interests of minority shareholders": "N/A",
        "Total Cost of profits": 0,
        "Profit after tax corporate income": -3065,
        "Volume": 13200000,
        "Close of Quarter": 1.3,
        "EPS": -589,
        "Non-adjusted EPS": -589,
        "PE": -2.2,
        "Book Price": -5.2
      }
    },
    {
      "quarter": "Q4 2016",
      "income status": {
        "Net sales": 14316,
        "Cost of goods sold": 11343,
        "Gross Profit": 2974,
        "Financial expenses": 91,
        "Of which: Interest expense": 91,
        "Cost of sales": 1029,
        "Enterprise cost management": 5121,
        "Total Operating Expenses": 6241,
        "Total revenue financing activities": 288,
        "Net profit from business activities": -2979,
        "Profit": 183,
        "Profit before tax": -2796,
        "Present corporate income tax expenses": 178,
        "Deferred income taxes expenses": 24,
        "The interests of minority shareholders": "N/A",
        "Total Cost of profits": 202,
        "Profit after tax corporate income": -2997,
        "Volume": 13200000,
        "Close of Quarter": 1.2,
        "EPS": -530,
        "Non-adjusted EPS": -530,
        "PE": -2.3,
        "Book Price": -4.2
      }
    },
    {
      "quarter": "Q3 2016",
      "income status": {
        "Net sales": 17083,
        "Cost of goods sold": 13934,
        "Gross Profit": 3149,
        "Financial expenses": 188,
        "Of which: Interest expense": 183,
        "Cost of sales": 916,
        "Enterprise cost management": 3154,
        "Total Operating Expenses": 4258,
        "Total revenue financing activities": 137,
        "Net profit from business activities": -972,
        "Profit": 11,
        "Profit before tax": -961,
        "Present corporate income tax expenses": "N/A",
        "Deferred income taxes expenses": "N/A",
        "The interests of minority shareholders": "N/A",
        "Total Cost of profits": 0,
        "Profit after tax corporate income": -961,
        "Volume": 13200000,
        "Close of Quarter": 1,
        "EPS": -174,
        "Non-adjusted EPS": -174,
        "PE": -5.8,
        "Book Price": -3.9
      }
    },
    {
      "quarter": "Q2 2016",
      "income status": {
        "Net sales": 18307,
        "Cost of goods sold": 14867,
        "Gross Profit": 3439,
        "Financial expenses": 219,
        "Of which: Interest expense": 183,
        "Cost of sales": 1598,
        "Enterprise cost management": 2454,
        "Total Operating Expenses": 4271,
        "Total revenue financing activities": 82,
        "Net profit from business activities": -749,
        "Profit": -4,
        "Profit before tax": -753,
        "Present corporate income tax expenses": "N/A",
        "Deferred income taxes expenses": "N/A",
        "The interests of minority shareholders": "N/A",
        "Total Cost of profits": 0,
        "Profit after tax corporate income": -753,
        "Volume": 13200000,
        "Close of Quarter": "N/A",
        "EPS": -167,
        "Non-adjusted EPS": -167,
        "PE": "N/A",
        "Book Price": -3.9
      }
    },
    {
      "quarter": "Q1 2016",
      "income status": {
        "Net sales": 6967,
        "Cost of goods sold": 5710,
        "Gross Profit": 1257,
        "Financial expenses": 727,
        "Of which: Interest expense": 698,
        "Cost of sales": 979,
        "Enterprise cost management": 3651,
        "Total Operating Expenses": 5357,
        "Total revenue financing activities": 641,
        "Net profit from business activities": -3458,
        "Profit": 1174,
        "Profit before tax": -2284,
        "Present corporate income tax expenses": "N/A",
        "Deferred income taxes expenses": "N/A",
        "The interests of minority shareholders": "N/A",
        "Total Cost of profits": 0,
        "Profit after tax corporate income": -2284,
        "Volume": 13200000,
        "Close of Quarter": "N/A",
        "EPS": -731,
        "Non-adjusted EPS": -731,
        "PE": "N/A",
        "Book Price": -3.8
      }
    },
    {
      "quarter": "Q3 2015",
      "income status": {
        "Net sales": 34244,
        "Cost of goods sold": 30881,
        "Gross Profit": 3362,
        "Financial expenses": 1857,
        "Of which: Interest expense": 1826,
        "Cost of sales": 1338,
        "Enterprise cost management": 4323,
        "Total Operating Expenses": 7518,
        "Total revenue financing activities": 3919,
        "Net profit from business activities": -241,
        "Profit": 2411,
        "Profit before tax": 2170,
        "Present corporate income tax expenses": 471,
        "Deferred income taxes expenses": "N/A",
        "The interests of minority shareholders": "N/A",
        "Total Cost of profits": 471,
        "Profit after tax corporate income": 1699,
        "Volume": 13200000,
        "Close of Quarter": "N/A",
        "EPS": -932,
        "Non-adjusted EPS": -932,
        "PE": "N/A",
        "Book Price": -3
      }
    },
    {
      "quarter": "Q2 2015",
      "income status": {
        "Net sales": 17229,
        "Cost of goods sold": 14635,
        "Gross Profit": 2594,
        "Financial expenses": -607,
        "Of which: Interest expense": -581,
        "Cost of sales": 1178,
        "Enterprise cost management": 4327,
        "Total Operating Expenses": 4898,
        "Total revenue financing activities": 1430,
        "Net profit from business activities": -878,
        "Profit": 14,
        "Profit before tax": -864,
        "Present corporate income tax expenses": "N/A",
        "Deferred income taxes expenses": "N/A",
        "The interests of minority shareholders": "N/A",
        "Total Cost of profits": 0,
        "Profit after tax corporate income": -864,
        "Volume": 13200000,
        "Close of Quarter": "N/A",
        "EPS": -2634,
        "Non-adjusted EPS": -2634,
        "PE": "N/A",
        "Book Price": -3.1
      }
    },
    {
      "quarter": "Q1 2015",
      "income status": {
        "Net sales": 20601,
        "Cost of goods sold": 19463,
        "Gross Profit": 1138,
        "Financial expenses": 5517,
        "Of which: Interest expense": 5451,
        "Cost of sales": 1254,
        "Enterprise cost management": 4393,
        "Total Operating Expenses": 11164,
        "Total revenue financing activities": 1342,
        "Net profit from business activities": -8686,
        "Profit": 487,
        "Profit before tax": -8198,
        "Present corporate income tax expenses": "N/A",
        "Deferred income taxes expenses": "N/A",
        "The interests of minority shareholders": "N/A",
        "Total Cost of profits": 0,
        "Profit after tax corporate income": -8198,
        "Volume": 13200000,
        "Close of Quarter": "N/A",
        "EPS": -5381,
        "Non-adjusted EPS": -5381,
        "PE": "N/A",
        "Book Price": "N/A"
      }
    },
    {
      "quarter": "Q1 2014",
      "income status": {
        "Net sales": 155706,
        "Cost of goods sold": 152814,
        "Gross Profit": 2892,
        "Financial expenses": 11089,
        "Of which: Interest expense": 10946,
        "Cost of sales": 8669,
        "Enterprise cost management": 11185,
        "Total Operating Expenses": 30943,
        "Total revenue financing activities": 16497,
        "Net profit from business activities": -11554,
        "Profit": 6618,
        "Profit before tax": -4937,
        "Present corporate income tax expenses": "N/A",
        "Deferred income taxes expenses": "N/A",
        "The interests of minority shareholders": "N/A",
        "Total Cost of profits": 0,
        "Profit after tax corporate income": -4937,
        "Volume": 13200000,
        "Close of Quarter": 3.9,
        "EPS": -7956,
        "Non-adjusted EPS": -7956,
        "PE": -0.5,
        "Book Price": 0.2
      }
    },
    {
      "quarter": "Q4 2013",
      "income status": {
        "Net sales": 338880,
        "Cost of goods sold": 322342,
        "Gross Profit": 16538,
        "Financial expenses": 14415,
        "Of which: Interest expense": 14395,
        "Cost of sales": 26490,
        "Enterprise cost management": 12116,
        "Total Operating Expenses": 53021,
        "Total revenue financing activities": 17088,
        "Net profit from business activities": -19396,
        "Profit": -972,
        "Profit before tax": -20591,
        "Present corporate income tax expenses": 24,
        "Deferred income taxes expenses": 160,
        "The interests of minority shareholders": "N/A",
        "Total Cost of profits": 184,
        "Profit after tax corporate income": -20775,
        "Volume": 13200000,
        "Close of Quarter": 4,
        "EPS": -9445,
        "Non-adjusted EPS": -9445,
        "PE": -0.4,
        "Book Price": 2
      }
    },
    {
      "quarter": "Q3 2013",
      "income status": {
        "Net sales": 493516,
        "Cost of goods sold": 476079,
        "Gross Profit": 17437,
        "Financial expenses": 16337,
        "Of which: Interest expense": 15253,
        "Cost of sales": 31105,
        "Enterprise cost management": 11359,
        "Total Operating Expenses": 58801,
        "Total revenue financing activities": 2826,
        "Net profit from business activities": -38538,
        "Profit": 1832,
        "Profit before tax": -36910,
        "Present corporate income tax expenses": "N/A",
        "Deferred income taxes expenses": "N/A",
        "The interests of minority shareholders": 205,
        "Total Cost of profits": 205,
        "Profit after tax corporate income": -37115,
        "Volume": 13200000,
        "Close of Quarter": 3.9,
        "EPS": -3961,
        "Non-adjusted EPS": -3961,
        "PE": -1.0,
        "Book Price": 3.5
      }
    },
    {
      "quarter": "Q2 2013",
      "income status": {
        "Net sales": 323939,
        "Cost of goods sold": 323004,
        "Gross Profit": 935,
        "Financial expenses": 18266,
        "Of which: Interest expense": 16558,
        "Cost of sales": 13065,
        "Enterprise cost management": 17437,
        "Total Operating Expenses": 48768,
        "Total revenue financing activities": 4519,
        "Net profit from business activities": -43315,
        "Profit": 1438,
        "Profit before tax": -42197,
        "Present corporate income tax expenses": "N/A",
        "Deferred income taxes expenses": "N/A",
        "The interests of minority shareholders": -1,
        "Total Cost of profits": -1,
        "Profit after tax corporate income": -42196,
        "Volume": 13200000,
        "Close of Quarter": 7.7,
        "EPS": -2373,
        "Non-adjusted EPS": -2373,
        "PE": -3.2,
        "Book Price": 5.7
      }
    },
    {
      "quarter": "Q1 2013",
      "income status": {
        "Net sales": 339915,
        "Cost of goods sold": 334269,
        "Gross Profit": 5646,
        "Financial expenses": 13597,
        "Of which: Interest expense": 13029,
        "Cost of sales": 13259,
        "Enterprise cost management": 9207,
        "Total Operating Expenses": 36063,
        "Total revenue financing activities": 3547,
        "Net profit from business activities": -26870,
        "Profit": 2331,
        "Profit before tax": -24539,
        "Present corporate income tax expenses": "N/A",
        "Deferred income taxes expenses": "N/A",
        "The interests of minority shareholders": 49,
        "Total Cost of profits": 49,
        "Profit after tax corporate income": -24588,
        "Volume": 13200000,
        "Close of Quarter": 11.2,
        "EPS": -818,
        "Non-adjusted EPS": -818,
        "PE": -13.7,
        "Book Price": 8.9
      }
    },
    {
      "quarter": "Q4 2012",
      "income status": {
        "Net sales": 577116,
        "Cost of goods sold": 540910,
        "Gross Profit": 36206,
        "Financial expenses": 19222,
        "Of which: Interest expense": 18684,
        "Cost of sales": 23586,
        "Enterprise cost management": 18113,
        "Total Operating Expenses": 60921,
        "Total revenue financing activities": 8823,
        "Net profit from business activities": -15892,
        "Profit": 66838,
        "Profit before tax": 50256,
        "Present corporate income tax expenses": -1505,
        "Deferred income taxes expenses": 160,
        "The interests of minority shareholders": -15,
        "Total Cost of profits": -1360,
        "Profit after tax corporate income": 51616,
        "Volume": 13200000,
        "Close of Quarter": 9.8,
        "EPS": -852,
        "Non-adjusted EPS": -852,
        "PE": -11.5,
        "Book Price": 11.1
      }
    },
    {
      "quarter": "Q3 2012",
      "income status": {
        "Net sales": 608776,
        "Cost of goods sold": 571255,
        "Gross Profit": 37521,
        "Financial expenses": 23779,
        "Of which: Interest expense": 22641,
        "Cost of sales": 29808,
        "Enterprise cost management": 11666,
        "Total Operating Expenses": 65253,
        "Total revenue financing activities": 7113,
        "Net profit from business activities": -20619,
        "Profit": 299,
        "Profit before tax": -20321,
        "Present corporate income tax expenses": 2053,
        "Deferred income taxes expenses": "N/A",
        "The interests of minority shareholders": -6218,
        "Total Cost of profits": -4165,
        "Profit after tax corporate income": -16156,
        "Volume": 13200000,
        "Close of Quarter": 12.2,
        "EPS": -4471,
        "Non-adjusted EPS": -4471,
        "PE": -2.7,
        "Book Price": 8.6
      }
    },
    {
      "quarter": "Q2 2012",
      "income status": {
        "Net sales": 519721,
        "Cost of goods sold": 499786,
        "Gross Profit": 19935,
        "Financial expenses": 30691,
        "Of which: Interest expense": 21261,
        "Cost of sales": 15674,
        "Enterprise cost management": 16780,
        "Total Operating Expenses": 63145,
        "Total revenue financing activities": 8385,
        "Net profit from business activities": -34826,
        "Profit": 4132,
        "Profit before tax": -30694,
        "Present corporate income tax expenses": -1128,
        "Deferred income taxes expenses": 385,
        "The interests of minority shareholders": -8280,
        "Total Cost of profits": -9023,
        "Profit after tax corporate income": -21671,
        "Volume": 13200000,
        "Close of Quarter": 9,
        "EPS": -3799,
        "Non-adjusted EPS": -3799,
        "PE": -2.4,
        "Book Price": 9.8
      }
    },
    {
      "quarter": "Q1 2012",
      "income status": {
        "Net sales": 352553,
        "Cost of goods sold": 341873,
        "Gross Profit": 10680,
        "Financial expenses": 26502,
        "Of which: Interest expense": 25458,
        "Cost of sales": 12054,
        "Enterprise cost management": 12439,
        "Total Operating Expenses": 50995,
        "Total revenue financing activities": 8774,
        "Net profit from business activities": -31541,
        "Profit": 411,
        "Profit before tax": -31130,
        "Present corporate income tax expenses": 1128,
        "Deferred income taxes expenses": "N/A",
        "The interests of minority shareholders": -7225,
        "Total Cost of profits": -6097,
        "Profit after tax corporate income": -25033,
        "Volume": 13200000,
        "Close of Quarter": 13.7,
        "EPS": -1890,
        "Non-adjusted EPS": -1890,
        "PE": -7.3,
        "Book Price": 11.4
      }
    },
    {
      "quarter": "Q4 2011",
      "income status": {
        "Net sales": 623874,
        "Cost of goods sold": 561793,
        "Gross Profit": 62081,
        "Financial expenses": 38533,
        "Of which: Interest expense": 35565,
        "Cost of sales": 15773,
        "Enterprise cost management": 18552,
        "Total Operating Expenses": 72858,
        "Total revenue financing activities": 13716,
        "Net profit from business activities": 2939,
        "Profit": 3149,
        "Profit before tax": 47075,
        "Present corporate income tax expenses": 3026,
        "Deferred income taxes expenses": -1661,
        "The interests of minority shareholders": 251,
        "Total Cost of profits": 1616,
        "Profit after tax corporate income": 3843,
        "Volume": 13200000,
        "Close of Quarter": 11.7,
        "EPS": 2644,
        "Non-adjusted EPS": 2644,
        "PE": 4.4,
        "Book Price": 15.6
      }
    },
    {
      "quarter": "Q3 2011",
      "income status": {
        "Net sales": 630144,
        "Cost of goods sold": 591573,
        "Gross Profit": 38570,
        "Financial expenses": 28986,
        "Of which: Interest expense": 28280,
        "Cost of sales": 20437,
        "Enterprise cost management": 16994,
        "Total Operating Expenses": 66417,
        "Total revenue financing activities": 14688,
        "Net profit from business activities": -13159,
        "Profit": 2032,
        "Profit before tax": 41616,
        "Present corporate income tax expenses": -4981,
        "Deferred income taxes expenses": "N/A",
        "The interests of minority shareholders": 1137,
        "Total Cost of profits": -3844,
        "Profit after tax corporate income": -7283,
        "Volume": 13200000,
        "Close of Quarter": 13.1,
        "EPS": 1239,
        "Non-adjusted EPS": 1239,
        "PE": 10.6,
        "Book Price": 15.3
      }
    },
    {
      "quarter": "Q2 2011",
      "income status": {
        "Net sales": 876855,
        "Cost of goods sold": 811856,
        "Gross Profit": 64999,
        "Financial expenses": 44248,
        "Of which: Interest expense": 32508,
        "Cost of sales": 27502,
        "Enterprise cost management": 16421,
        "Total Operating Expenses": 88171,
        "Total revenue financing activities": 20629,
        "Net profit from business activities": -2542,
        "Profit": 6508,
        "Profit before tax": 3965,
        "Present corporate income tax expenses": -816,
        "Deferred income taxes expenses": 28,
        "The interests of minority shareholders": 1230,
        "Total Cost of profits": 442,
        "Profit after tax corporate income": 3523,
        "Volume": 13200000,
        "Close of Quarter": 15.0,
        "EPS": 2970,
        "Non-adjusted EPS": 2970,
        "PE": 5.1,
        "Book Price": 15.9
      }
    },
    {
      "quarter": "Q1 2011",
      "income status": {
        "Net sales": 644835,
        "Cost of goods sold": 586078,
        "Gross Profit": 58757,
        "Financial expenses": 22085,
        "Of which: Interest expense": 19700,
        "Cost of sales": 16228,
        "Enterprise cost management": 12914,
        "Total Operating Expenses": 51227,
        "Total revenue financing activities": 36108,
        "Net profit from business activities": 43637,
        "Profit": 2773,
        "Profit before tax": 46409,
        "Present corporate income tax expenses": 10597,
        "Deferred income taxes expenses": "N/A",
        "The interests of minority shareholders": 992,
        "Total Cost of profits": 11589,
        "Profit after tax corporate income": 34821,
        "Volume": 13200000,
        "Close of Quarter": "N/A",
        "EPS": 4705,
        "Non-adjusted EPS": 4705,
        "PE": "N/A",
        "Book Price": 19.1
      }
    },
    {
      "quarter": "Q4 2010",
      "income status": {
        "Net sales": 498309,
        "Cost of goods sold": 481580,
        "Gross Profit": 16729,
        "Financial expenses": 19849,
        "Of which: Interest expense": 19746,
        "Cost of sales": 14281,
        "Enterprise cost management": 23876,
        "Total Operating Expenses": 58006,
        "Total revenue financing activities": 21433,
        "Net profit from business activities": -19844,
        "Profit": 2489,
        "Profit before tax": -17355,
        "Present corporate income tax expenses": -2649,
        "Deferred income taxes expenses": "N/A",
        "The interests of minority shareholders": "N/A",
        "Total Cost of profits": -2649,
        "Profit after tax corporate income": -14706,
        "Volume": 13200000,
        "Close of Quarter": "N/A",
        "EPS": 3878,
        "Non-adjusted EPS": 3878,
        "PE": "N/A",
        "Book Price": 16.5
      }
    },
    {
      "quarter": "Q3 2010",
      "income status": {
        "Net sales": 478462,
        "Cost of goods sold": 422216,
        "Gross Profit": 56246,
        "Financial expenses": 16029,
        "Of which: Interest expense": 15747,
        "Cost of sales": 15540,
        "Enterprise cost management": 15641,
        "Total Operating Expenses": 47210,
        "Total revenue financing activities": 19008,
        "Net profit from business activities": 28044,
        "Profit": -4634,
        "Profit before tax": 23409,
        "Present corporate income tax expenses": 7077,
        "Deferred income taxes expenses": "N/A",
        "The interests of minority shareholders": 767,
        "Total Cost of profits": 7844,
        "Profit after tax corporate income": 15565,
        "Volume": 13200000,
        "Close of Quarter": "N/A",
        "EPS": 7137,
        "Non-adjusted EPS": 7137,
        "PE": "N/A",
        "Book Price": "N/A"
      }
    },
    {
      "quarter": "Q2 2010",
      "income status": {
        "Net sales": 554684,
        "Cost of goods sold": 478718,
        "Gross Profit": 75966,
        "Financial expenses": 14399,
        "Of which: Interest expense": 13745,
        "Cost of sales": 19267,
        "Enterprise cost management": 14480,
        "Total Operating Expenses": 48146,
        "Total revenue financing activities": 7826,
        "Net profit from business activities": 35645,
        "Profit": -547,
        "Profit before tax": 35097,
        "Present corporate income tax expenses": 8260,
        "Deferred income taxes expenses": "N/A",
        "The interests of minority shareholders": 413,
        "Total Cost of profits": 8673,
        "Profit after tax corporate income": 26424,
        "Volume": 13200000,
        "Close of Quarter": "N/A",
        "EPS": 5958,
        "Non-adjusted EPS": 5958,
        "PE": "N/A",
        "Book Price": "N/A"
      }
    },
    {
      "quarter": "Q1 2010",
      "income status": {
        "Net sales": 361436,
        "Cost of goods sold": 310063,
        "Gross Profit": 51373,
        "Financial expenses": 11490,
        "Of which: Interest expense": 11251,
        "Cost of sales": 11974,
        "Enterprise cost management": 9750,
        "Total Operating Expenses": 33214,
        "Total revenue financing activities": 12089,
        "Net profit from business activities": 30247,
        "Profit": -286,
        "Profit before tax": 29961,
        "Present corporate income tax expenses": 7799,
        "Deferred income taxes expenses": "N/A",
        "The interests of minority shareholders": -1744,
        "Total Cost of profits": 6055,
        "Profit after tax corporate income": 23907,
        "Volume": 13200000,
        "Close of Quarter": "N/A",
        "EPS": 3956,
        "Non-adjusted EPS": 3956,
        "PE": "N/A",
        "Book Price": "N/A"
      }
    },
    {
      "quarter": "Q4 2009",
      "income status": {
        "Net sales": 488654,
        "Cost of goods sold": 450603,
        "Gross Profit": 38051,
        "Financial expenses": 10032,
        "Of which: Interest expense": 9100,
        "Cost of sales": 16237,
        "Enterprise cost management": 21464,
        "Total Operating Expenses": 47733,
        "Total revenue financing activities": 44940,
        "Net profit from business activities": 35259,
        "Profit": 321,
        "Profit before tax": 35579,
        "Present corporate income tax expenses": 7271,
        "Deferred income taxes expenses": "N/A",
        "The interests of minority shareholders": "N/A",
        "Total Cost of profits": 7271,
        "Profit after tax corporate income": 28309,
        "Volume": 13200000,
        "Close of Quarter": "N/A",
        "EPS": 2145,
        "Non-adjusted EPS": 2145,
        "PE": "N/A",
        "Book Price": 14.5
      }
    }
  ]
}