{
  "ticker": "VCS",
  "data": [
    {
      "quarter": "Q1 2017",
      "income status": {
        "Net sales": 1130994,
        "Cost of goods sold": 868734,
        "Gross Profit": 262260,
        "Financial expenses": 17436,
        "Of which: Interest expense": 11987,
        "Cost of sales": 21779,
        "Enterprise cost management": 13319,
        "Total Operating Expenses": 52534,
        "Total revenue financing activities": 9272,
        "Net profit from business activities": 220041,
        "Profit": 69,
        "Profit before tax": 220111,
        "Present corporate income tax expenses": 44616,
        "Deferred income taxes expenses": -861,
        "The interests of minority shareholders": "N/A",
        "Total Cost of profits": 43755,
        "Profit after tax corporate income": 176356,
        "Volume": 60000000,
        "Close of Quarter": 169,
        "EPS": 11819,
        "Non-adjusted EPS": 11819,
        "PE": 14.3,
        "Book Price": 27
      }
    },
    {
      "quarter": "Q4 2016",
      "income status": {
        "Net sales": 990704,
        "Cost of goods sold": 681331,
        "Gross Profit": 309373,
        "Financial expenses": 27789,
        "Of which: Interest expense": 11499,
        "Cost of sales": 21824,
        "Enterprise cost management": 18560,
        "Total Operating Expenses": 68173,
        "Total revenue financing activities": 6051,
        "Net profit from business activities": 249736,
        "Profit": 209,
        "Profit before tax": 249945,
        "Present corporate income tax expenses": 43434,
        "Deferred income taxes expenses": -1753,
        "The interests of minority shareholders": "N/A",
        "Total Cost of profits": 41681,
        "Profit after tax corporate income": 208263,
        "Volume": 60000000,
        "Close of Quarter": 128.4,
        "EPS": 11266,
        "Non-adjusted EPS": 11266,
        "PE": 11.4,
        "Book Price": 24.1
      }
    },
    {
      "quarter": "Q3 2016",
      "income status": {
        "Net sales": 767585,
        "Cost of goods sold": 520692,
        "Gross Profit": 246893,
        "Financial expenses": 13245,
        "Of which: Interest expense": 11971,
        "Cost of sales": 17110,
        "Enterprise cost management": 15918,
        "Total Operating Expenses": 46273,
        "Total revenue financing activities": 4975,
        "Net profit from business activities": 205324,
        "Profit": -848,
        "Profit before tax": 204475,
        "Present corporate income tax expenses": 34393,
        "Deferred income taxes expenses": -54,
        "The interests of minority shareholders": "N/A",
        "Total Cost of profits": 34339,
        "Profit after tax corporate income": 170136,
        "Volume": 52999251,
        "Close of Quarter": 130.7,
        "EPS": 10031.0,
        "Non-adjusted EPS": 11356,
        "PE": 11.5,
        "Book Price": 22.5
      }
    },
    {
      "quarter": "Q2 2016",
      "income status": {
        "Net sales": 739264,
        "Cost of goods sold": 515064,
        "Gross Profit": 224200,
        "Financial expenses": 13623,
        "Of which: Interest expense": 12344,
        "Cost of sales": 16650,
        "Enterprise cost management": 12196,
        "Total Operating Expenses": 42469,
        "Total revenue financing activities": 933,
        "Net profit from business activities": 183727,
        "Profit": 193,
        "Profit before tax": 183920,
        "Present corporate income tax expenses": 29540,
        "Deferred income taxes expenses": -8,
        "The interests of minority shareholders": "N/A",
        "Total Cost of profits": 29532,
        "Profit after tax corporate income": 154388,
        "Volume": 52999251,
        "Close of Quarter": 90.6,
        "EPS": 9078.8,
        "Non-adjusted EPS": 10278,
        "PE": 8.8,
        "Book Price": 19.8
      }
    },
    {
      "quarter": "Q1 2016",
      "income status": {
        "Net sales": 713936,
        "Cost of goods sold": 502969,
        "Gross Profit": 210967,
        "Financial expenses": 16297,
        "Of which: Interest expense": 14430,
        "Cost of sales": 21260,
        "Enterprise cost management": 12719,
        "Total Operating Expenses": 50276,
        "Total revenue financing activities": 13976,
        "Net profit from business activities": 175247,
        "Profit": 175,
        "Profit before tax": 175422,
        "Present corporate income tax expenses": 32240,
        "Deferred income taxes expenses": -13,
        "The interests of minority shareholders": "N/A",
        "Total Cost of profits": 32227,
        "Profit after tax corporate income": 143195,
        "Volume": 42399451,
        "Close of Quarter": 62.2,
        "EPS": 8041.1,
        "Non-adjusted EPS": 11379,
        "PE": 5.5,
        "Book Price": 18.7
      }
    },
    {
      "quarter": "Q4 2015",
      "income status": {
        "Net sales": 781053,
        "Cost of goods sold": 574312,
        "Gross Profit": 206741,
        "Financial expenses": 22399,
        "Of which: Interest expense": 16640,
        "Cost of sales": 18556,
        "Enterprise cost management": 13228,
        "Total Operating Expenses": 54183,
        "Total revenue financing activities": 4956,
        "Net profit from business activities": 159193,
        "Profit": -523,
        "Profit before tax": 158670,
        "Present corporate income tax expenses": 24521,
        "Deferred income taxes expenses": -1,
        "The interests of minority shareholders": "N/A",
        "Total Cost of profits": 24520,
        "Profit after tax corporate income": 134150,
        "Volume": 42399451,
        "Close of Quarter": 50.6,
        "EPS": 6743.6,
        "Non-adjusted EPS": 9543,
        "PE": 5.3,
        "Book Price": 16.7
      }
    },
    {
      "quarter": "Q3 2015",
      "income status": {
        "Net sales": 669089,
        "Cost of goods sold": 451921,
        "Gross Profit": 217168,
        "Financial expenses": 60513,
        "Of which: Interest expense": 19896,
        "Cost of sales": 23251,
        "Enterprise cost management": 14953,
        "Total Operating Expenses": 98717,
        "Total revenue financing activities": 6054,
        "Net profit from business activities": 126955,
        "Profit": 224,
        "Profit before tax": 127178,
        "Present corporate income tax expenses": 14197,
        "Deferred income taxes expenses": 3,
        "The interests of minority shareholders": "N/A",
        "Total Cost of profits": 14200,
        "Profit after tax corporate income": 112978,
        "Volume": 42399451,
        "Close of Quarter": 26.7,
        "EPS": 6316.1,
        "Non-adjusted EPS": 8938,
        "PE": 3.0,
        "Book Price": 16.0
      }
    },
    {
      "quarter": "Q2 2015",
      "income status": {
        "Net sales": 637836,
        "Cost of goods sold": 445855,
        "Gross Profit": 191981,
        "Financial expenses": 39444,
        "Of which: Interest expense": 22207,
        "Cost of sales": 19083,
        "Enterprise cost management": 13836,
        "Total Operating Expenses": 72363,
        "Total revenue financing activities": 7505,
        "Net profit from business activities": 127852,
        "Profit": -8336,
        "Profit before tax": 119516,
        "Present corporate income tax expenses": 27364,
        "Deferred income taxes expenses": -4,
        "The interests of minority shareholders": "N/A",
        "Total Cost of profits": 27360,
        "Profit after tax corporate income": 92156,
        "Volume": 42399451,
        "Close of Quarter": 22.0,
        "EPS": 4649.8,
        "Non-adjusted EPS": 6580,
        "PE": 3.4,
        "Book Price": 14.1
      }
    },
    {
      "quarter": "Q1 2015",
      "income status": {
        "Net sales": 528187,
        "Cost of goods sold": 385453,
        "Gross Profit": 142734,
        "Financial expenses": 47624,
        "Of which: Interest expense": 22323,
        "Cost of sales": 16077,
        "Enterprise cost management": 13506,
        "Total Operating Expenses": 77207,
        "Total revenue financing activities": 6998,
        "Net profit from business activities": 73391,
        "Profit": 459,
        "Profit before tax": 73850,
        "Present corporate income tax expenses": 8501,
        "Deferred income taxes expenses": "N/A",
        "The interests of minority shareholders": "N/A",
        "Total Cost of profits": 8501,
        "Profit after tax corporate income": 65349,
        "Volume": 42399451,
        "Close of Quarter": 19.0,
        "EPS": 4408.1,
        "Non-adjusted EPS": 6238,
        "PE": 3.1,
        "Book Price": 14.1
      }
    },
    {
      "quarter": "Q4 2014",
      "income status": {
        "Net sales": 584504,
        "Cost of goods sold": 428875,
        "Gross Profit": 155629,
        "Financial expenses": 22186,
        "Of which: Interest expense": 21843,
        "Cost of sales": 16759,
        "Enterprise cost management": 10610,
        "Total Operating Expenses": 49555,
        "Total revenue financing activities": 13403,
        "Net profit from business activities": 120781,
        "Profit": 151,
        "Profit before tax": 120932,
        "Present corporate income tax expenses": "N/A",
        "Deferred income taxes expenses": 12454,
        "The interests of minority shareholders": "N/A",
        "Total Cost of profits": 12454,
        "Profit after tax corporate income": 108478,
        "Volume": 42399451,
        "Close of Quarter": 16.9,
        "EPS": 3534.7,
        "Non-adjusted EPS": 5002,
        "PE": 3.4,
        "Book Price": 13.1
      }
    },
    {
      "quarter": "Q3 2014",
      "income status": {
        "Net sales": 662463,
        "Cost of goods sold": 349868,
        "Gross Profit": 312594,
        "Financial expenses": 248574,
        "Of which: Interest expense": 23548,
        "Cost of sales": 19803,
        "Enterprise cost management": 19528,
        "Total Operating Expenses": 287905,
        "Total revenue financing activities": 11922,
        "Net profit from business activities": 37956,
        "Profit": 1420,
        "Profit before tax": 39376,
        "Present corporate income tax expenses": 10568,
        "Deferred income taxes expenses": 15711,
        "The interests of minority shareholders": 75,
        "Total Cost of profits": 26354,
        "Profit after tax corporate income": 13023,
        "Volume": 42399451,
        "Close of Quarter": 17.9,
        "EPS": 2110.8,
        "Non-adjusted EPS": 2987,
        "PE": 6.0,
        "Book Price": 12.7
      }
    },
    {
      "quarter": "Q2 2014",
      "income status": {
        "Net sales": 529412,
        "Cost of goods sold": 350344,
        "Gross Profit": 179068,
        "Financial expenses": 39179,
        "Of which: Interest expense": 22290,
        "Cost of sales": 19629,
        "Enterprise cost management": 39658,
        "Total Operating Expenses": 98466,
        "Total revenue financing activities": 2824,
        "Net profit from business activities": 86425,
        "Profit": 88,
        "Profit before tax": 86513,
        "Present corporate income tax expenses": 3422,
        "Deferred income taxes expenses": 5435,
        "The interests of minority shareholders": 36,
        "Total Cost of profits": 8893,
        "Profit after tax corporate income": 77620,
        "Volume": 52999251,
        "Close of Quarter": 7.8,
        "EPS": 2108.5,
        "Non-adjusted EPS": 2387,
        "PE": 3.3,
        "Book Price": 18.6
      }
    },
    {
      "quarter": "Q1 2014",
      "income status": {
        "Net sales": 287134,
        "Cost of goods sold": 225094,
        "Gross Profit": 62040,
        "Financial expenses": 24137,
        "Of which: Interest expense": 21681,
        "Cost of sales": 11459,
        "Enterprise cost management": 18215,
        "Total Operating Expenses": 53811,
        "Total revenue financing activities": 3135,
        "Net profit from business activities": 12227,
        "Profit": 2425,
        "Profit before tax": 14652,
        "Present corporate income tax expenses": 2600,
        "Deferred income taxes expenses": -904,
        "The interests of minority shareholders": 4,
        "Total Cost of profits": 1700,
        "Profit after tax corporate income": 12952,
        "Volume": 52999251,
        "Close of Quarter": 10.6,
        "EPS": 1182.8,
        "Non-adjusted EPS": 1339,
        "PE": 7.9,
        "Book Price": 17.8
      }
    },
    {
      "quarter": "Q4 2013",
      "income status": {
        "Net sales": 309196,
        "Cost of goods sold": 215657,
        "Gross Profit": 93539,
        "Financial expenses": 29277,
        "Of which: Interest expense": 21594,
        "Cost of sales": 14220,
        "Enterprise cost management": 35274,
        "Total Operating Expenses": 78771,
        "Total revenue financing activities": 1915,
        "Net profit from business activities": 16683,
        "Profit": 654,
        "Profit before tax": 17390,
        "Present corporate income tax expenses": 7750,
        "Deferred income taxes expenses": -13410,
        "The interests of minority shareholders": -3,
        "Total Cost of profits": -5663,
        "Profit after tax corporate income": 23052,
        "Volume": 52999251,
        "Close of Quarter": 7.5,
        "EPS": 1193.4,
        "Non-adjusted EPS": 1351,
        "PE": 5.6,
        "Book Price": 17.7
      }
    },
    {
      "quarter": "Q3 2013",
      "income status": {
        "Net sales": 462386,
        "Cost of goods sold": 337305,
        "Gross Profit": 125082,
        "Financial expenses": 70354,
        "Of which: Interest expense": 22369,
        "Cost of sales": 15015,
        "Enterprise cost management": 21659,
        "Total Operating Expenses": 107028,
        "Total revenue financing activities": 3409,
        "Net profit from business activities": 21463,
        "Profit": -2304,
        "Profit before tax": 19618,
        "Present corporate income tax expenses": 6320,
        "Deferred income taxes expenses": 3759,
        "The interests of minority shareholders": -3365,
        "Total Cost of profits": 6714,
        "Profit after tax corporate income": 12904,
        "Volume": 52999251,
        "Close of Quarter": 5.0,
        "EPS": 1136.0,
        "Non-adjusted EPS": 1286,
        "PE": 3.9,
        "Book Price": 17.3
      }
    },
    {
      "quarter": "Q2 2013",
      "income status": {
        "Net sales": 281115,
        "Cost of goods sold": 178768,
        "Gross Profit": 102347,
        "Financial expenses": 41859,
        "Of which: Interest expense": -75846,
        "Cost of sales": 17292,
        "Enterprise cost management": 20812,
        "Total Operating Expenses": 79963,
        "Total revenue financing activities": 2130,
        "Net profit from business activities": 24513,
        "Profit": -3675,
        "Profit before tax": 20721,
        "Present corporate income tax expenses": 2227,
        "Deferred income taxes expenses": -3583,
        "The interests of minority shareholders": 9,
        "Total Cost of profits": -1347,
        "Profit after tax corporate income": 22069,
        "Volume": 52999251,
        "Close of Quarter": 4.8,
        "EPS": 1124.5,
        "Non-adjusted EPS": 1273,
        "PE": 3.8,
        "Book Price": 17.1
      }
    },
    {
      "quarter": "Q1 2013",
      "income status": {
        "Net sales": 258085,
        "Cost of goods sold": 183413,
        "Gross Profit": 74672,
        "Financial expenses": 33033,
        "Of which: Interest expense": 25571,
        "Cost of sales": 10432,
        "Enterprise cost management": 18341,
        "Total Operating Expenses": 61806,
        "Total revenue financing activities": 831,
        "Net profit from business activities": 13697,
        "Profit": -639,
        "Profit before tax": 12952,
        "Present corporate income tax expenses": -1662,
        "Deferred income taxes expenses": 1012,
        "The interests of minority shareholders": 5,
        "Total Cost of profits": -645,
        "Profit after tax corporate income": 13597,
        "Volume": 52999251,
        "Close of Quarter": 5.0,
        "EPS": 813.5,
        "Non-adjusted EPS": 921,
        "PE": 5.5,
        "Book Price": 16.9
      }
    },
    {
      "quarter": "Q4 2012",
      "income status": {
        "Net sales": 240829,
        "Cost of goods sold": 160016,
        "Gross Profit": 80813,
        "Financial expenses": 30806,
        "Of which: Interest expense": 27234,
        "Cost of sales": 14024,
        "Enterprise cost management": 21854,
        "Total Operating Expenses": 66684,
        "Total revenue financing activities": 1128,
        "Net profit from business activities": 15257,
        "Profit": 2272,
        "Profit before tax": 17278,
        "Present corporate income tax expenses": -5625,
        "Deferred income taxes expenses": 3354,
        "The interests of minority shareholders": -41,
        "Total Cost of profits": -2312,
        "Profit after tax corporate income": 19589,
        "Volume": 52999251,
        "Close of Quarter": 5.8,
        "EPS": 909.8,
        "Non-adjusted EPS": 1030,
        "PE": 5.6,
        "Book Price": 16.7
      }
    },
    {
      "quarter": "Q3 2012",
      "income status": {
        "Net sales": 255733,
        "Cost of goods sold": 172548,
        "Gross Profit": 83185,
        "Financial expenses": 33506,
        "Of which: Interest expense": 29365,
        "Cost of sales": 17586,
        "Enterprise cost management": 16791,
        "Total Operating Expenses": 67883,
        "Total revenue financing activities": 1747,
        "Net profit from business activities": 17048,
        "Profit": -341,
        "Profit before tax": 15505,
        "Present corporate income tax expenses": 5030,
        "Deferred income taxes expenses": -1744,
        "The interests of minority shareholders": 11,
        "Total Cost of profits": 3297,
        "Profit after tax corporate income": 12207,
        "Volume": 52999251,
        "Close of Quarter": 5.0,
        "EPS": 1030.8,
        "Non-adjusted EPS": 1167,
        "PE": 4.3,
        "Book Price": 16.3
      }
    },
    {
      "quarter": "Q2 2012",
      "income status": {
        "Net sales": 290138,
        "Cost of goods sold": 211273,
        "Gross Profit": 78865,
        "Financial expenses": 47772,
        "Of which: Interest expense": 31515,
        "Cost of sales": 14897,
        "Enterprise cost management": 18539,
        "Total Operating Expenses": 81208,
        "Total revenue financing activities": 1883,
        "Net profit from business activities": -460,
        "Profit": 521,
        "Profit before tax": 103,
        "Present corporate income tax expenses": 1083,
        "Deferred income taxes expenses": -4978,
        "The interests of minority shareholders": 601,
        "Total Cost of profits": -3294,
        "Profit after tax corporate income": 3398,
        "Volume": 52999251,
        "Close of Quarter": 7.3,
        "EPS": 1435.4,
        "Non-adjusted EPS": 1625,
        "PE": 4.5,
        "Book Price": 16.1
      }
    },
    {
      "quarter": "Q1 2012",
      "income status": {
        "Net sales": 177898,
        "Cost of goods sold": 94828,
        "Gross Profit": 83070,
        "Financial expenses": 33543,
        "Of which: Interest expense": 29057,
        "Cost of sales": 8848,
        "Enterprise cost management": 16581,
        "Total Operating Expenses": 58972,
        "Total revenue financing activities": 1216,
        "Net profit from business activities": 25315,
        "Profit": 51,
        "Profit before tax": 24241,
        "Present corporate income tax expenses": 7724,
        "Deferred income taxes expenses": -3777,
        "The interests of minority shareholders": 876,
        "Total Cost of profits": 4823,
        "Profit after tax corporate income": 19418,
        "Volume": 52999251,
        "Close of Quarter": 7.5,
        "EPS": 1804.6,
        "Non-adjusted EPS": 2043,
        "PE": 3.7,
        "Book Price": 16.3
      }
    },
    {
      "quarter": "Q4 2011",
      "income status": {
        "Net sales": 255600,
        "Cost of goods sold": 145631,
        "Gross Profit": 109968,
        "Financial expenses": 61453,
        "Of which: Interest expense": 27623,
        "Cost of sales": 8945,
        "Enterprise cost management": 19359,
        "Total Operating Expenses": 89757,
        "Total revenue financing activities": 1626,
        "Net profit from business activities": 21837,
        "Profit": 3477,
        "Profit before tax": 28212,
        "Present corporate income tax expenses": 7050,
        "Deferred income taxes expenses": -5905,
        "The interests of minority shareholders": 267,
        "Total Cost of profits": 1412,
        "Profit after tax corporate income": 26801,
        "Volume": 31066600,
        "Close of Quarter": 5.1,
        "EPS": 2159.7,
        "Non-adjusted EPS": 4171,
        "PE": 1.2,
        "Book Price": 17.4
      }
    },
    {
      "quarter": "Q3 2011",
      "income status": {
        "Net sales": 206097,
        "Cost of goods sold": 119886,
        "Gross Profit": 86212,
        "Financial expenses": 30234,
        "Of which: Interest expense": 21680,
        "Cost of sales": 9354,
        "Enterprise cost management": 11483,
        "Total Operating Expenses": 51071,
        "Total revenue financing activities": 6784,
        "Net profit from business activities": 41925,
        "Profit": 2671,
        "Profit before tax": 39448,
        "Present corporate income tax expenses": 2781,
        "Deferred income taxes expenses": "N/A",
        "The interests of minority shareholders": 186,
        "Total Cost of profits": 2967,
        "Profit after tax corporate income": 36481,
        "Volume": 31066600,
        "Close of Quarter": 6.7,
        "EPS": 2170.5,
        "Non-adjusted EPS": 4192,
        "PE": 1.6,
        "Book Price": 17.2
      }
    },
    {
      "quarter": "Q2 2011",
      "income status": {
        "Net sales": 193098,
        "Cost of goods sold": 129729,
        "Gross Profit": 63369,
        "Financial expenses": 33072,
        "Of which: Interest expense": 28820,
        "Cost of sales": 12972,
        "Enterprise cost management": 12036,
        "Total Operating Expenses": 58080,
        "Total revenue financing activities": 18103,
        "Net profit from business activities": 23392,
        "Profit": 2275,
        "Profit before tax": 23417,
        "Present corporate income tax expenses": -2481,
        "Deferred income taxes expenses": 19,
        "The interests of minority shareholders": 313,
        "Total Cost of profits": -2149,
        "Profit after tax corporate income": 25567,
        "Volume": 21066600,
        "Close of Quarter": 9.8,
        "EPS": 1939.9,
        "Non-adjusted EPS": 5525,
        "PE": 1.8,
        "Book Price": 16.6
      }
    },
    {
      "quarter": "Q1 2011",
      "income status": {
        "Net sales": 234900,
        "Cost of goods sold": 203494,
        "Gross Profit": 31406,
        "Financial expenses": 16656,
        "Of which: Interest expense": 7305,
        "Cost of sales": 6125,
        "Enterprise cost management": 10267,
        "Total Operating Expenses": 33048,
        "Total revenue financing activities": 37088,
        "Net profit from business activities": 35447,
        "Profit": 5016,
        "Profit before tax": 48353,
        "Present corporate income tax expenses": 7095,
        "Deferred income taxes expenses": "N/A",
        "The interests of minority shareholders": 518,
        "Total Cost of profits": 7613,
        "Profit after tax corporate income": 40740,
        "Volume": 21066600,
        "Close of Quarter": 9.0,
        "EPS": 2222.5,
        "Non-adjusted EPS": 6330,
        "PE": 1.4,
        "Book Price": 12.3
      }
    },
    {
      "quarter": "Q4 2010",
      "income status": {
        "Net sales": 230880,
        "Cost of goods sold": 186726,
        "Gross Profit": 44154,
        "Financial expenses": 19163,
        "Of which: Interest expense": 14070,
        "Cost of sales": 5837,
        "Enterprise cost management": 7963,
        "Total Operating Expenses": 32963,
        "Total revenue financing activities": 19347,
        "Net profit from business activities": 30538,
        "Profit": 2790,
        "Profit before tax": 33329,
        "Present corporate income tax expenses": 201,
        "Deferred income taxes expenses": 5671,
        "The interests of minority shareholders": "N/A",
        "Total Cost of profits": 5872,
        "Profit after tax corporate income": 27457,
        "Volume": 15750000,
        "Close of Quarter": 8.6,
        "EPS": 1952.0,
        "Non-adjusted EPS": 7436,
        "PE": 1.2,
        "Book Price": 11.7
      }
    },
    {
      "quarter": "Q3 2010",
      "income status": {
        "Net sales": 193244,
        "Cost of goods sold": 158343,
        "Gross Profit": 34901,
        "Financial expenses": 9767,
        "Of which: Interest expense": 5602,
        "Cost of sales": 5108,
        "Enterprise cost management": 7096,
        "Total Operating Expenses": 21971,
        "Total revenue financing activities": 6357,
        "Net profit from business activities": 19286,
        "Profit": 3690,
        "Profit before tax": 26378,
        "Present corporate income tax expenses": 3081,
        "Deferred income taxes expenses": 372,
        "The interests of minority shareholders": 287,
        "Total Cost of profits": 3740,
        "Profit after tax corporate income": 22639,
        "Volume": 15750000,
        "Close of Quarter": 11.4,
        "EPS": 1881.3,
        "Non-adjusted EPS": 7167,
        "PE": 1.6,
        "Book Price": 7.3
      }
    },
    {
      "quarter": "Q2 2010",
      "income status": {
        "Net sales": 185637,
        "Cost of goods sold": 143151,
        "Gross Profit": 42486,
        "Financial expenses": 18299,
        "Of which: Interest expense": 14157,
        "Cost of sales": 5289,
        "Enterprise cost management": 7385,
        "Total Operating Expenses": 30973,
        "Total revenue financing activities": 6981,
        "Net profit from business activities": 18494,
        "Profit": 24228,
        "Profit before tax": 45684,
        "Present corporate income tax expenses": 2728,
        "Deferred income taxes expenses": 38,
        "The interests of minority shareholders": 408,
        "Total Cost of profits": 3174,
        "Profit after tax corporate income": 42510,
        "Volume": 15000000,
        "Close of Quarter": 12.0,
        "EPS": 1976.5,
        "Non-adjusted EPS": 7906,
        "PE": 1.5,
        "Book Price": 6.8
      }
    },
    {
      "quarter": "Q1 2010",
      "income status": {
        "Net sales": 191282,
        "Cost of goods sold": 155530,
        "Gross Profit": 35752,
        "Financial expenses": 10013,
        "Of which: Interest expense": 4731,
        "Cost of sales": 3994,
        "Enterprise cost management": 7588,
        "Total Operating Expenses": 21595,
        "Total revenue financing activities": 7610,
        "Net profit from business activities": 21767,
        "Profit": 2540,
        "Profit before tax": 26418,
        "Present corporate income tax expenses": 1813,
        "Deferred income taxes expenses": "N/A",
        "The interests of minority shareholders": 89,
        "Total Cost of profits": 1902,
        "Profit after tax corporate income": 24516,
        "Volume": 15000000,
        "Close of Quarter": 13.1,
        "EPS": 1669,
        "Non-adjusted EPS": 6676,
        "PE": 2.0,
        "Book Price": 6.1
      }
    },
    {
      "quarter": "Q4 2009",
      "income status": {
        "Net sales": 152673,
        "Cost of goods sold": 119755,
        "Gross Profit": 32918,
        "Financial expenses": 8617,
        "Of which: Interest expense": "N/A",
        "Cost of sales": 5549,
        "Enterprise cost management": 6972,
        "Total Operating Expenses": 21138,
        "Total revenue financing activities": 9500,
        "Net profit from business activities": 21281,
        "Profit": 5161,
        "Profit before tax": 25635,
        "Present corporate income tax expenses": 1313,
        "Deferred income taxes expenses": 84,
        "The interests of minority shareholders": 1021,
        "Total Cost of profits": 2418,
        "Profit after tax corporate income": 23217,
        "Volume": 15000000,
        "Close of Quarter": 14.2,
        "EPS": 1561,
        "Non-adjusted EPS": 6244,
        "PE": 2.3,
        "Book Price": 6.4
      }
    },
    {
      "quarter": "Q3 2009",
      "income status": {
        "Net sales": 130736,
        "Cost of goods sold": 90114,
        "Gross Profit": 40622,
        "Financial expenses": 7303,
        "Of which: Interest expense": "N/A",
        "Cost of sales": 4379,
        "Enterprise cost management": 5173,
        "Total Operating Expenses": 16855,
        "Total revenue financing activities": 3852,
        "Net profit from business activities": 27619,
        "Profit": 3027,
        "Profit before tax": 30646,
        "Present corporate income tax expenses": 2215,
        "Deferred income taxes expenses": "N/A",
        "The interests of minority shareholders": 78,
        "Total Cost of profits": 2293,
        "Profit after tax corporate income": 28353,
        "Volume": 15000000,
        "Close of Quarter": 13.5,
        "EPS": 1466.8,
        "Non-adjusted EPS": 5867,
        "PE": 2.3,
        "Book Price": 6
      }
    },
    {
      "quarter": "Q2 2009",
      "income status": {
        "Net sales": 145265,
        "Cost of goods sold": 100307,
        "Gross Profit": 44958,
        "Financial expenses": 10321,
        "Of which: Interest expense": "N/A",
        "Cost of sales": 4591,
        "Enterprise cost management": 6762,
        "Total Operating Expenses": 21674,
        "Total revenue financing activities": 1425,
        "Net profit from business activities": 24709,
        "Profit": 272,
        "Profit before tax": 24981,
        "Present corporate income tax expenses": 1679,
        "Deferred income taxes expenses": "N/A",
        "The interests of minority shareholders": -745,
        "Total Cost of profits": 934,
        "Profit after tax corporate income": 24047,
        "Volume": 12950000,
        "Close of Quarter": 11.6,
        "EPS": 1333.2,
        "Non-adjusted EPS": 6177,
        "PE": 1.9,
        "Book Price": 5.6
      }
    },
    {
      "quarter": "Q1 2009",
      "income status": {
        "Net sales": 92681,
        "Cost of goods sold": 64829,
        "Gross Profit": 27852,
        "Financial expenses": 7231,
        "Of which: Interest expense": "N/A",
        "Cost of sales": 2039,
        "Enterprise cost management": 3095,
        "Total Operating Expenses": 12365,
        "Total revenue financing activities": 1727,
        "Net profit from business activities": 17213,
        "Profit": 2496,
        "Profit before tax": 19709,
        "Present corporate income tax expenses": 2025,
        "Deferred income taxes expenses": "N/A",
        "The interests of minority shareholders": -363,
        "Total Cost of profits": 1662,
        "Profit after tax corporate income": 18047,
        "Volume": 12950000,
        "Close of Quarter": 6.2,
        "EPS": 1247.5,
        "Non-adjusted EPS": 5780,
        "PE": 1.1,
        "Book Price": 5.3
      }
    },
    {
      "quarter": "Q4 2008",
      "income status": {
        "Net sales": 101764,
        "Cost of goods sold": 71406,
        "Gross Profit": 30358,
        "Financial expenses": 10677,
        "Of which: Interest expense": "N/A",
        "Cost of sales": 3618,
        "Enterprise cost management": 4197,
        "Total Operating Expenses": 18492,
        "Total revenue financing activities": 4437,
        "Net profit from business activities": 16304,
        "Profit": 2789,
        "Profit before tax": 19093,
        "Present corporate income tax expenses": 1530,
        "Deferred income taxes expenses": "N/A",
        "The interests of minority shareholders": "N/A",
        "Total Cost of profits": 1530,
        "Profit after tax corporate income": 17563,
        "Volume": 12950000,
        "Close of Quarter": 5.5,
        "EPS": 1292.4,
        "Non-adjusted EPS": 5988,
        "PE": 0.9,
        "Book Price": 5.5
      }
    },
    {
      "quarter": "Q3 2008",
      "income status": {
        "Net sales": 90117,
        "Cost of goods sold": 60347,
        "Gross Profit": 29770,
        "Financial expenses": 9121,
        "Of which: Interest expense": "N/A",
        "Cost of sales": 3630,
        "Enterprise cost management": 3243,
        "Total Operating Expenses": 15994,
        "Total revenue financing activities": 5676,
        "Net profit from business activities": 19452,
        "Profit": 3141,
        "Profit before tax": 22593,
        "Present corporate income tax expenses": 2259,
        "Deferred income taxes expenses": "N/A",
        "The interests of minority shareholders": "N/A",
        "Total Cost of profits": 2259,
        "Profit after tax corporate income": 20333,
        "Volume": 12950000,
        "Close of Quarter": 8.5,
        "EPS": 1209.1,
        "Non-adjusted EPS": 5602,
        "PE": 1.5,
        "Book Price": 5.2
      }
    },
    {
      "quarter": "Q2 2008",
      "income status": {
        "Net sales": 93284,
        "Cost of goods sold": 63209,
        "Gross Profit": 30075,
        "Financial expenses": 5538,
        "Of which: Interest expense": "N/A",
        "Cost of sales": 3763,
        "Enterprise cost management": 2941,
        "Total Operating Expenses": 12242,
        "Total revenue financing activities": 2572,
        "Net profit from business activities": 20406,
        "Profit": 2906,
        "Profit before tax": 23311,
        "Present corporate income tax expenses": 4405,
        "Deferred income taxes expenses": "N/A",
        "The interests of minority shareholders": "N/A",
        "Total Cost of profits": 4405,
        "Profit after tax corporate income": 18906,
        "Volume": 12950000,
        "Close of Quarter": 4.8,
        "EPS": 870.2,
        "Non-adjusted EPS": 4032,
        "PE": 1.2,
        "Book Price": 4.9
      }
    },
    {
      "quarter": "Q1 2008",
      "income status": {
        "Net sales": 87405,
        "Cost of goods sold": 59973,
        "Gross Profit": 27432,
        "Financial expenses": 5039,
        "Of which: Interest expense": "N/A",
        "Cost of sales": 2425,
        "Enterprise cost management": 2286,
        "Total Operating Expenses": 9750,
        "Total revenue financing activities": 810,
        "Net profit from business activities": 18493,
        "Profit": 2247,
        "Profit before tax": 20740,
        "Present corporate income tax expenses": "N/A",
        "Deferred income taxes expenses": "N/A",
        "The interests of minority shareholders": "N/A",
        "Total Cost of profits": 0,
        "Profit after tax corporate income": 20740,
        "Volume": 10000000,
        "Close of Quarter": 6.7,
        "EPS": 555.2,
        "Non-adjusted EPS": 3331,
        "PE": 2.0,
        "Book Price": 3.4
      }
    },
    {
      "quarter": "Q4 2007",
      "income status": {
        "Net sales": 68915,
        "Cost of goods sold": 49187,
        "Gross Profit": 19728,
        "Financial expenses": 5615,
        "Of which: Interest expense": "N/A",
        "Cost of sales": 2367,
        "Enterprise cost management": 2975,
        "Total Operating Expenses": 10957,
        "Total revenue financing activities": 412,
        "Net profit from business activities": 9182,
        "Profit": 3389,
        "Profit before tax": 12571,
        "Present corporate income tax expenses": "N/A",
        "Deferred income taxes expenses": "N/A",
        "The interests of minority shareholders": "N/A",
        "Total Cost of profits": 0,
        "Profit after tax corporate income": 12571,
        "Volume": 10000000,
        "Close of Quarter": 14.1,
        "EPS": 209.5,
        "Non-adjusted EPS": 1257,
        "PE": 11.2,
        "Book Price": 2.9
      }
    }
  ]
}