{
  "ticker": "TNC",
  "data": [
    {
      "quarter": "Q1 2017",
      "income status": {
        "Net sales": 9956,
        "Cost of goods sold": 6761,
        "Gross Profit": 3195,
        "Financial expenses": "N/A",
        "Of which: Interest expense": "N/A",
        "Cost of sales": 8,
        "Enterprise cost management": 1262,
        "Total Operating Expenses": 1270,
        "Total revenue financing activities": 1107,
        "Net profit from business activities": 3033,
        "Profit": -13,
        "Profit before tax": 3020,
        "Present corporate income tax expenses": 603,
        "Deferred income taxes expenses": 6,
        "The interests of minority shareholders": "N/A",
        "Total Cost of profits": 609,
        "Profit after tax corporate income": 2410,
        "Volume": 19250000,
        "Close of Quarter": 11.4,
        "EPS": 1232,
        "Non-adjusted EPS": 1232,
        "PE": 9.3,
        "Book Price": 16.1
      }
    },
    {
      "quarter": "Q4 2016",
      "income status": {
        "Net sales": 21668,
        "Cost of goods sold": 20850,
        "Gross Profit": 818,
        "Financial expenses": "N/A",
        "Of which: Interest expense": "N/A",
        "Cost of sales": 10,
        "Enterprise cost management": 1467,
        "Total Operating Expenses": 1477,
        "Total revenue financing activities": 2587,
        "Net profit from business activities": 1928,
        "Profit": -84,
        "Profit before tax": 1844,
        "Present corporate income tax expenses": 362,
        "Deferred income taxes expenses": 32,
        "The interests of minority shareholders": "N/A",
        "Total Cost of profits": 394,
        "Profit after tax corporate income": 1450,
        "Volume": 19250000,
        "Close of Quarter": 9.8,
        "EPS": 1171,
        "Non-adjusted EPS": 1171,
        "PE": 8.4,
        "Book Price": 16
      }
    },
    {
      "quarter": "Q3 2016",
      "income status": {
        "Net sales": 10557,
        "Cost of goods sold": 10829,
        "Gross Profit": -273,
        "Financial expenses": "N/A",
        "Of which: Interest expense": "N/A",
        "Cost of sales": 11,
        "Enterprise cost management": 1123,
        "Total Operating Expenses": 1134,
        "Total revenue financing activities": 1772,
        "Net profit from business activities": 365,
        "Profit": 1726,
        "Profit before tax": 2092,
        "Present corporate income tax expenses": 358,
        "Deferred income taxes expenses": 48,
        "The interests of minority shareholders": "N/A",
        "Total Cost of profits": 406,
        "Profit after tax corporate income": 1686,
        "Volume": 19250000,
        "Close of Quarter": 8.3,
        "EPS": 839,
        "Non-adjusted EPS": 839,
        "PE": 9.9,
        "Book Price": 15.9
      }
    },
    {
      "quarter": "Q2 2016",
      "income status": {
        "Net sales": 11989,
        "Cost of goods sold": 11319,
        "Gross Profit": 669,
        "Financial expenses": "N/A",
        "Of which: Interest expense": "N/A",
        "Cost of sales": 21,
        "Enterprise cost management": 2318,
        "Total Operating Expenses": 2339,
        "Total revenue financing activities": 19812,
        "Net profit from business activities": 18142,
        "Profit": -16,
        "Profit before tax": 18126,
        "Present corporate income tax expenses": -56,
        "Deferred income taxes expenses": 9,
        "The interests of minority shareholders": "N/A",
        "Total Cost of profits": -47,
        "Profit after tax corporate income": 18173,
        "Volume": 19250000,
        "Close of Quarter": 7.8,
        "EPS": 1146,
        "Non-adjusted EPS": 1146,
        "PE": 6.8,
        "Book Price": 15.8
      }
    },
    {
      "quarter": "Q1 2016",
      "income status": {
        "Net sales": 14508,
        "Cost of goods sold": 12952,
        "Gross Profit": 1556,
        "Financial expenses": "N/A",
        "Of which: Interest expense": "N/A",
        "Cost of sales": 13,
        "Enterprise cost management": 1772,
        "Total Operating Expenses": 1785,
        "Total revenue financing activities": 1028,
        "Net profit from business activities": 800,
        "Profit": 784,
        "Profit before tax": 1583,
        "Present corporate income tax expenses": 341,
        "Deferred income taxes expenses": 7,
        "The interests of minority shareholders": "N/A",
        "Total Cost of profits": 348,
        "Profit after tax corporate income": 1235,
        "Volume": 19250000,
        "Close of Quarter": 8.6,
        "EPS": 349,
        "Non-adjusted EPS": 349,
        "PE": 24.6,
        "Book Price": 15.8
      }
    },
    {
      "quarter": "Q4 2015",
      "income status": {
        "Net sales": 18852,
        "Cost of goods sold": 20288,
        "Gross Profit": -1436,
        "Financial expenses": "N/A",
        "Of which: Interest expense": "N/A",
        "Cost of sales": 2,
        "Enterprise cost management": 2782,
        "Total Operating Expenses": 2784,
        "Total revenue financing activities": 2006,
        "Net profit from business activities": -2214,
        "Profit": -1152,
        "Profit before tax": -3365,
        "Present corporate income tax expenses": 2328,
        "Deferred income taxes expenses": -749,
        "The interests of minority shareholders": "N/A",
        "Total Cost of profits": 1579,
        "Profit after tax corporate income": -4945,
        "Volume": 19250000,
        "Close of Quarter": 8.5,
        "EPS": 570,
        "Non-adjusted EPS": 570,
        "PE": 14.9,
        "Book Price": 15.6
      }
    },
    {
      "quarter": "Q3 2015",
      "income status": {
        "Net sales": 24632,
        "Cost of goods sold": 25527,
        "Gross Profit": -895,
        "Financial expenses": "N/A",
        "Of which: Interest expense": "N/A",
        "Cost of sales": 2,
        "Enterprise cost management": 1327,
        "Total Operating Expenses": 1329,
        "Total revenue financing activities": 1616,
        "Net profit from business activities": -607,
        "Profit": 9362,
        "Profit before tax": 8754,
        "Present corporate income tax expenses": 1159,
        "Deferred income taxes expenses": "N/A",
        "The interests of minority shareholders": "N/A",
        "Total Cost of profits": 1159,
        "Profit after tax corporate income": 7595,
        "Volume": 19250000,
        "Close of Quarter": 8.5,
        "EPS": 1113,
        "Non-adjusted EPS": 1113,
        "PE": 7.6,
        "Book Price": 15.9
      }
    },
    {
      "quarter": "Q2 2015",
      "income status": {
        "Net sales": 24666,
        "Cost of goods sold": 24231,
        "Gross Profit": 436,
        "Financial expenses": "N/A",
        "Of which: Interest expense": "N/A",
        "Cost of sales": 29,
        "Enterprise cost management": 3574,
        "Total Operating Expenses": 3603,
        "Total revenue financing activities": 1685,
        "Net profit from business activities": -1482,
        "Profit": 4597,
        "Profit before tax": 3115,
        "Present corporate income tax expenses": 287,
        "Deferred income taxes expenses": "N/A",
        "The interests of minority shareholders": "N/A",
        "Total Cost of profits": 287,
        "Profit after tax corporate income": 2828,
        "Volume": 19250000,
        "Close of Quarter": 9.3,
        "EPS": 757,
        "Non-adjusted EPS": 757,
        "PE": 12.3,
        "Book Price": 15.5
      }
    },
    {
      "quarter": "Q1 2015",
      "income status": {
        "Net sales": 15251,
        "Cost of goods sold": 14859,
        "Gross Profit": 392,
        "Financial expenses": "N/A",
        "Of which: Interest expense": "N/A",
        "Cost of sales": 11,
        "Enterprise cost management": 1432,
        "Total Operating Expenses": 1443,
        "Total revenue financing activities": 717,
        "Net profit from business activities": -334,
        "Profit": 7439,
        "Profit before tax": 7105,
        "Present corporate income tax expenses": 1608,
        "Deferred income taxes expenses": "N/A",
        "The interests of minority shareholders": "N/A",
        "Total Cost of profits": 1608,
        "Profit after tax corporate income": 5497,
        "Volume": 19250000,
        "Close of Quarter": 9.6,
        "EPS": 1193,
        "Non-adjusted EPS": 1193,
        "PE": 8.1,
        "Book Price": 16
      }
    },
    {
      "quarter": "Q4 2014",
      "income status": {
        "Net sales": 15244,
        "Cost of goods sold": 16544,
        "Gross Profit": -1299,
        "Financial expenses": "N/A",
        "Of which: Interest expense": "N/A",
        "Cost of sales": 11,
        "Enterprise cost management": 2279,
        "Total Operating Expenses": 2290,
        "Total revenue financing activities": 1702,
        "Net profit from business activities": -1887,
        "Profit": 8998,
        "Profit before tax": 7111,
        "Present corporate income tax expenses": 1607,
        "Deferred income taxes expenses": "N/A",
        "The interests of minority shareholders": "N/A",
        "Total Cost of profits": 1607,
        "Profit after tax corporate income": 5504,
        "Volume": 19250000,
        "Close of Quarter": 10.0,
        "EPS": 909,
        "Non-adjusted EPS": 909,
        "PE": 11.0,
        "Book Price": 15.7
      }
    },
    {
      "quarter": "Q3 2014",
      "income status": {
        "Net sales": 17764,
        "Cost of goods sold": 17389,
        "Gross Profit": 375,
        "Financial expenses": "N/A",
        "Of which: Interest expense": "N/A",
        "Cost of sales": 16,
        "Enterprise cost management": 1011,
        "Total Operating Expenses": 1027,
        "Total revenue financing activities": 1068,
        "Net profit from business activities": 417,
        "Profit": 527,
        "Profit before tax": 943,
        "Present corporate income tax expenses": 208,
        "Deferred income taxes expenses": "N/A",
        "The interests of minority shareholders": "N/A",
        "Total Cost of profits": 208,
        "Profit after tax corporate income": 735,
        "Volume": 19250000,
        "Close of Quarter": 10.0,
        "EPS": 765,
        "Non-adjusted EPS": 765,
        "PE": 13.1,
        "Book Price": 15.4
      }
    },
    {
      "quarter": "Q2 2014",
      "income status": {
        "Net sales": 25255,
        "Cost of goods sold": 25331,
        "Gross Profit": -75,
        "Financial expenses": "N/A",
        "Of which: Interest expense": "N/A",
        "Cost of sales": 74,
        "Enterprise cost management": 2818,
        "Total Operating Expenses": 2892,
        "Total revenue financing activities": 7636,
        "Net profit from business activities": 4668,
        "Profit": 8467,
        "Profit before tax": 13135,
        "Present corporate income tax expenses": 1913,
        "Deferred income taxes expenses": "N/A",
        "The interests of minority shareholders": "N/A",
        "Total Cost of profits": 1913,
        "Profit after tax corporate income": 11222,
        "Volume": 19250000,
        "Close of Quarter": 9.1,
        "EPS": 1049,
        "Non-adjusted EPS": 1049,
        "PE": 8.7,
        "Book Price": 15.3
      }
    },
    {
      "quarter": "Q1 2014",
      "income status": {
        "Net sales": 5609,
        "Cost of goods sold": 4965,
        "Gross Profit": 644,
        "Financial expenses": "N/A",
        "Of which: Interest expense": "N/A",
        "Cost of sales": 20,
        "Enterprise cost management": 1755,
        "Total Operating Expenses": 1775,
        "Total revenue financing activities": 1074,
        "Net profit from business activities": -56,
        "Profit": 109,
        "Profit before tax": 53,
        "Present corporate income tax expenses": 12,
        "Deferred income taxes expenses": "N/A",
        "The interests of minority shareholders": "N/A",
        "Total Cost of profits": 12,
        "Profit after tax corporate income": 41,
        "Volume": 19250000,
        "Close of Quarter": 11.4,
        "EPS": 1375,
        "Non-adjusted EPS": 1375,
        "PE": 8.3,
        "Book Price": 16.4
      }
    },
    {
      "quarter": "Q4 2013",
      "income status": {
        "Net sales": 46045,
        "Cost of goods sold": 42549,
        "Gross Profit": 3496,
        "Financial expenses": "N/A",
        "Of which: Interest expense": "N/A",
        "Cost of sales": 113,
        "Enterprise cost management": 1744,
        "Total Operating Expenses": 1857,
        "Total revenue financing activities": 2099,
        "Net profit from business activities": 3738,
        "Profit": -157,
        "Profit before tax": 3581,
        "Present corporate income tax expenses": 348,
        "Deferred income taxes expenses": 500,
        "The interests of minority shareholders": "N/A",
        "Total Cost of profits": 848,
        "Profit after tax corporate income": 2733,
        "Volume": 19250000,
        "Close of Quarter": 10.5,
        "EPS": 1777,
        "Non-adjusted EPS": 1777,
        "PE": 5.9,
        "Book Price": 16.4
      }
    },
    {
      "quarter": "Q3 2013",
      "income status": {
        "Net sales": 22530,
        "Cost of goods sold": 19597,
        "Gross Profit": 2933,
        "Financial expenses": "N/A",
        "Of which: Interest expense": "N/A",
        "Cost of sales": 50,
        "Enterprise cost management": 1894,
        "Total Operating Expenses": 1944,
        "Total revenue financing activities": 5895,
        "Net profit from business activities": 6885,
        "Profit": 94,
        "Profit before tax": 6978,
        "Present corporate income tax expenses": 784,
        "Deferred income taxes expenses": "N/A",
        "The interests of minority shareholders": "N/A",
        "Total Cost of profits": 784,
        "Profit after tax corporate income": 6194,
        "Volume": 19250000,
        "Close of Quarter": 10.2,
        "EPS": 2011,
        "Non-adjusted EPS": 2011,
        "PE": 5.1,
        "Book Price": 16.2
      }
    },
    {
      "quarter": "Q2 2013",
      "income status": {
        "Net sales": 51783,
        "Cost of goods sold": 45482,
        "Gross Profit": 6301,
        "Financial expenses": "N/A",
        "Of which: Interest expense": "N/A",
        "Cost of sales": 49,
        "Enterprise cost management": 1413,
        "Total Operating Expenses": 1462,
        "Total revenue financing activities": 3851,
        "Net profit from business activities": 8691,
        "Profit": 11683,
        "Profit before tax": 20374,
        "Present corporate income tax expenses": 2875,
        "Deferred income taxes expenses": "N/A",
        "The interests of minority shareholders": "N/A",
        "Total Cost of profits": 2875,
        "Profit after tax corporate income": 17499,
        "Volume": 19250000,
        "Close of Quarter": 10.8,
        "EPS": 2126,
        "Non-adjusted EPS": 2126,
        "PE": 5.1,
        "Book Price": 15.9
      }
    },
    {
      "quarter": "Q1 2013",
      "income status": {
        "Net sales": 21689,
        "Cost of goods sold": 18197,
        "Gross Profit": 3492,
        "Financial expenses": "N/A",
        "Of which: Interest expense": "N/A",
        "Cost of sales": 30,
        "Enterprise cost management": 1598,
        "Total Operating Expenses": 1628,
        "Total revenue financing activities": 3574,
        "Net profit from business activities": 5438,
        "Profit": 4054,
        "Profit before tax": 9492,
        "Present corporate income tax expenses": 1708,
        "Deferred income taxes expenses": "N/A",
        "The interests of minority shareholders": "N/A",
        "Total Cost of profits": 1708,
        "Profit after tax corporate income": 7784,
        "Volume": 19250000,
        "Close of Quarter": 11.9,
        "EPS": 2459,
        "Non-adjusted EPS": 2459,
        "PE": 4.8,
        "Book Price": 17.5
      }
    },
    {
      "quarter": "Q4 2012",
      "income status": {
        "Net sales": 26885,
        "Cost of goods sold": 23935,
        "Gross Profit": 2950,
        "Financial expenses": 172,
        "Of which: Interest expense": "N/A",
        "Cost of sales": 116,
        "Enterprise cost management": 3037,
        "Total Operating Expenses": 3325,
        "Total revenue financing activities": 7081,
        "Net profit from business activities": 6705,
        "Profit": 1214,
        "Profit before tax": 7918,
        "Present corporate income tax expenses": 1193,
        "Deferred income taxes expenses": -500,
        "The interests of minority shareholders": "N/A",
        "Total Cost of profits": 693,
        "Profit after tax corporate income": 7226,
        "Volume": 19250000,
        "Close of Quarter": 10.4,
        "EPS": 3661,
        "Non-adjusted EPS": 3661,
        "PE": 2.8,
        "Book Price": 17.1
      }
    },
    {
      "quarter": "Q3 2012",
      "income status": {
        "Net sales": 45157,
        "Cost of goods sold": 39635,
        "Gross Profit": 5522,
        "Financial expenses": 448,
        "Of which: Interest expense": "N/A",
        "Cost of sales": 39,
        "Enterprise cost management": 2019,
        "Total Operating Expenses": 2506,
        "Total revenue financing activities": 3640,
        "Net profit from business activities": 6657,
        "Profit": 928,
        "Profit before tax": 7585,
        "Present corporate income tax expenses": -824,
        "Deferred income taxes expenses": "N/A",
        "The interests of minority shareholders": "N/A",
        "Total Cost of profits": -824,
        "Profit after tax corporate income": 8409,
        "Volume": 19250000,
        "Close of Quarter": 10.2,
        "EPS": 3538,
        "Non-adjusted EPS": 3538,
        "PE": 2.9,
        "Book Price": 16.8
      }
    },
    {
      "quarter": "Q2 2012",
      "income status": {
        "Net sales": 57851,
        "Cost of goods sold": 36167,
        "Gross Profit": 21684,
        "Financial expenses": "N/A",
        "Of which: Interest expense": "N/A",
        "Cost of sales": 65,
        "Enterprise cost management": 3539,
        "Total Operating Expenses": 3604,
        "Total revenue financing activities": 5089,
        "Net profit from business activities": 23169,
        "Profit": 4770,
        "Profit before tax": 27939,
        "Present corporate income tax expenses": 4027,
        "Deferred income taxes expenses": "N/A",
        "The interests of minority shareholders": "N/A",
        "Total Cost of profits": 4027,
        "Profit after tax corporate income": 23912,
        "Volume": 19250000,
        "Close of Quarter": 10.9,
        "EPS": 3775,
        "Non-adjusted EPS": 3775,
        "PE": 2.9,
        "Book Price": 16.3
      }
    },
    {
      "quarter": "Q1 2012",
      "income status": {
        "Net sales": 61196,
        "Cost of goods sold": 36310,
        "Gross Profit": 24886,
        "Financial expenses": "N/A",
        "Of which: Interest expense": "N/A",
        "Cost of sales": 29,
        "Enterprise cost management": 3470,
        "Total Operating Expenses": 3499,
        "Total revenue financing activities": 3933,
        "Net profit from business activities": 25320,
        "Profit": 10665,
        "Profit before tax": 35986,
        "Present corporate income tax expenses": 5052,
        "Deferred income taxes expenses": "N/A",
        "The interests of minority shareholders": "N/A",
        "Total Cost of profits": 5052,
        "Profit after tax corporate income": 30934,
        "Volume": 19250000,
        "Close of Quarter": 8.5,
        "EPS": 2975,
        "Non-adjusted EPS": 2975,
        "PE": 2.9,
        "Book Price": 15.1
      }
    },
    {
      "quarter": "Q4 2011",
      "income status": {
        "Net sales": 17089,
        "Cost of goods sold": 13904,
        "Gross Profit": 3185,
        "Financial expenses": 2687,
        "Of which: Interest expense": "N/A",
        "Cost of sales": 24,
        "Enterprise cost management": 4911,
        "Total Operating Expenses": 7622,
        "Total revenue financing activities": 7921,
        "Net profit from business activities": 3484,
        "Profit": 54,
        "Profit before tax": 82463,
        "Present corporate income tax expenses": -1304,
        "Deferred income taxes expenses": "N/A",
        "The interests of minority shareholders": "N/A",
        "Total Cost of profits": -1304,
        "Profit after tax corporate income": 4842,
        "Volume": 19250000,
        "Close of Quarter": 7.1,
        "EPS": 3737,
        "Non-adjusted EPS": 3737,
        "PE": 1.9,
        "Book Price": 16
      }
    },
    {
      "quarter": "Q3 2011",
      "income status": {
        "Net sales": 36879,
        "Cost of goods sold": 21997,
        "Gross Profit": 14882,
        "Financial expenses": "N/A",
        "Of which: Interest expense": "N/A",
        "Cost of sales": 36,
        "Enterprise cost management": 2582,
        "Total Operating Expenses": 2618,
        "Total revenue financing activities": 2848,
        "Net profit from business activities": 15112,
        "Profit": 263,
        "Profit before tax": 15375,
        "Present corporate income tax expenses": 2389,
        "Deferred income taxes expenses": "N/A",
        "The interests of minority shareholders": "N/A",
        "Total Cost of profits": 2389,
        "Profit after tax corporate income": 12987,
        "Volume": 19250000,
        "Close of Quarter": 9.0,
        "EPS": 4575,
        "Non-adjusted EPS": 4575,
        "PE": 2.0,
        "Book Price": 15.8
      }
    },
    {
      "quarter": "Q2 2011",
      "income status": {
        "Net sales": 9026,
        "Cost of goods sold": 8480,
        "Gross Profit": 546,
        "Financial expenses": "N/A",
        "Of which: Interest expense": "N/A",
        "Cost of sales": 36,
        "Enterprise cost management": 2543,
        "Total Operating Expenses": 2579,
        "Total revenue financing activities": 4338,
        "Net profit from business activities": 2304,
        "Profit": 8243,
        "Profit before tax": 10547,
        "Present corporate income tax expenses": 2033,
        "Deferred income taxes expenses": "N/A",
        "The interests of minority shareholders": "N/A",
        "Total Cost of profits": 2033,
        "Profit after tax corporate income": 8514,
        "Volume": 19250000,
        "Close of Quarter": 8.6,
        "EPS": 4497,
        "Non-adjusted EPS": 4497,
        "PE": 1.9,
        "Book Price": 15.1
      }
    },
    {
      "quarter": "Q1 2011",
      "income status": {
        "Net sales": 81732,
        "Cost of goods sold": 29846,
        "Gross Profit": 51886,
        "Financial expenses": "N/A",
        "Of which: Interest expense": "N/A",
        "Cost of sales": 96,
        "Enterprise cost management": 2442,
        "Total Operating Expenses": 2538,
        "Total revenue financing activities": 3228,
        "Net profit from business activities": 52576,
        "Profit": 263,
        "Profit before tax": 52839,
        "Present corporate income tax expenses": 7239,
        "Deferred income taxes expenses": "N/A",
        "The interests of minority shareholders": "N/A",
        "Total Cost of profits": 7239,
        "Profit after tax corporate income": 45600,
        "Volume": 19250000,
        "Close of Quarter": 8.0,
        "EPS": 4411,
        "Non-adjusted EPS": 4411,
        "PE": 1.8,
        "Book Price": 14.7
      }
    },
    {
      "quarter": "Q4 2010",
      "income status": {
        "Net sales": 60159,
        "Cost of goods sold": 34470,
        "Gross Profit": 25689,
        "Financial expenses": "N/A",
        "Of which: Interest expense": "N/A",
        "Cost of sales": 680,
        "Enterprise cost management": 2822,
        "Total Operating Expenses": 3502,
        "Total revenue financing activities": 2377,
        "Net profit from business activities": 24564,
        "Profit": 7,
        "Profit before tax": 24571,
        "Present corporate income tax expenses": 3594,
        "Deferred income taxes expenses": "N/A",
        "The interests of minority shareholders": "N/A",
        "Total Cost of profits": 3594,
        "Profit after tax corporate income": 20977,
        "Volume": 19250000,
        "Close of Quarter": 8.8,
        "EPS": 2695,
        "Non-adjusted EPS": 2695,
        "PE": 3.3,
        "Book Price": 14.1
      }
    },
    {
      "quarter": "Q3 2010",
      "income status": {
        "Net sales": 54015,
        "Cost of goods sold": 39804,
        "Gross Profit": 14211,
        "Financial expenses": 172,
        "Of which: Interest expense": 85,
        "Cost of sales": 45,
        "Enterprise cost management": 2377,
        "Total Operating Expenses": 2594,
        "Total revenue financing activities": 1248,
        "Net profit from business activities": 12866,
        "Profit": 307,
        "Profit before tax": 13174,
        "Present corporate income tax expenses": 1702,
        "Deferred income taxes expenses": "N/A",
        "The interests of minority shareholders": "N/A",
        "Total Cost of profits": 1702,
        "Profit after tax corporate income": 11472,
        "Volume": 19250000,
        "Close of Quarter": 8.9,
        "EPS": 2163,
        "Non-adjusted EPS": 2163,
        "PE": 4.1,
        "Book Price": 13.1
      }
    },
    {
      "quarter": "Q2 2010",
      "income status": {
        "Net sales": 37123,
        "Cost of goods sold": 29459,
        "Gross Profit": 7664,
        "Financial expenses": 1299,
        "Of which: Interest expense": 105,
        "Cost of sales": 44,
        "Enterprise cost management": 2597,
        "Total Operating Expenses": 3940,
        "Total revenue financing activities": 2196,
        "Net profit from business activities": 5919,
        "Profit": 2224,
        "Profit before tax": 8143,
        "Present corporate income tax expenses": 1273,
        "Deferred income taxes expenses": "N/A",
        "The interests of minority shareholders": "N/A",
        "Total Cost of profits": 1273,
        "Profit after tax corporate income": 6871,
        "Volume": 19250000,
        "Close of Quarter": 9.6,
        "EPS": 2060,
        "Non-adjusted EPS": 2060,
        "PE": 4.7,
        "Book Price": 12.5
      }
    },
    {
      "quarter": "Q1 2010",
      "income status": {
        "Net sales": 29859,
        "Cost of goods sold": 15355,
        "Gross Profit": 14504,
        "Financial expenses": "N/A",
        "Of which: Interest expense": "N/A",
        "Cost of sales": 39,
        "Enterprise cost management": 1334,
        "Total Operating Expenses": 1373,
        "Total revenue financing activities": 1479,
        "Net profit from business activities": 14611,
        "Profit": -59,
        "Profit before tax": 14552,
        "Present corporate income tax expenses": 1989,
        "Deferred income taxes expenses": "N/A",
        "The interests of minority shareholders": "N/A",
        "Total Cost of profits": 1989,
        "Profit after tax corporate income": 12563,
        "Volume": 19250000,
        "Close of Quarter": 7.3,
        "EPS": 1808,
        "Non-adjusted EPS": 1808,
        "PE": 4.0,
        "Book Price": 13.2
      }
    },
    {
      "quarter": "Q4 2009",
      "income status": {
        "Net sales": 50451,
        "Cost of goods sold": 36107,
        "Gross Profit": 14344,
        "Financial expenses": "N/A",
        "Of which: Interest expense": "N/A",
        "Cost of sales": 134,
        "Enterprise cost management": 2530,
        "Total Operating Expenses": 2664,
        "Total revenue financing activities": 649,
        "Net profit from business activities": 12330,
        "Profit": -34,
        "Profit before tax": 12296,
        "Present corporate income tax expenses": 1568,
        "Deferred income taxes expenses": "N/A",
        "The interests of minority shareholders": "N/A",
        "Total Cost of profits": 1568,
        "Profit after tax corporate income": 10728,
        "Volume": 19250000,
        "Close of Quarter": 7.1,
        "EPS": 1557,
        "Non-adjusted EPS": 1557,
        "PE": 4.6,
        "Book Price": 12.7
      }
    },
    {
      "quarter": "Q3 2009",
      "income status": {
        "Net sales": 62947,
        "Cost of goods sold": 51840,
        "Gross Profit": 11107,
        "Financial expenses": 20,
        "Of which: Interest expense": 20,
        "Cost of sales": 254,
        "Enterprise cost management": 1329,
        "Total Operating Expenses": 1603,
        "Total revenue financing activities": 872,
        "Net profit from business activities": 10377,
        "Profit": 452,
        "Profit before tax": 10828,
        "Present corporate income tax expenses": 1332,
        "Deferred income taxes expenses": "N/A",
        "The interests of minority shareholders": "N/A",
        "Total Cost of profits": 1332,
        "Profit after tax corporate income": 9497,
        "Volume": 19250000,
        "Close of Quarter": 8.3,
        "EPS": 423,
        "Non-adjusted EPS": 423,
        "PE": 19.7,
        "Book Price": 12.1
      }
    },
    {
      "quarter": "Q2 2009",
      "income status": {
        "Net sales": 20416,
        "Cost of goods sold": 17052,
        "Gross Profit": 3364,
        "Financial expenses": 506,
        "Of which: Interest expense": 506,
        "Cost of sales": 343,
        "Enterprise cost management": 1759,
        "Total Operating Expenses": 2608,
        "Total revenue financing activities": 1571,
        "Net profit from business activities": 2327,
        "Profit": 151,
        "Profit before tax": 2478,
        "Present corporate income tax expenses": 457,
        "Deferred income taxes expenses": "N/A",
        "The interests of minority shareholders": "N/A",
        "Total Cost of profits": 457,
        "Profit after tax corporate income": 2021,
        "Volume": 19250000,
        "Close of Quarter": 6.9,
        "EPS": 289,
        "Non-adjusted EPS": 289,
        "PE": 24.0,
        "Book Price": 11.6
      }
    },
    {
      "quarter": "Q1 2009",
      "income status": {
        "Net sales": 37795,
        "Cost of goods sold": 27647,
        "Gross Profit": 10148,
        "Financial expenses": "N/A",
        "Of which: Interest expense": "N/A",
        "Cost of sales": 98,
        "Enterprise cost management": 2129,
        "Total Operating Expenses": 2227,
        "Total revenue financing activities": 90,
        "Net profit from business activities": 8011,
        "Profit": 811,
        "Profit before tax": 8822,
        "Present corporate income tax expenses": 1103,
        "Deferred income taxes expenses": "N/A",
        "The interests of minority shareholders": "N/A",
        "Total Cost of profits": 1103,
        "Profit after tax corporate income": 7719,
        "Volume": 19250000,
        "Close of Quarter": 4.5,
        "EPS": 520,
        "Non-adjusted EPS": 520,
        "PE": 8.7,
        "Book Price": 11.8
      }
    },
    {
      "quarter": "Q4 2008",
      "income status": {
        "Net sales": 61761,
        "Cost of goods sold": 70503,
        "Gross Profit": -8742,
        "Financial expenses": 240,
        "Of which: Interest expense": "N/A",
        "Cost of sales": 494,
        "Enterprise cost management": 3567,
        "Total Operating Expenses": 4301,
        "Total revenue financing activities": 1504,
        "Net profit from business activities": -11540,
        "Profit": 451,
        "Profit before tax": -11089,
        "Present corporate income tax expenses": "N/A",
        "Deferred income taxes expenses": "N/A",
        "The interests of minority shareholders": "N/A",
        "Total Cost of profits": 0,
        "Profit after tax corporate income": -11089,
        "Volume": 19250000,
        "Close of Quarter": 3.9,
        "EPS": 383,
        "Non-adjusted EPS": 383,
        "PE": 10.3,
        "Book Price": 11.2
      }
    },
    {
      "quarter": "Q3 2008",
      "income status": {
        "Net sales": 57993,
        "Cost of goods sold": 49545,
        "Gross Profit": 8448,
        "Financial expenses": "N/A",
        "Of which: Interest expense": "N/A",
        "Cost of sales": 474,
        "Enterprise cost management": 2072,
        "Total Operating Expenses": 2546,
        "Total revenue financing activities": 371,
        "Net profit from business activities": 6274,
        "Profit": 633,
        "Profit before tax": 6907,
        "Present corporate income tax expenses": "N/A",
        "Deferred income taxes expenses": "N/A",
        "The interests of minority shareholders": "N/A",
        "Total Cost of profits": 0,
        "Profit after tax corporate income": 6907,
        "Volume": 19250000,
        "Close of Quarter": 6.9,
        "EPS": 1740,
        "Non-adjusted EPS": 1740,
        "PE": 3.9,
        "Book Price": 12.1
      }
    },
    {
      "quarter": "Q2 2008",
      "income status": {
        "Net sales": 34589,
        "Cost of goods sold": 28193,
        "Gross Profit": 6396,
        "Financial expenses": "N/A",
        "Of which: Interest expense": "N/A",
        "Cost of sales": 170,
        "Enterprise cost management": 2052,
        "Total Operating Expenses": 2222,
        "Total revenue financing activities": 933,
        "Net profit from business activities": 5107,
        "Profit": 1368,
        "Profit before tax": 6476,
        "Present corporate income tax expenses": "N/A",
        "Deferred income taxes expenses": "N/A",
        "The interests of minority shareholders": "N/A",
        "Total Cost of profits": 0,
        "Profit after tax corporate income": 6476,
        "Volume": 19250000,
        "Close of Quarter": 6.3,
        "EPS": 2245,
        "Non-adjusted EPS": 2245,
        "PE": 2.8,
        "Book Price": 11.7
      }
    },
    {
      "quarter": "Q1 2008",
      "income status": {
        "Net sales": 27421,
        "Cost of goods sold": 19942,
        "Gross Profit": 7479,
        "Financial expenses": "N/A",
        "Of which: Interest expense": "N/A",
        "Cost of sales": 131,
        "Enterprise cost management": 2002,
        "Total Operating Expenses": 2133,
        "Total revenue financing activities": 259,
        "Net profit from business activities": 5605,
        "Profit": 303,
        "Profit before tax": 5908,
        "Present corporate income tax expenses": 832,
        "Deferred income taxes expenses": "N/A",
        "The interests of minority shareholders": "N/A",
        "Total Cost of profits": 832,
        "Profit after tax corporate income": 5076,
        "Volume": 19250000,
        "Close of Quarter": 8.8,
        "EPS": 1942,
        "Non-adjusted EPS": 1942,
        "PE": 4.5,
        "Book Price": 11.4
      }
    },
    {
      "quarter": "Q4 2007",
      "income status": {
        "Net sales": 55827,
        "Cost of goods sold": 37775,
        "Gross Profit": 18051,
        "Financial expenses": 65,
        "Of which: Interest expense": "N/A",
        "Cost of sales": 636,
        "Enterprise cost management": 2571,
        "Total Operating Expenses": 3272,
        "Total revenue financing activities": 662,
        "Net profit from business activities": 15442,
        "Profit": -401,
        "Profit before tax": 15041,
        "Present corporate income tax expenses": "N/A",
        "Deferred income taxes expenses": "N/A",
        "The interests of minority shareholders": "N/A",
        "Total Cost of profits": 0,
        "Profit after tax corporate income": 15041,
        "Volume": 19250000,
        "Close of Quarter": 16.6,
        "EPS": 2487,
        "Non-adjusted EPS": 2487,
        "PE": 6.7,
        "Book Price": 11.3
      }
    },
    {
      "quarter": "Q3 2007",
      "income status": {
        "Net sales": 59208,
        "Cost of goods sold": 41087,
        "Gross Profit": 18121,
        "Financial expenses": 48,
        "Of which: Interest expense": 35,
        "Cost of sales": 189,
        "Enterprise cost management": 1960,
        "Total Operating Expenses": 2197,
        "Total revenue financing activities": 398,
        "Net profit from business activities": 16322,
        "Profit": 295,
        "Profit before tax": 16617,
        "Present corporate income tax expenses": "N/A",
        "Deferred income taxes expenses": "N/A",
        "The interests of minority shareholders": "N/A",
        "Total Cost of profits": 0,
        "Profit after tax corporate income": 16617,
        "Volume": 19250000,
        "Close of Quarter": 21.4,
        "EPS": 2344,
        "Non-adjusted EPS": 2344,
        "PE": 9.1,
        "Book Price": 11.5
      }
    },
    {
      "quarter": "Q2 2007",
      "income status": {
        "Net sales": 32907,
        "Cost of goods sold": 24546,
        "Gross Profit": 8361,
        "Financial expenses": 239,
        "Of which: Interest expense": 239,
        "Cost of sales": 282,
        "Enterprise cost management": 2892,
        "Total Operating Expenses": 3413,
        "Total revenue financing activities": 459,
        "Net profit from business activities": 5405,
        "Profit": "N/A",
        "Profit before tax": 644,
        "Present corporate income tax expenses": "N/A",
        "Deferred income taxes expenses": "N/A",
        "The interests of minority shareholders": "N/A",
        "Total Cost of profits": 0,
        "Profit after tax corporate income": 644,
        "Volume": 19250000,
        "Close of Quarter": "N/A",
        "EPS": 1481,
        "Non-adjusted EPS": 1481,
        "PE": "N/A",
        "Book Price": 10.7
      }
    },
    {
      "quarter": "Q4 2006",
      "income status": {
        "Net sales": 55201,
        "Cost of goods sold": 35153,
        "Gross Profit": 20047,
        "Financial expenses": 12,
        "Of which: Interest expense": "N/A",
        "Cost of sales": 526,
        "Enterprise cost management": 2452,
        "Total Operating Expenses": 2990,
        "Total revenue financing activities": 1434,
        "Net profit from business activities": 18491,
        "Profit": -2920,
        "Profit before tax": 15571,
        "Present corporate income tax expenses": "N/A",
        "Deferred income taxes expenses": "N/A",
        "The interests of minority shareholders": "N/A",
        "Total Cost of profits": 0,
        "Profit after tax corporate income": 15571,
        "Volume": 19250000,
        "Close of Quarter": "N/A",
        "EPS": 1447,
        "Non-adjusted EPS": 1447,
        "PE": "N/A",
        "Book Price": 11.5
      }
    },
    {
      "quarter": "Q3 2006",
      "income status": {
        "Net sales": 47900,
        "Cost of goods sold": 34605,
        "Gross Profit": 13295,
        "Financial expenses": "N/A",
        "Of which: Interest expense": "N/A",
        "Cost of sales": 272,
        "Enterprise cost management": 2150,
        "Total Operating Expenses": 2422,
        "Total revenue financing activities": 1081,
        "Net profit from business activities": 11954,
        "Profit": 332,
        "Profit before tax": 12286,
        "Present corporate income tax expenses": "N/A",
        "Deferred income taxes expenses": "N/A",
        "The interests of minority shareholders": "N/A",
        "Total Cost of profits": 0,
        "Profit after tax corporate income": 12286,
        "Volume": 19250000,
        "Close of Quarter": "N/A",
        "EPS": 638,
        "Non-adjusted EPS": 638,
        "PE": "N/A",
        "Book Price": "N/A"
      }
    }
  ]
}