{
  "ticker": "HAX",
  "data": [
    {
      "quarter": "Q1 2017",
      "income status": {
        "Net sales": 779442,
        "Cost of goods sold": 755528,
        "Gross Profit": 23914,
        "Financial expenses": 5047,
        "Of which: Interest expense": 5027,
        "Cost of sales": 20842,
        "Enterprise cost management": 9849,
        "Total Operating Expenses": 35738,
        "Total revenue financing activities": 42,
        "Net profit from business activities": -11783,
        "Profit": 47191,
        "Profit before tax": 35408,
        "Present corporate income tax expenses": 7477,
        "Deferred income taxes expenses": "N/A",
        "The interests of minority shareholders": -54,
        "Total Cost of profits": 7423,
        "Profit after tax corporate income": 27985,
        "Volume": 14231534,
        "Close of Quarter": 34.4,
        "EPS": 5931,
        "Non-adjusted EPS": 5931,
        "PE": 5.8,
        "Book Price": 23.4
      }
    },
    {
      "quarter": "Q4 2016",
      "income status": {
        "Net sales": 1005926,
        "Cost of goods sold": 976889,
        "Gross Profit": 29036,
        "Financial expenses": 4034,
        "Of which: Interest expense": 4034,
        "Cost of sales": 23567,
        "Enterprise cost management": 8987,
        "Total Operating Expenses": 36588,
        "Total revenue financing activities": 454,
        "Net profit from business activities": -7098,
        "Profit": 27174,
        "Profit before tax": 20076,
        "Present corporate income tax expenses": 4370,
        "Deferred income taxes expenses": "N/A",
        "The interests of minority shareholders": -58,
        "Total Cost of profits": 4312,
        "Profit after tax corporate income": 15763,
        "Volume": 14231534,
        "Close of Quarter": 25.6,
        "EPS": 5553,
        "Non-adjusted EPS": 5553,
        "PE": 4.6,
        "Book Price": 21.5
      }
    },
    {
      "quarter": "Q3 2016",
      "income status": {
        "Net sales": 574949,
        "Cost of goods sold": 548238,
        "Gross Profit": 26711,
        "Financial expenses": 3907,
        "Of which: Interest expense": 3907,
        "Cost of sales": 14451,
        "Enterprise cost management": 4282,
        "Total Operating Expenses": 22640,
        "Total revenue financing activities": 58,
        "Net profit from business activities": 4130,
        "Profit": 31202,
        "Profit before tax": 35332,
        "Present corporate income tax expenses": 5535,
        "Deferred income taxes expenses": "N/A",
        "The interests of minority shareholders": -62,
        "Total Cost of profits": 5473,
        "Profit after tax corporate income": 29860,
        "Volume": 11116169,
        "Close of Quarter": 22.7,
        "EPS": 5201.3,
        "Non-adjusted EPS": 6659,
        "PE": 3.4,
        "Book Price": 20.5
      }
    },
    {
      "quarter": "Q2 2016",
      "income status": {
        "Net sales": 851809,
        "Cost of goods sold": 829125,
        "Gross Profit": 22684,
        "Financial expenses": 2438,
        "Of which: Interest expense": 2389,
        "Cost of sales": 12126,
        "Enterprise cost management": 5100,
        "Total Operating Expenses": 19664,
        "Total revenue financing activities": 45,
        "Net profit from business activities": 3065,
        "Profit": 11065,
        "Profit before tax": 14131,
        "Present corporate income tax expenses": 3055,
        "Deferred income taxes expenses": "N/A",
        "The interests of minority shareholders": 273,
        "Total Cost of profits": 3328,
        "Profit after tax corporate income": 10803,
        "Volume": 11116169,
        "Close of Quarter": 23.4,
        "EPS": 3326.7,
        "Non-adjusted EPS": 4259,
        "PE": 5.5,
        "Book Price": 11.6
      }
    },
    {
      "quarter": "Q1 2016",
      "income status": {
        "Net sales": 446887,
        "Cost of goods sold": 427031,
        "Gross Profit": 19857,
        "Financial expenses": 1826,
        "Of which: Interest expense": 1826,
        "Cost of sales": 8712,
        "Enterprise cost management": 4404,
        "Total Operating Expenses": 14942,
        "Total revenue financing activities": 25,
        "Net profit from business activities": 4940,
        "Profit": 23236,
        "Profit before tax": 28176,
        "Present corporate income tax expenses": 5625,
        "Deferred income taxes expenses": "N/A",
        "The interests of minority shareholders": -45,
        "Total Cost of profits": 5580,
        "Profit after tax corporate income": 22596,
        "Volume": 11116169,
        "Close of Quarter": 13.1,
        "EPS": 3447.0,
        "Non-adjusted EPS": 4413,
        "PE": 3.0,
        "Book Price": 10.8
      }
    },
    {
      "quarter": "Q4 2015",
      "income status": {
        "Net sales": 605835,
        "Cost of goods sold": 597122,
        "Gross Profit": 8714,
        "Financial expenses": 2346,
        "Of which: Interest expense": "N/A",
        "Cost of sales": 13124,
        "Enterprise cost management": 6252,
        "Total Operating Expenses": 21722,
        "Total revenue financing activities": 94,
        "Net profit from business activities": -12915,
        "Profit": 26392,
        "Profit before tax": 13477,
        "Present corporate income tax expenses": 3079,
        "Deferred income taxes expenses": "N/A",
        "The interests of minority shareholders": -367,
        "Total Cost of profits": 2712,
        "Profit after tax corporate income": 10764,
        "Volume": 11116169,
        "Close of Quarter": 11,
        "EPS": 2064.4,
        "Non-adjusted EPS": 2643,
        "PE": 4.2,
        "Book Price": 9.2
      }
    },
    {
      "quarter": "Q3 2015",
      "income status": {
        "Net sales": 472275,
        "Cost of goods sold": 456742,
        "Gross Profit": 15533,
        "Financial expenses": 1830,
        "Of which: Interest expense": 1830,
        "Cost of sales": 8586,
        "Enterprise cost management": 4063,
        "Total Operating Expenses": 14479,
        "Total revenue financing activities": 13,
        "Net profit from business activities": 1067,
        "Profit": 3017,
        "Profit before tax": 4085,
        "Present corporate income tax expenses": 1001,
        "Deferred income taxes expenses": "N/A",
        "The interests of minority shareholders": -92,
        "Total Cost of profits": 909,
        "Profit after tax corporate income": 3176,
        "Volume": 11116169,
        "Close of Quarter": 6.8,
        "EPS": 1812.1,
        "Non-adjusted EPS": 2320,
        "PE": 2.9,
        "Book Price": 8.5
      }
    },
    {
      "quarter": "Q2 2015",
      "income status": {
        "Net sales": 419095,
        "Cost of goods sold": 404624,
        "Gross Profit": 14470,
        "Financial expenses": 307,
        "Of which: Interest expense": 307,
        "Cost of sales": 8116,
        "Enterprise cost management": 4425,
        "Total Operating Expenses": 12848,
        "Total revenue financing activities": 49,
        "Net profit from business activities": 1672,
        "Profit": 14046,
        "Profit before tax": 15718,
        "Present corporate income tax expenses": 3192,
        "Deferred income taxes expenses": "N/A",
        "The interests of minority shareholders": 3,
        "Total Cost of profits": 3195,
        "Profit after tax corporate income": 12523,
        "Volume": 11116169,
        "Close of Quarter": 5.6,
        "EPS": 1901.2,
        "Non-adjusted EPS": 2434,
        "PE": 2.3,
        "Book Price": 8.3
      }
    },
    {
      "quarter": "Q1 2015",
      "income status": {
        "Net sales": 324191,
        "Cost of goods sold": 310524,
        "Gross Profit": 13666,
        "Financial expenses": 701,
        "Of which: Interest expense": 701,
        "Cost of sales": 6166,
        "Enterprise cost management": 3771,
        "Total Operating Expenses": 10638,
        "Total revenue financing activities": 16,
        "Net profit from business activities": 3045,
        "Profit": 723,
        "Profit before tax": 3768,
        "Present corporate income tax expenses": 906,
        "Deferred income taxes expenses": "N/A",
        "The interests of minority shareholders": -61,
        "Total Cost of profits": 845,
        "Profit after tax corporate income": 2922,
        "Volume": 11116169,
        "Close of Quarter": 6.1,
        "EPS": 1328.6,
        "Non-adjusted EPS": 1701,
        "PE": 3.6,
        "Book Price": 7.4
      }
    },
    {
      "quarter": "Q4 2014",
      "income status": {
        "Net sales": 350536,
        "Cost of goods sold": 342032,
        "Gross Profit": 8504,
        "Financial expenses": 1005,
        "Of which: Interest expense": 961,
        "Cost of sales": 8329,
        "Enterprise cost management": 3692,
        "Total Operating Expenses": 13026,
        "Total revenue financing activities": 18,
        "Net profit from business activities": -4504,
        "Profit": 12273,
        "Profit before tax": 7770,
        "Present corporate income tax expenses": 563,
        "Deferred income taxes expenses": "N/A",
        "The interests of minority shareholders": 42,
        "Total Cost of profits": 605,
        "Profit after tax corporate income": 7165,
        "Volume": 11116169,
        "Close of Quarter": 5.4,
        "EPS": 1204.5,
        "Non-adjusted EPS": 1542,
        "PE": 3.5,
        "Book Price": 7.3
      }
    },
    {
      "quarter": "Q3 2014",
      "income status": {
        "Net sales": 310563,
        "Cost of goods sold": 298479,
        "Gross Profit": 12084,
        "Financial expenses": 1041,
        "Of which: Interest expense": 1034,
        "Cost of sales": 5137,
        "Enterprise cost management": 2322,
        "Total Operating Expenses": 8500,
        "Total revenue financing activities": 11,
        "Net profit from business activities": 3596,
        "Profit": 785,
        "Profit before tax": 4380,
        "Present corporate income tax expenses": "N/A",
        "Deferred income taxes expenses": "N/A",
        "The interests of minority shareholders": -65,
        "Total Cost of profits": -65,
        "Profit after tax corporate income": 4445,
        "Volume": 11116169,
        "Close of Quarter": 4.4,
        "EPS": 771.7,
        "Non-adjusted EPS": 988,
        "PE": 4.4,
        "Book Price": 6.7
      }
    },
    {
      "quarter": "Q2 2014",
      "income status": {
        "Net sales": 310591,
        "Cost of goods sold": 303193,
        "Gross Profit": 7397,
        "Financial expenses": 1218,
        "Of which: Interest expense": 1218,
        "Cost of sales": 5801,
        "Enterprise cost management": 3010,
        "Total Operating Expenses": 10029,
        "Total revenue financing activities": 126,
        "Net profit from business activities": -2506,
        "Profit": 6867,
        "Profit before tax": 4360,
        "Present corporate income tax expenses": "N/A",
        "Deferred income taxes expenses": "N/A",
        "The interests of minority shareholders": -19,
        "Total Cost of profits": -19,
        "Profit after tax corporate income": 4379,
        "Volume": 11116169,
        "Close of Quarter": 4.3,
        "EPS": 513.2,
        "Non-adjusted EPS": 657,
        "PE": 6.6,
        "Book Price": 6.4
      }
    },
    {
      "quarter": "Q1 2014",
      "income status": {
        "Net sales": 248244,
        "Cost of goods sold": 240329,
        "Gross Profit": 7915,
        "Financial expenses": 1219,
        "Of which: Interest expense": 1219,
        "Cost of sales": 4994,
        "Enterprise cost management": 2401,
        "Total Operating Expenses": 8614,
        "Total revenue financing activities": 9,
        "Net profit from business activities": -689,
        "Profit": 1621,
        "Profit before tax": 932,
        "Present corporate income tax expenses": "N/A",
        "Deferred income taxes expenses": "N/A",
        "The interests of minority shareholders": -222,
        "Total Cost of profits": -222,
        "Profit after tax corporate income": 1154,
        "Volume": 11116169,
        "Close of Quarter": 4.7,
        "EPS": 166.4,
        "Non-adjusted EPS": 213,
        "PE": 22.0,
        "Book Price": 6.1
      }
    },
    {
      "quarter": "Q4 2013",
      "income status": {
        "Net sales": 268391,
        "Cost of goods sold": 259501,
        "Gross Profit": 8890,
        "Financial expenses": 1838,
        "Of which: Interest expense": 1621,
        "Cost of sales": 6018,
        "Enterprise cost management": 2427,
        "Total Operating Expenses": 10283,
        "Total revenue financing activities": 8,
        "Net profit from business activities": -1386,
        "Profit": 2223,
        "Profit before tax": 836,
        "Present corporate income tax expenses": "N/A",
        "Deferred income taxes expenses": "N/A",
        "The interests of minority shareholders": -165,
        "Total Cost of profits": -165,
        "Profit after tax corporate income": 1001,
        "Volume": 11116169,
        "Close of Quarter": 2.6,
        "EPS": 179.7,
        "Non-adjusted EPS": 230,
        "PE": 11.4,
        "Book Price": 5.9
      }
    },
    {
      "quarter": "Q3 2013",
      "income status": {
        "Net sales": 187811,
        "Cost of goods sold": 181494,
        "Gross Profit": 6317,
        "Financial expenses": 1436,
        "Of which: Interest expense": 1436,
        "Cost of sales": 3981,
        "Enterprise cost management": 1832,
        "Total Operating Expenses": 7249,
        "Total revenue financing activities": 7,
        "Net profit from business activities": -925,
        "Profit": 1484,
        "Profit before tax": 558,
        "Present corporate income tax expenses": "N/A",
        "Deferred income taxes expenses": "N/A",
        "The interests of minority shareholders": -214,
        "Total Cost of profits": -214,
        "Profit after tax corporate income": 772,
        "Volume": 11116169,
        "Close of Quarter": 2.4,
        "EPS": 158.6,
        "Non-adjusted EPS": 203,
        "PE": 11.7,
        "Book Price": 5.9
      }
    },
    {
      "quarter": "Q2 2013",
      "income status": {
        "Net sales": 109830,
        "Cost of goods sold": 104016,
        "Gross Profit": 5814,
        "Financial expenses": 2704,
        "Of which: Interest expense": 2787,
        "Cost of sales": 4766,
        "Enterprise cost management": 3237,
        "Total Operating Expenses": 10707,
        "Total revenue financing activities": 13,
        "Net profit from business activities": -4880,
        "Profit": 3155,
        "Profit before tax": -1725,
        "Present corporate income tax expenses": -826,
        "Deferred income taxes expenses": "N/A",
        "The interests of minority shareholders": -335,
        "Total Cost of profits": -1161,
        "Profit after tax corporate income": -564,
        "Volume": 11116169,
        "Close of Quarter": 2.5,
        "EPS": -319.5,
        "Non-adjusted EPS": -409,
        "PE": -6.1,
        "Book Price": 5.8
      }
    },
    {
      "quarter": "Q1 2013",
      "income status": {
        "Net sales": 120811,
        "Cost of goods sold": 113782,
        "Gross Profit": 7029,
        "Financial expenses": 1992,
        "Of which: Interest expense": 1902,
        "Cost of sales": 4881,
        "Enterprise cost management": 2273,
        "Total Operating Expenses": 9146,
        "Total revenue financing activities": 36,
        "Net profit from business activities": -2081,
        "Profit": 3928,
        "Profit before tax": 1847,
        "Present corporate income tax expenses": 826,
        "Deferred income taxes expenses": "N/A",
        "The interests of minority shareholders": -321,
        "Total Cost of profits": 505,
        "Profit after tax corporate income": 1343,
        "Volume": 11116169,
        "Close of Quarter": 2.9,
        "EPS": -878.7,
        "Non-adjusted EPS": -1125,
        "PE": -2.6,
        "Book Price": 5.9
      }
    },
    {
      "quarter": "Q4 2012",
      "income status": {
        "Net sales": 175556,
        "Cost of goods sold": 164968,
        "Gross Profit": 10588,
        "Financial expenses": 3768,
        "Of which: Interest expense": 2335,
        "Cost of sales": 5607,
        "Enterprise cost management": 1857,
        "Total Operating Expenses": 11232,
        "Total revenue financing activities": 41,
        "Net profit from business activities": -603,
        "Profit": 1009,
        "Profit before tax": 407,
        "Present corporate income tax expenses": "N/A",
        "Deferred income taxes expenses": "N/A",
        "The interests of minority shareholders": -296,
        "Total Cost of profits": -296,
        "Profit after tax corporate income": 703,
        "Volume": 11116169,
        "Close of Quarter": 2.1,
        "EPS": -1544.2,
        "Non-adjusted EPS": -1977,
        "PE": -1.1,
        "Book Price": 5.9
      }
    },
    {
      "quarter": "Q3 2012",
      "income status": {
        "Net sales": 157178,
        "Cost of goods sold": 154604,
        "Gross Profit": 2574,
        "Financial expenses": 2719,
        "Of which: Interest expense": 2673,
        "Cost of sales": 5079,
        "Enterprise cost management": 1592,
        "Total Operating Expenses": 9390,
        "Total revenue financing activities": 258,
        "Net profit from business activities": -6557,
        "Profit": 170,
        "Profit before tax": -6387,
        "Present corporate income tax expenses": "N/A",
        "Deferred income taxes expenses": "N/A",
        "The interests of minority shareholders": -353,
        "Total Cost of profits": -353,
        "Profit after tax corporate income": -6034,
        "Volume": 11116169,
        "Close of Quarter": 2.4,
        "EPS": -1776.2,
        "Non-adjusted EPS": -2274,
        "PE": -1.1,
        "Book Price": 5.8
      }
    },
    {
      "quarter": "Q2 2012",
      "income status": {
        "Net sales": 143254,
        "Cost of goods sold": 139561,
        "Gross Profit": 3693,
        "Financial expenses": 5994,
        "Of which: Interest expense": 5875,
        "Cost of sales": 5772,
        "Enterprise cost management": 4497,
        "Total Operating Expenses": 16263,
        "Total revenue financing activities": 33,
        "Net profit from business activities": -12538,
        "Profit": 3667,
        "Profit before tax": -8871,
        "Present corporate income tax expenses": "N/A",
        "Deferred income taxes expenses": "N/A",
        "The interests of minority shareholders": -353,
        "Total Cost of profits": -353,
        "Profit after tax corporate income": -8518,
        "Volume": 11116169,
        "Close of Quarter": 3.5,
        "EPS": -1816.8,
        "Non-adjusted EPS": -2326,
        "PE": -1.5,
        "Book Price": 6.3
      }
    },
    {
      "quarter": "Q1 2012",
      "income status": {
        "Net sales": 165377,
        "Cost of goods sold": 161131,
        "Gross Profit": 4246,
        "Financial expenses": 3353,
        "Of which: Interest expense": 2996,
        "Cost of sales": 6604,
        "Enterprise cost management": 3323,
        "Total Operating Expenses": 13280,
        "Total revenue financing activities": 749,
        "Net profit from business activities": -8284,
        "Profit": -210,
        "Profit before tax": -8494,
        "Present corporate income tax expenses": "N/A",
        "Deferred income taxes expenses": "N/A",
        "The interests of minority shareholders": -364,
        "Total Cost of profits": -364,
        "Profit after tax corporate income": -8130,
        "Volume": 11116169,
        "Close of Quarter": 3.1,
        "EPS": -1204.5,
        "Non-adjusted EPS": -1542,
        "PE": -2.0,
        "Book Price": 6.8
      }
    },
    {
      "quarter": "Q4 2011",
      "income status": {
        "Net sales": 261671,
        "Cost of goods sold": 258091,
        "Gross Profit": 3581,
        "Financial expenses": 2093,
        "Of which: Interest expense": 1623,
        "Cost of sales": 10563,
        "Enterprise cost management": 3362,
        "Total Operating Expenses": 16018,
        "Total revenue financing activities": 42,
        "Net profit from business activities": -12395,
        "Profit": 9326,
        "Profit before tax": -3069,
        "Present corporate income tax expenses": "N/A",
        "Deferred income taxes expenses": "N/A",
        "The interests of minority shareholders": -477,
        "Total Cost of profits": -477,
        "Profit after tax corporate income": -2592,
        "Volume": 11116169,
        "Close of Quarter": 3,
        "EPS": -611.6,
        "Non-adjusted EPS": -783,
        "PE": -3.8,
        "Book Price": 7.6
      }
    },
    {
      "quarter": "Q3 2011",
      "income status": {
        "Net sales": 231081,
        "Cost of goods sold": 221912,
        "Gross Profit": 9169,
        "Financial expenses": 3967,
        "Of which: Interest expense": 3173,
        "Cost of sales": 10664,
        "Enterprise cost management": 2985,
        "Total Operating Expenses": 17616,
        "Total revenue financing activities": 532,
        "Net profit from business activities": -7916,
        "Profit": 1075,
        "Profit before tax": -6841,
        "Present corporate income tax expenses": "N/A",
        "Deferred income taxes expenses": "N/A",
        "The interests of minority shareholders": -221,
        "Total Cost of profits": -221,
        "Profit after tax corporate income": -6620,
        "Volume": 8055846,
        "Close of Quarter": 4.1,
        "EPS": -323.2,
        "Non-adjusted EPS": -571,
        "PE": -7.1,
        "Book Price": 7.8
      }
    },
    {
      "quarter": "Q2 2011",
      "income status": {
        "Net sales": 246408,
        "Cost of goods sold": 235621,
        "Gross Profit": 10787,
        "Financial expenses": 3110,
        "Of which: Interest expense": 1985,
        "Cost of sales": 10280,
        "Enterprise cost management": 2274,
        "Total Operating Expenses": 15664,
        "Total revenue financing activities": 1307,
        "Net profit from business activities": -3569,
        "Profit": 4765,
        "Profit before tax": 1196,
        "Present corporate income tax expenses": 1108,
        "Deferred income taxes expenses": -64,
        "The interests of minority shareholders": -49,
        "Total Cost of profits": 995,
        "Profit after tax corporate income": 201,
        "Volume": 8055846,
        "Close of Quarter": 4.0,
        "EPS": 326.6,
        "Non-adjusted EPS": 577,
        "PE": 6.9,
        "Book Price": 8.2
      }
    },
    {
      "quarter": "Q1 2011",
      "income status": {
        "Net sales": 210352,
        "Cost of goods sold": 192785,
        "Gross Profit": 17567,
        "Financial expenses": 6411,
        "Of which: Interest expense": 3295,
        "Cost of sales": 11612,
        "Enterprise cost management": 2598,
        "Total Operating Expenses": 20621,
        "Total revenue financing activities": 527,
        "Net profit from business activities": -2526,
        "Profit": 2755,
        "Profit before tax": 229,
        "Present corporate income tax expenses": 268,
        "Deferred income taxes expenses": "N/A",
        "The interests of minority shareholders": -348,
        "Total Cost of profits": -80,
        "Profit after tax corporate income": 309,
        "Volume": 8055846,
        "Close of Quarter": 5.7,
        "EPS": 666.8,
        "Non-adjusted EPS": 1178,
        "PE": 4.9,
        "Book Price": 8.2
      }
    },
    {
      "quarter": "Q4 2010",
      "income status": {
        "Net sales": 307685,
        "Cost of goods sold": 287125,
        "Gross Profit": 20560,
        "Financial expenses": 4902,
        "Of which: Interest expense": 3631,
        "Cost of sales": 13934,
        "Enterprise cost management": 2129,
        "Total Operating Expenses": 20965,
        "Total revenue financing activities": 546,
        "Net profit from business activities": 140,
        "Profit": 3243,
        "Profit before tax": 3383,
        "Present corporate income tax expenses": 1876,
        "Deferred income taxes expenses": "N/A",
        "The interests of minority shareholders": "N/A",
        "Total Cost of profits": 1876,
        "Profit after tax corporate income": 1507,
        "Volume": 8055846,
        "Close of Quarter": 6.3,
        "EPS": 801.5,
        "Non-adjusted EPS": 1416,
        "PE": 4.5,
        "Book Price": 8.2
      }
    },
    {
      "quarter": "Q3 2010",
      "income status": {
        "Net sales": 302511,
        "Cost of goods sold": 278284,
        "Gross Profit": 24226,
        "Financial expenses": 5267,
        "Of which: Interest expense": 3055,
        "Cost of sales": 13671,
        "Enterprise cost management": 3053,
        "Total Operating Expenses": 21991,
        "Total revenue financing activities": 298,
        "Net profit from business activities": 2533,
        "Profit": 935,
        "Profit before tax": 3468,
        "Present corporate income tax expenses": 1090,
        "Deferred income taxes expenses": "N/A",
        "The interests of minority shareholders": -252,
        "Total Cost of profits": 838,
        "Profit after tax corporate income": 2629,
        "Volume": 8055846,
        "Close of Quarter": 6.2,
        "EPS": 1211.4,
        "Non-adjusted EPS": 2140,
        "PE": 2.9,
        "Book Price": 8.2
      }
    },
    {
      "quarter": "Q2 2010",
      "income status": {
        "Net sales": 269445,
        "Cost of goods sold": 252191,
        "Gross Profit": 17253,
        "Financial expenses": 2093,
        "Of which: Interest expense": 1711,
        "Cost of sales": 13265,
        "Enterprise cost management": 3800,
        "Total Operating Expenses": 19158,
        "Total revenue financing activities": 1541,
        "Net profit from business activities": -364,
        "Profit": 8793,
        "Profit before tax": 8429,
        "Present corporate income tax expenses": 3376,
        "Deferred income taxes expenses": "N/A",
        "The interests of minority shareholders": 7,
        "Total Cost of profits": 3383,
        "Profit after tax corporate income": 5046,
        "Volume": 8055846,
        "Close of Quarter": 7.5,
        "EPS": 1273.6,
        "Non-adjusted EPS": 2250,
        "PE": 3.3,
        "Book Price": 8.0
      }
    },
    {
      "quarter": "Q1 2010",
      "income status": {
        "Net sales": 163563,
        "Cost of goods sold": 147237,
        "Gross Profit": 16326,
        "Financial expenses": 3203,
        "Of which: Interest expense": 1055,
        "Cost of sales": 10025,
        "Enterprise cost management": 2682,
        "Total Operating Expenses": 15910,
        "Total revenue financing activities": 609,
        "Net profit from business activities": 1025,
        "Profit": 1866,
        "Profit before tax": 2892,
        "Present corporate income tax expenses": 888,
        "Deferred income taxes expenses": "N/A",
        "The interests of minority shareholders": -223,
        "Total Cost of profits": 665,
        "Profit after tax corporate income": 2227,
        "Volume": 8055846,
        "Close of Quarter": 7.0,
        "EPS": 1083.4,
        "Non-adjusted EPS": 1914,
        "PE": 3.7,
        "Book Price": 8.0
      }
    },
    {
      "quarter": "Q4 2009",
      "income status": {
        "Net sales": 544173,
        "Cost of goods sold": 512583,
        "Gross Profit": 31590,
        "Financial expenses": 4127,
        "Of which: Interest expense": "N/A",
        "Cost of sales": 15483,
        "Enterprise cost management": 3832,
        "Total Operating Expenses": 23442,
        "Total revenue financing activities": 1725,
        "Net profit from business activities": 9873,
        "Profit": 480,
        "Profit before tax": 10352,
        "Present corporate income tax expenses": 2873,
        "Deferred income taxes expenses": "N/A",
        "The interests of minority shareholders": 142,
        "Total Cost of profits": 3015,
        "Profit after tax corporate income": 7338,
        "Volume": 8055846,
        "Close of Quarter": 7.4,
        "EPS": 1162.1,
        "Non-adjusted EPS": 2053,
        "PE": 3.6,
        "Book Price": 7.9
      }
    },
    {
      "quarter": "Q3 2009",
      "income status": {
        "Net sales": 263952,
        "Cost of goods sold": 247546,
        "Gross Profit": 16405,
        "Financial expenses": 599,
        "Of which: Interest expense": "N/A",
        "Cost of sales": 9503,
        "Enterprise cost management": 2140,
        "Total Operating Expenses": 12242,
        "Total revenue financing activities": 353,
        "Net profit from business activities": 4515,
        "Profit": 103,
        "Profit before tax": 4618,
        "Present corporate income tax expenses": 838,
        "Deferred income taxes expenses": "N/A",
        "The interests of minority shareholders": 267,
        "Total Cost of profits": 1105,
        "Profit after tax corporate income": 3513,
        "Volume": 8055846,
        "Close of Quarter": 10.5,
        "EPS": 761.9,
        "Non-adjusted EPS": 1346,
        "PE": 7.8,
        "Book Price": 7.9
      }
    },
    {
      "quarter": "Q2 2009",
      "income status": {
        "Net sales": 245069,
        "Cost of goods sold": 228098,
        "Gross Profit": 16971,
        "Financial expenses": 1015,
        "Of which: Interest expense": 640,
        "Cost of sales": 11207,
        "Enterprise cost management": 2682,
        "Total Operating Expenses": 14904,
        "Total revenue financing activities": 854,
        "Net profit from business activities": 2920,
        "Profit": 218,
        "Profit before tax": 3138,
        "Present corporate income tax expenses": 592,
        "Deferred income taxes expenses": "N/A",
        "The interests of minority shareholders": 206,
        "Total Cost of profits": 798,
        "Profit after tax corporate income": 2340,
        "Volume": 4331211,
        "Close of Quarter": 10.5,
        "EPS": 679.9,
        "Non-adjusted EPS": 2234,
        "PE": 4.7,
        "Book Price": 7.3
      }
    },
    {
      "quarter": "Q1 2009",
      "income status": {
        "Net sales": 239594,
        "Cost of goods sold": 222570,
        "Gross Profit": 17023,
        "Financial expenses": 3794,
        "Of which: Interest expense": 662,
        "Cost of sales": 8335,
        "Enterprise cost management": 1582,
        "Total Operating Expenses": 13711,
        "Total revenue financing activities": 405,
        "Net profit from business activities": 3717,
        "Profit": 336,
        "Profit before tax": 4054,
        "Present corporate income tax expenses": 709,
        "Deferred income taxes expenses": "N/A",
        "The interests of minority shareholders": "N/A",
        "Total Cost of profits": 709,
        "Profit after tax corporate income": 3344,
        "Volume": 4331211,
        "Close of Quarter": 3.8,
        "EPS": 820.2,
        "Non-adjusted EPS": 2695,
        "PE": 1.4,
        "Book Price": 7.2
      }
    },
    {
      "quarter": "Q4 2008",
      "income status": {
        "Net sales": 159529,
        "Cost of goods sold": 145839,
        "Gross Profit": 13690,
        "Financial expenses": 2666,
        "Of which: Interest expense": "N/A",
        "Cost of sales": 7562,
        "Enterprise cost management": 2157,
        "Total Operating Expenses": 12385,
        "Total revenue financing activities": 1193,
        "Net profit from business activities": 2498,
        "Profit": 199,
        "Profit before tax": 2697,
        "Present corporate income tax expenses": 1053,
        "Deferred income taxes expenses": "N/A",
        "The interests of minority shareholders": "N/A",
        "Total Cost of profits": 1053,
        "Profit after tax corporate income": 1643,
        "Volume": 4331211,
        "Close of Quarter": 3.2,
        "EPS": 948.3,
        "Non-adjusted EPS": 3116,
        "PE": 1.0,
        "Book Price": 7.2
      }
    },
    {
      "quarter": "Q3 2008",
      "income status": {
        "Net sales": 134485,
        "Cost of goods sold": 124733,
        "Gross Profit": 9752,
        "Financial expenses": 1310,
        "Of which: Interest expense": 1142,
        "Cost of sales": 5917,
        "Enterprise cost management": 1883,
        "Total Operating Expenses": 9110,
        "Total revenue financing activities": 1745,
        "Net profit from business activities": 2388,
        "Profit": 341,
        "Profit before tax": 2729,
        "Present corporate income tax expenses": 382,
        "Deferred income taxes expenses": "N/A",
        "The interests of minority shareholders": "N/A",
        "Total Cost of profits": 382,
        "Profit after tax corporate income": 2347,
        "Volume": 2724893,
        "Close of Quarter": 5.4,
        "EPS": 936.9,
        "Non-adjusted EPS": 4893,
        "PE": 1.1,
        "Book Price": 7.5
      }
    },
    {
      "quarter": "Q2 2008",
      "income status": {
        "Net sales": 141271,
        "Cost of goods sold": 128803,
        "Gross Profit": 12468,
        "Financial expenses": 1161,
        "Of which: Interest expense": "N/A",
        "Cost of sales": 5445,
        "Enterprise cost management": 2052,
        "Total Operating Expenses": 8658,
        "Total revenue financing activities": 1041,
        "Net profit from business activities": 4852,
        "Profit": 194,
        "Profit before tax": 5046,
        "Present corporate income tax expenses": 706,
        "Deferred income taxes expenses": "N/A",
        "The interests of minority shareholders": "N/A",
        "Total Cost of profits": 706,
        "Profit after tax corporate income": 4340,
        "Volume": 2724893,
        "Close of Quarter": 5.5,
        "EPS": 975.9,
        "Non-adjusted EPS": 5097,
        "PE": 1.1,
        "Book Price": 7.3
      }
    },
    {
      "quarter": "Q1 2008",
      "income status": {
        "Net sales": 126276,
        "Cost of goods sold": 114642,
        "Gross Profit": 11633,
        "Financial expenses": 925,
        "Of which: Interest expense": 909,
        "Cost of sales": 4176,
        "Enterprise cost management": 1513,
        "Total Operating Expenses": 6614,
        "Total revenue financing activities": 861,
        "Net profit from business activities": 5880,
        "Profit": 125,
        "Profit before tax": 6005,
        "Present corporate income tax expenses": 841,
        "Deferred income taxes expenses": "N/A",
        "The interests of minority shareholders": "N/A",
        "Total Cost of profits": 841,
        "Profit after tax corporate income": 5165,
        "Volume": 2724893,
        "Close of Quarter": 8.3,
        "EPS": 795.7,
        "Non-adjusted EPS": 4156,
        "PE": 2.0,
        "Book Price": 7.2
      }
    },
    {
      "quarter": "Q4 2007",
      "income status": {
        "Net sales": 155003,
        "Cost of goods sold": 144950,
        "Gross Profit": 10053,
        "Financial expenses": 1615,
        "Of which: Interest expense": 820,
        "Cost of sales": 4979,
        "Enterprise cost management": 2238,
        "Total Operating Expenses": 8832,
        "Total revenue financing activities": 963,
        "Net profit from business activities": 2184,
        "Profit": 213,
        "Profit before tax": 2397,
        "Present corporate income tax expenses": 916,
        "Deferred income taxes expenses": "N/A",
        "The interests of minority shareholders": "N/A",
        "Total Cost of profits": 916,
        "Profit after tax corporate income": 1480,
        "Volume": 1717016,
        "Close of Quarter": 15.3,
        "EPS": 558.5,
        "Non-adjusted EPS": 4629,
        "PE": 3.3,
        "Book Price": 2.0
      }
    },
    {
      "quarter": "Q3 2007",
      "income status": {
        "Net sales": 108526,
        "Cost of goods sold": 100450,
        "Gross Profit": 8076,
        "Financial expenses": 929,
        "Of which: Interest expense": 675,
        "Cost of sales": 3253,
        "Enterprise cost management": 926,
        "Total Operating Expenses": 5108,
        "Total revenue financing activities": 433,
        "Net profit from business activities": 3402,
        "Profit": -26,
        "Profit before tax": 3376,
        "Present corporate income tax expenses": 473,
        "Deferred income taxes expenses": "N/A",
        "The interests of minority shareholders": "N/A",
        "Total Cost of profits": 473,
        "Profit after tax corporate income": 2904,
        "Volume": 1717016,
        "Close of Quarter": 11.5,
        "EPS": 527.7,
        "Non-adjusted EPS": 4374,
        "PE": 2.6,
        "Book Price": 2.1
      }
    },
    {
      "quarter": "Q2 2007",
      "income status": {
        "Net sales": 121124,
        "Cost of goods sold": 114842,
        "Gross Profit": 6282,
        "Financial expenses": 794,
        "Of which: Interest expense": "N/A",
        "Cost of sales": 3700,
        "Enterprise cost management": 852,
        "Total Operating Expenses": 5346,
        "Total revenue financing activities": 307,
        "Net profit from business activities": 1242,
        "Profit": 824,
        "Profit before tax": 2067,
        "Present corporate income tax expenses": 289,
        "Deferred income taxes expenses": "N/A",
        "The interests of minority shareholders": "N/A",
        "Total Cost of profits": 289,
        "Profit after tax corporate income": 1777,
        "Volume": 1717016,
        "Close of Quarter": 10.4,
        "EPS": 408.6,
        "Non-adjusted EPS": 3387,
        "PE": 3.1,
        "Book Price": 1.9
      }
    },
    {
      "quarter": "Q1 2007",
      "income status": {
        "Net sales": 88622,
        "Cost of goods sold": 81931,
        "Gross Profit": 6691,
        "Financial expenses": 580,
        "Of which: Interest expense": 541,
        "Cost of sales": 4104,
        "Enterprise cost management": 961,
        "Total Operating Expenses": 5645,
        "Total revenue financing activities": 382,
        "Net profit from business activities": 1428,
        "Profit": 650,
        "Profit before tax": 2078,
        "Present corporate income tax expenses": 291,
        "Deferred income taxes expenses": "N/A",
        "The interests of minority shareholders": "N/A",
        "Total Cost of profits": 291,
        "Profit after tax corporate income": 1787,
        "Volume": 1717016,
        "Close of Quarter": 6.5,
        "EPS": 291.4,
        "Non-adjusted EPS": 2415,
        "PE": 2.7,
        "Book Price": 1.8
      }
    },
    {
      "quarter": "Q4 2006",
      "income status": {
        "Net sales": 56834,
        "Cost of goods sold": 51234,
        "Gross Profit": 5601,
        "Financial expenses": 1128,
        "Of which: Interest expense": 1108,
        "Cost of sales": 3028,
        "Enterprise cost management": 721,
        "Total Operating Expenses": 4877,
        "Total revenue financing activities": 229,
        "Net profit from business activities": 953,
        "Profit": 496,
        "Profit before tax": 1449,
        "Present corporate income tax expenses": 406,
        "Deferred income taxes expenses": "N/A",
        "The interests of minority shareholders": "N/A",
        "Total Cost of profits": 406,
        "Profit after tax corporate income": 1043,
        "Volume": 1625730,
        "Close of Quarter": 5.2,
        "EPS": 141.2,
        "Non-adjusted EPS": 1236,
        "PE": 4.2,
        "Book Price": 1.7
      }
    },
    {
      "quarter": "Q3 2006",
      "income status": {
        "Net sales": 77275,
        "Cost of goods sold": 71824,
        "Gross Profit": 5451,
        "Financial expenses": 753,
        "Of which: Interest expense": 747,
        "Cost of sales": 2698,
        "Enterprise cost management": 663,
        "Total Operating Expenses": 4114,
        "Total revenue financing activities": 22,
        "Net profit from business activities": 1358,
        "Profit": 319,
        "Profit before tax": 1677,
        "Present corporate income tax expenses": 470,
        "Deferred income taxes expenses": "N/A",
        "The interests of minority shareholders": "N/A",
        "Total Cost of profits": 470,
        "Profit after tax corporate income": 1208,
        "Volume": 1625730,
        "Close of Quarter": "N/A",
        "EPS": 68.0,
        "Non-adjusted EPS": 595,
        "PE": "N/A",
        "Book Price": 1.6
      }
    },
    {
      "quarter": "Q2 2006",
      "income status": {
        "Net sales": 59097,
        "Cost of goods sold": 55242,
        "Gross Profit": 3855,
        "Financial expenses": 874,
        "Of which: Interest expense": 865,
        "Cost of sales": 2321,
        "Enterprise cost management": 564,
        "Total Operating Expenses": 3759,
        "Total revenue financing activities": 38,
        "Net profit from business activities": 134,
        "Profit": 17,
        "Profit before tax": 151,
        "Present corporate income tax expenses": 42,
        "Deferred income taxes expenses": "N/A",
        "The interests of minority shareholders": "N/A",
        "Total Cost of profits": 42,
        "Profit after tax corporate income": 109,
        "Volume": 1625730,
        "Close of Quarter": "N/A",
        "EPS": -16.9,
        "Non-adjusted EPS": -148,
        "PE": "N/A",
        "Book Price": "N/A"
      }
    },
    {
      "quarter": "Q1 2006",
      "income status": {
        "Net sales": 37691,
        "Cost of goods sold": 33250,
        "Gross Profit": 4441,
        "Financial expenses": 1268,
        "Of which: Interest expense": 1264,
        "Cost of sales": 3241,
        "Enterprise cost management": 642,
        "Total Operating Expenses": 5151,
        "Total revenue financing activities": 23,
        "Net profit from business activities": -687,
        "Profit": 201,
        "Profit before tax": -486,
        "Present corporate income tax expenses": -136,
        "Deferred income taxes expenses": "N/A",
        "The interests of minority shareholders": "N/A",
        "Total Cost of profits": -136,
        "Profit after tax corporate income": -350,
        "Volume": 1625730,
        "Close of Quarter": "N/A",
        "EPS": -24.6,
        "Non-adjusted EPS": -215,
        "PE": "N/A",
        "Book Price": "N/A"
      }
    }
  ]
}