{
  "ticker": "VPK",
  "data": [
    {
      "quarter": "Q1 2017",
      "income status": {
        "Net sales": 37334,
        "Cost of goods sold": 37233,
        "Gross Profit": 101,
        "Financial expenses": 1166,
        "Of which: Interest expense": "N/A",
        "Cost of sales": 2737,
        "Enterprise cost management": 3210,
        "Total Operating Expenses": 7113,
        "Total revenue financing activities": 3,
        "Net profit from business activities": -7010,
        "Profit": -56,
        "Profit before tax": -7066,
        "Present corporate income tax expenses": "N/A",
        "Deferred income taxes expenses": "N/A",
        "The interests of minority shareholders": "N/A",
        "Total Cost of profits": 0,
        "Profit after tax corporate income": -7066,
        "Volume": 8000000,
        "Close of Quarter": 7.0,
        "EPS": -926,
        "Non-adjusted EPS": -926,
        "PE": -7.6,
        "Book Price": 19
      }
    },
    {
      "quarter": "Q4 2016",
      "income status": {
        "Net sales": 53718,
        "Cost of goods sold": 47400,
        "Gross Profit": 6318,
        "Financial expenses": 1569,
        "Of which: Interest expense": 1563,
        "Cost of sales": 3794,
        "Enterprise cost management": 3347,
        "Total Operating Expenses": 8710,
        "Total revenue financing activities": 16,
        "Net profit from business activities": -2376,
        "Profit": 84,
        "Profit before tax": -2291,
        "Present corporate income tax expenses": -437,
        "Deferred income taxes expenses": "N/A",
        "The interests of minority shareholders": "N/A",
        "Total Cost of profits": -437,
        "Profit after tax corporate income": -1855,
        "Volume": 8000000,
        "Close of Quarter": 8.5,
        "EPS": 209,
        "Non-adjusted EPS": 209,
        "PE": 40.8,
        "Book Price": 19.9
      }
    },
    {
      "quarter": "Q3 2016",
      "income status": {
        "Net sales": 50090,
        "Cost of goods sold": 43261,
        "Gross Profit": 6829,
        "Financial expenses": 1044,
        "Of which: Interest expense": 1044,
        "Cost of sales": 2490,
        "Enterprise cost management": 2616,
        "Total Operating Expenses": 6150,
        "Total revenue financing activities": 14,
        "Net profit from business activities": 693,
        "Profit": -12,
        "Profit before tax": 680,
        "Present corporate income tax expenses": 153,
        "Deferred income taxes expenses": "N/A",
        "The interests of minority shareholders": "N/A",
        "Total Cost of profits": 153,
        "Profit after tax corporate income": 527,
        "Volume": 8000000,
        "Close of Quarter": 7.9,
        "EPS": 1024,
        "Non-adjusted EPS": 1024,
        "PE": 7.7,
        "Book Price": 20.2
      }
    },
    {
      "quarter": "Q2 2016",
      "income status": {
        "Net sales": 50384,
        "Cost of goods sold": 42563,
        "Gross Profit": 7821,
        "Financial expenses": 792,
        "Of which: Interest expense": 779,
        "Cost of sales": 2742,
        "Enterprise cost management": 3104,
        "Total Operating Expenses": 6638,
        "Total revenue financing activities": 33,
        "Net profit from business activities": 1216,
        "Profit": 30,
        "Profit before tax": 1246,
        "Present corporate income tax expenses": 258,
        "Deferred income taxes expenses": "N/A",
        "The interests of minority shareholders": "N/A",
        "Total Cost of profits": 258,
        "Profit after tax corporate income": 989,
        "Volume": 8000000,
        "Close of Quarter": 10.1,
        "EPS": 1642,
        "Non-adjusted EPS": 1642,
        "PE": 6.1,
        "Book Price": 20.1
      }
    },
    {
      "quarter": "Q1 2016",
      "income status": {
        "Net sales": 47550,
        "Cost of goods sold": 39558,
        "Gross Profit": 7992,
        "Financial expenses": 584,
        "Of which: Interest expense": 584,
        "Cost of sales": 2100,
        "Enterprise cost management": 2776,
        "Total Operating Expenses": 5460,
        "Total revenue financing activities": 21,
        "Net profit from business activities": 2552,
        "Profit": -21,
        "Profit before tax": 2531,
        "Present corporate income tax expenses": 518,
        "Deferred income taxes expenses": "N/A",
        "The interests of minority shareholders": "N/A",
        "Total Cost of profits": 518,
        "Profit after tax corporate income": 2012,
        "Volume": 8000000,
        "Close of Quarter": 10.5,
        "EPS": 2433,
        "Non-adjusted EPS": 2433,
        "PE": 4.3,
        "Book Price": 21.3
      }
    },
    {
      "quarter": "Q4 2015",
      "income status": {
        "Net sales": 65834,
        "Cost of goods sold": 53134,
        "Gross Profit": 12699,
        "Financial expenses": 642,
        "Of which: Interest expense": 635,
        "Cost of sales": 3407,
        "Enterprise cost management": 3346,
        "Total Operating Expenses": 7395,
        "Total revenue financing activities": 238,
        "Net profit from business activities": 5543,
        "Profit": "N/A",
        "Profit before tax": 5543,
        "Present corporate income tax expenses": 877,
        "Deferred income taxes expenses": "N/A",
        "The interests of minority shareholders": "N/A",
        "Total Cost of profits": 877,
        "Profit after tax corporate income": 4665,
        "Volume": 8000000,
        "Close of Quarter": 10.4,
        "EPS": 3088,
        "Non-adjusted EPS": 3088,
        "PE": 3.4,
        "Book Price": 21
      }
    },
    {
      "quarter": "Q3 2015",
      "income status": {
        "Net sales": 63427,
        "Cost of goods sold": 50464,
        "Gross Profit": 12963,
        "Financial expenses": 590,
        "Of which: Interest expense": 580,
        "Cost of sales": 3189,
        "Enterprise cost management": 3009,
        "Total Operating Expenses": 6788,
        "Total revenue financing activities": 340,
        "Net profit from business activities": 6515,
        "Profit": 10,
        "Profit before tax": 6525,
        "Present corporate income tax expenses": 1056,
        "Deferred income taxes expenses": "N/A",
        "The interests of minority shareholders": "N/A",
        "Total Cost of profits": 1056,
        "Profit after tax corporate income": 5469,
        "Volume": 8000000,
        "Close of Quarter": 11.6,
        "EPS": 3514,
        "Non-adjusted EPS": 3514,
        "PE": 3.3,
        "Book Price": 21.5
      }
    },
    {
      "quarter": "Q2 2015",
      "income status": {
        "Net sales": 85708,
        "Cost of goods sold": 68625,
        "Gross Profit": 17083,
        "Financial expenses": 330,
        "Of which: Interest expense": 330,
        "Cost of sales": 4253,
        "Enterprise cost management": 4087,
        "Total Operating Expenses": 8670,
        "Total revenue financing activities": 274,
        "Net profit from business activities": 8687,
        "Profit": "N/A",
        "Profit before tax": 8687,
        "Present corporate income tax expenses": 1367,
        "Deferred income taxes expenses": "N/A",
        "The interests of minority shareholders": "N/A",
        "Total Cost of profits": 1367,
        "Profit after tax corporate income": 7320,
        "Volume": 8000000,
        "Close of Quarter": 10.2,
        "EPS": 3693,
        "Non-adjusted EPS": 3693,
        "PE": 2.8,
        "Book Price": 20.8
      }
    },
    {
      "quarter": "Q1 2015",
      "income status": {
        "Net sales": 79662,
        "Cost of goods sold": 63498,
        "Gross Profit": 16164,
        "Financial expenses": 371,
        "Of which: Interest expense": 371,
        "Cost of sales": 4492,
        "Enterprise cost management": 2945,
        "Total Operating Expenses": 7808,
        "Total revenue financing activities": 171,
        "Net profit from business activities": 8528,
        "Profit": 54,
        "Profit before tax": 8582,
        "Present corporate income tax expenses": 1331,
        "Deferred income taxes expenses": "N/A",
        "The interests of minority shareholders": "N/A",
        "Total Cost of profits": 1331,
        "Profit after tax corporate income": 7251,
        "Volume": 8000000,
        "Close of Quarter": 9.5,
        "EPS": 3460,
        "Non-adjusted EPS": 3460,
        "PE": 2.8,
        "Book Price": 22
      }
    },
    {
      "quarter": "Q4 2014",
      "income status": {
        "Net sales": 80266,
        "Cost of goods sold": 64121,
        "Gross Profit": 16145,
        "Financial expenses": 407,
        "Of which: Interest expense": 406,
        "Cost of sales": 4189,
        "Enterprise cost management": 2892,
        "Total Operating Expenses": 7488,
        "Total revenue financing activities": 151,
        "Net profit from business activities": 8808,
        "Profit": -6,
        "Profit before tax": 8802,
        "Present corporate income tax expenses": 729,
        "Deferred income taxes expenses": "N/A",
        "The interests of minority shareholders": "N/A",
        "Total Cost of profits": 729,
        "Profit after tax corporate income": 8073,
        "Volume": 8000000,
        "Close of Quarter": 8.5,
        "EPS": 2936,
        "Non-adjusted EPS": 2936,
        "PE": 2.9,
        "Book Price": 21.1
      }
    },
    {
      "quarter": "Q3 2014",
      "income status": {
        "Net sales": 79778,
        "Cost of goods sold": 66010,
        "Gross Profit": 13768,
        "Financial expenses": 498,
        "Of which: Interest expense": 496,
        "Cost of sales": 3664,
        "Enterprise cost management": 2431,
        "Total Operating Expenses": 6593,
        "Total revenue financing activities": 343,
        "Net profit from business activities": 7519,
        "Profit": -6,
        "Profit before tax": 7513,
        "Present corporate income tax expenses": 617,
        "Deferred income taxes expenses": "N/A",
        "The interests of minority shareholders": "N/A",
        "Total Cost of profits": 617,
        "Profit after tax corporate income": 6896,
        "Volume": 8000000,
        "Close of Quarter": 9.1,
        "EPS": 2848,
        "Non-adjusted EPS": 2848,
        "PE": 3.2,
        "Book Price": 20.1
      }
    },
    {
      "quarter": "Q2 2014",
      "income status": {
        "Net sales": 75988,
        "Cost of goods sold": 63897,
        "Gross Profit": 12091,
        "Financial expenses": 335,
        "Of which: Interest expense": 273,
        "Cost of sales": 3038,
        "Enterprise cost management": 3284,
        "Total Operating Expenses": 6657,
        "Total revenue financing activities": 192,
        "Net profit from business activities": 5627,
        "Profit": 416,
        "Profit before tax": 6044,
        "Present corporate income tax expenses": 588,
        "Deferred income taxes expenses": "N/A",
        "The interests of minority shareholders": "N/A",
        "Total Cost of profits": 588,
        "Profit after tax corporate income": 5456,
        "Volume": 8000000,
        "Close of Quarter": 9.8,
        "EPS": 3659,
        "Non-adjusted EPS": 3659,
        "PE": 2.7,
        "Book Price": 19.2
      }
    },
    {
      "quarter": "Q1 2014",
      "income status": {
        "Net sales": 62277,
        "Cost of goods sold": 53950,
        "Gross Profit": 8327,
        "Financial expenses": 247,
        "Of which: Interest expense": 219,
        "Cost of sales": 2442,
        "Enterprise cost management": 2488,
        "Total Operating Expenses": 5177,
        "Total revenue financing activities": 180,
        "Net profit from business activities": 3330,
        "Profit": "N/A",
        "Profit before tax": 3330,
        "Present corporate income tax expenses": 270,
        "Deferred income taxes expenses": "N/A",
        "The interests of minority shareholders": "N/A",
        "Total Cost of profits": 270,
        "Profit after tax corporate income": 3060,
        "Volume": 8000000,
        "Close of Quarter": 14.2,
        "EPS": 4832,
        "Non-adjusted EPS": 4832,
        "PE": 2.9,
        "Book Price": 21
      }
    },
    {
      "quarter": "Q4 2013",
      "income status": {
        "Net sales": 89503,
        "Cost of goods sold": 73589,
        "Gross Profit": 15914,
        "Financial expenses": 290,
        "Of which: Interest expense": 270,
        "Cost of sales": 3942,
        "Enterprise cost management": 3065,
        "Total Operating Expenses": 7297,
        "Total revenue financing activities": 287,
        "Net profit from business activities": 8904,
        "Profit": -804,
        "Profit before tax": 8100,
        "Present corporate income tax expenses": 730,
        "Deferred income taxes expenses": "N/A",
        "The interests of minority shareholders": "N/A",
        "Total Cost of profits": 730,
        "Profit after tax corporate income": 7370,
        "Volume": 8000000,
        "Close of Quarter": 13.6,
        "EPS": 5877,
        "Non-adjusted EPS": 5877,
        "PE": 2.3,
        "Book Price": 20.6
      }
    },
    {
      "quarter": "Q3 2013",
      "income status": {
        "Net sales": 98188,
        "Cost of goods sold": 75857,
        "Gross Profit": 22331,
        "Financial expenses": 472,
        "Of which: Interest expense": 338,
        "Cost of sales": 3420,
        "Enterprise cost management": 3827,
        "Total Operating Expenses": 7719,
        "Total revenue financing activities": 476,
        "Net profit from business activities": 15087,
        "Profit": 49,
        "Profit before tax": 15136,
        "Present corporate income tax expenses": 1749,
        "Deferred income taxes expenses": "N/A",
        "The interests of minority shareholders": "N/A",
        "Total Cost of profits": 1749,
        "Profit after tax corporate income": 13387,
        "Volume": 8000000,
        "Close of Quarter": 12.7,
        "EPS": 6287,
        "Non-adjusted EPS": 6287,
        "PE": 2.0,
        "Book Price": 19.7
      }
    },
    {
      "quarter": "Q2 2013",
      "income status": {
        "Net sales": 100558,
        "Cost of goods sold": 75761,
        "Gross Profit": 24798,
        "Financial expenses": 634,
        "Of which: Interest expense": 533,
        "Cost of sales": 3491,
        "Enterprise cost management": 3716,
        "Total Operating Expenses": 7841,
        "Total revenue financing activities": 113,
        "Net profit from business activities": 17070,
        "Profit": "N/A",
        "Profit before tax": 17070,
        "Present corporate income tax expenses": 2235,
        "Deferred income taxes expenses": "N/A",
        "The interests of minority shareholders": "N/A",
        "Total Cost of profits": 2235,
        "Profit after tax corporate income": 14835,
        "Volume": 8000000,
        "Close of Quarter": 12.4,
        "EPS": 6389,
        "Non-adjusted EPS": 6389,
        "PE": 1.9,
        "Book Price": 18
      }
    },
    {
      "quarter": "Q1 2013",
      "income status": {
        "Net sales": 90634,
        "Cost of goods sold": 69515,
        "Gross Profit": 21119,
        "Financial expenses": 542,
        "Of which: Interest expense": 539,
        "Cost of sales": 3645,
        "Enterprise cost management": 3827,
        "Total Operating Expenses": 8014,
        "Total revenue financing activities": 131,
        "Net profit from business activities": 13237,
        "Profit": -165,
        "Profit before tax": 13072,
        "Present corporate income tax expenses": 1645,
        "Deferred income taxes expenses": "N/A",
        "The interests of minority shareholders": "N/A",
        "Total Cost of profits": 1645,
        "Profit after tax corporate income": 11427,
        "Volume": 8000000,
        "Close of Quarter": 11.7,
        "EPS": 6098,
        "Non-adjusted EPS": 6098,
        "PE": 1.9,
        "Book Price": 18.6
      }
    },
    {
      "quarter": "Q4 2012",
      "income status": {
        "Net sales": 94666,
        "Cost of goods sold": 75560,
        "Gross Profit": 19106,
        "Financial expenses": 611,
        "Of which: Interest expense": 599,
        "Cost of sales": 3953,
        "Enterprise cost management": 3921,
        "Total Operating Expenses": 8485,
        "Total revenue financing activities": 168,
        "Net profit from business activities": 10789,
        "Profit": 26,
        "Profit before tax": 10815,
        "Present corporate income tax expenses": 172,
        "Deferred income taxes expenses": "N/A",
        "The interests of minority shareholders": "N/A",
        "Total Cost of profits": 172,
        "Profit after tax corporate income": 10643,
        "Volume": 8000000,
        "Close of Quarter": 10.0,
        "EPS": 6090,
        "Non-adjusted EPS": 6090,
        "PE": 1.6,
        "Book Price": 17.1
      }
    },
    {
      "quarter": "Q3 2012",
      "income status": {
        "Net sales": 90112,
        "Cost of goods sold": 66936,
        "Gross Profit": 23176,
        "Financial expenses": 798,
        "Of which: Interest expense": 787,
        "Cost of sales": 3731,
        "Enterprise cost management": 3421,
        "Total Operating Expenses": 7950,
        "Total revenue financing activities": 129,
        "Net profit from business activities": 15355,
        "Profit": "N/A",
        "Profit before tax": 15355,
        "Present corporate income tax expenses": 1152,
        "Deferred income taxes expenses": "N/A",
        "The interests of minority shareholders": "N/A",
        "Total Cost of profits": 1152,
        "Profit after tax corporate income": 14204,
        "Volume": 8000000,
        "Close of Quarter": 7.1,
        "EPS": 5527,
        "Non-adjusted EPS": 5527,
        "PE": 1.3,
        "Book Price": 15.8
      }
    },
    {
      "quarter": "Q2 2012",
      "income status": {
        "Net sales": 90251,
        "Cost of goods sold": 69105,
        "Gross Profit": 21146,
        "Financial expenses": 1386,
        "Of which: Interest expense": 1375,
        "Cost of sales": 3119,
        "Enterprise cost management": 2995,
        "Total Operating Expenses": 7500,
        "Total revenue financing activities": 138,
        "Net profit from business activities": 13783,
        "Profit": -72,
        "Profit before tax": 13711,
        "Present corporate income tax expenses": 1199,
        "Deferred income taxes expenses": "N/A",
        "The interests of minority shareholders": "N/A",
        "Total Cost of profits": 1199,
        "Profit after tax corporate income": 12512,
        "Volume": 8000000,
        "Close of Quarter": 4.1,
        "EPS": 4351,
        "Non-adjusted EPS": 4351,
        "PE": 0.9,
        "Book Price": 14
      }
    },
    {
      "quarter": "Q1 2012",
      "income status": {
        "Net sales": 76233,
        "Cost of goods sold": 56990,
        "Gross Profit": 19242,
        "Financial expenses": 1236,
        "Of which: Interest expense": 1226,
        "Cost of sales": 2405,
        "Enterprise cost management": 2870,
        "Total Operating Expenses": 6511,
        "Total revenue financing activities": 72,
        "Net profit from business activities": 12802,
        "Profit": "N/A",
        "Profit before tax": 12802,
        "Present corporate income tax expenses": 1440,
        "Deferred income taxes expenses": "N/A",
        "The interests of minority shareholders": "N/A",
        "Total Cost of profits": 1440,
        "Profit after tax corporate income": 11363,
        "Volume": 8000000,
        "Close of Quarter": 3.5,
        "EPS": 3525,
        "Non-adjusted EPS": 3525,
        "PE": 1,
        "Book Price": 14
      }
    },
    {
      "quarter": "Q4 2011",
      "income status": {
        "Net sales": 73253,
        "Cost of goods sold": 61277,
        "Gross Profit": 11976,
        "Financial expenses": 1272,
        "Of which: Interest expense": 1120,
        "Cost of sales": 1876,
        "Enterprise cost management": 3248,
        "Total Operating Expenses": 6396,
        "Total revenue financing activities": 44,
        "Net profit from business activities": 5625,
        "Profit": 356,
        "Profit before tax": 27334,
        "Present corporate income tax expenses": -152,
        "Deferred income taxes expenses": "N/A",
        "The interests of minority shareholders": "N/A",
        "Total Cost of profits": -152,
        "Profit after tax corporate income": 6133,
        "Volume": 8000000,
        "Close of Quarter": 2.2,
        "EPS": 3236,
        "Non-adjusted EPS": 3236,
        "PE": 0.7,
        "Book Price": 12.6
      }
    },
    {
      "quarter": "Q3 2011",
      "income status": {
        "Net sales": 62681,
        "Cost of goods sold": 51869,
        "Gross Profit": 10812,
        "Financial expenses": 1473,
        "Of which: Interest expense": 1405,
        "Cost of sales": 1457,
        "Enterprise cost management": 2723,
        "Total Operating Expenses": 5653,
        "Total revenue financing activities": 47,
        "Net profit from business activities": 5207,
        "Profit": -17,
        "Profit before tax": 5189,
        "Present corporate income tax expenses": 389,
        "Deferred income taxes expenses": "N/A",
        "The interests of minority shareholders": "N/A",
        "Total Cost of profits": 389,
        "Profit after tax corporate income": 4800,
        "Volume": 8000000,
        "Close of Quarter": 2.5,
        "EPS": 2691,
        "Non-adjusted EPS": 2691,
        "PE": 0.9,
        "Book Price": 11.9
      }
    },
    {
      "quarter": "Q2 2011",
      "income status": {
        "Net sales": 69657,
        "Cost of goods sold": 55806,
        "Gross Profit": 13851,
        "Financial expenses": 2796,
        "Of which: Interest expense": 1602,
        "Cost of sales": 2157,
        "Enterprise cost management": 2520,
        "Total Operating Expenses": 7473,
        "Total revenue financing activities": 58,
        "Net profit from business activities": 6436,
        "Profit": -52,
        "Profit before tax": 6384,
        "Present corporate income tax expenses": 479,
        "Deferred income taxes expenses": "N/A",
        "The interests of minority shareholders": "N/A",
        "Total Cost of profits": 479,
        "Profit after tax corporate income": 5905,
        "Volume": 8000000,
        "Close of Quarter": 2.4,
        "EPS": 2432,
        "Non-adjusted EPS": 2432,
        "PE": 1.0,
        "Book Price": 11.3
      }
    },
    {
      "quarter": "Q1 2011",
      "income status": {
        "Net sales": 74372,
        "Cost of goods sold": 56977,
        "Gross Profit": 17395,
        "Financial expenses": 2931,
        "Of which: Interest expense": 1592,
        "Cost of sales": 2334,
        "Enterprise cost management": 2382,
        "Total Operating Expenses": 7647,
        "Total revenue financing activities": 25,
        "Net profit from business activities": 9774,
        "Profit": 7,
        "Profit before tax": 9781,
        "Present corporate income tax expenses": 734,
        "Deferred income taxes expenses": "N/A",
        "The interests of minority shareholders": "N/A",
        "Total Cost of profits": 734,
        "Profit after tax corporate income": 9047,
        "Volume": 8000000,
        "Close of Quarter": 2.4,
        "EPS": 1994,
        "Non-adjusted EPS": 1994,
        "PE": 1.2,
        "Book Price": 10.5
      }
    },
    {
      "quarter": "Q4 2010",
      "income status": {
        "Net sales": 61975,
        "Cost of goods sold": 52778,
        "Gross Profit": 9197,
        "Financial expenses": 2664,
        "Of which: Interest expense": 1392,
        "Cost of sales": 2195,
        "Enterprise cost management": 2444,
        "Total Operating Expenses": 7303,
        "Total revenue financing activities": 33,
        "Net profit from business activities": 1926,
        "Profit": 8,
        "Profit before tax": 1934,
        "Present corporate income tax expenses": 160,
        "Deferred income taxes expenses": "N/A",
        "The interests of minority shareholders": "N/A",
        "Total Cost of profits": 160,
        "Profit after tax corporate income": 1774,
        "Volume": 8000000,
        "Close of Quarter": 3.1,
        "EPS": 1388,
        "Non-adjusted EPS": 1388,
        "PE": 2.2,
        "Book Price": 9.4
      }
    },
    {
      "quarter": "Q3 2010",
      "income status": {
        "Net sales": 55676,
        "Cost of goods sold": 46313,
        "Gross Profit": 9363,
        "Financial expenses": 2037,
        "Of which: Interest expense": 1408,
        "Cost of sales": 1915,
        "Enterprise cost management": 2426,
        "Total Operating Expenses": 6378,
        "Total revenue financing activities": 19,
        "Net profit from business activities": 3004,
        "Profit": -48,
        "Profit before tax": 2956,
        "Present corporate income tax expenses": 226,
        "Deferred income taxes expenses": "N/A",
        "The interests of minority shareholders": "N/A",
        "Total Cost of profits": 226,
        "Profit after tax corporate income": 2730,
        "Volume": 8000000,
        "Close of Quarter": 3.5,
        "EPS": 1336,
        "Non-adjusted EPS": 1336,
        "PE": 2.6,
        "Book Price": 9.2
      }
    },
    {
      "quarter": "Q2 2010",
      "income status": {
        "Net sales": 47342,
        "Cost of goods sold": 38884,
        "Gross Profit": 8458,
        "Financial expenses": 2090,
        "Of which: Interest expense": 1546,
        "Cost of sales": 2036,
        "Enterprise cost management": 2151,
        "Total Operating Expenses": 6277,
        "Total revenue financing activities": 24,
        "Net profit from business activities": 2205,
        "Profit": -5,
        "Profit before tax": 2201,
        "Present corporate income tax expenses": -197,
        "Deferred income taxes expenses": "N/A",
        "The interests of minority shareholders": "N/A",
        "Total Cost of profits": -197,
        "Profit after tax corporate income": 2398,
        "Volume": 8000000,
        "Close of Quarter": 3.8,
        "EPS": 1628,
        "Non-adjusted EPS": 1628,
        "PE": 2.3,
        "Book Price": 8.8
      }
    },
    {
      "quarter": "Q1 2010",
      "income status": {
        "Net sales": 45992,
        "Cost of goods sold": 35915,
        "Gross Profit": 10076,
        "Financial expenses": 2135,
        "Of which: Interest expense": 1439,
        "Cost of sales": 1246,
        "Enterprise cost management": 1770,
        "Total Operating Expenses": 5151,
        "Total revenue financing activities": 10,
        "Net profit from business activities": 4935,
        "Profit": 9,
        "Profit before tax": 4944,
        "Present corporate income tax expenses": 742,
        "Deferred income taxes expenses": "N/A",
        "The interests of minority shareholders": "N/A",
        "Total Cost of profits": 742,
        "Profit after tax corporate income": 4202,
        "Volume": 8000000,
        "Close of Quarter": 3.1,
        "EPS": 1032,
        "Non-adjusted EPS": 1032,
        "PE": 3,
        "Book Price": 8.5
      }
    },
    {
      "quarter": "Q4 2009",
      "income status": {
        "Net sales": 45255,
        "Cost of goods sold": 36416,
        "Gross Profit": 8839,
        "Financial expenses": 2968,
        "Of which: Interest expense": 1050,
        "Cost of sales": 1769,
        "Enterprise cost management": 2759,
        "Total Operating Expenses": 7496,
        "Total revenue financing activities": 29,
        "Net profit from business activities": 1372,
        "Profit": 6,
        "Profit before tax": 1378,
        "Present corporate income tax expenses": 22,
        "Deferred income taxes expenses": "N/A",
        "The interests of minority shareholders": "N/A",
        "Total Cost of profits": 22,
        "Profit after tax corporate income": 1356,
        "Volume": 8000000,
        "Close of Quarter": 2.9,
        "EPS": 720,
        "Non-adjusted EPS": 720,
        "PE": 4.0,
        "Book Price": 11.2
      }
    },
    {
      "quarter": "Q3 2009",
      "income status": {
        "Net sales": 40543,
        "Cost of goods sold": 31107,
        "Gross Profit": 9436,
        "Financial expenses": 1444,
        "Of which: Interest expense": 1357,
        "Cost of sales": 1402,
        "Enterprise cost management": 1586,
        "Total Operating Expenses": 4432,
        "Total revenue financing activities": 48,
        "Net profit from business activities": 5052,
        "Profit": 13,
        "Profit before tax": 5065,
        "Present corporate income tax expenses": "N/A",
        "Deferred income taxes expenses": "N/A",
        "The interests of minority shareholders": "N/A",
        "Total Cost of profits": 0,
        "Profit after tax corporate income": 5065,
        "Volume": 8000000,
        "Close of Quarter": 3.4,
        "EPS": 127,
        "Non-adjusted EPS": 127,
        "PE": 26.9,
        "Book Price": 11.1
      }
    },
    {
      "quarter": "Q2 2009",
      "income status": {
        "Net sales": 42775,
        "Cost of goods sold": 39097,
        "Gross Profit": 3678,
        "Financial expenses": 2658,
        "Of which: Interest expense": 1658,
        "Cost of sales": 1336,
        "Enterprise cost management": 2068,
        "Total Operating Expenses": 6062,
        "Total revenue financing activities": 17,
        "Net profit from business activities": -2366,
        "Profit": 1,
        "Profit before tax": -2365,
        "Present corporate income tax expenses": "N/A",
        "Deferred income taxes expenses": "N/A",
        "The interests of minority shareholders": "N/A",
        "Total Cost of profits": 0,
        "Profit after tax corporate income": -2365,
        "Volume": 7600000,
        "Close of Quarter": 3.7,
        "EPS": -246.1,
        "Non-adjusted EPS": -259,
        "PE": -14.1,
        "Book Price": 10.5
      }
    },
    {
      "quarter": "Q1 2009",
      "income status": {
        "Net sales": 42081,
        "Cost of goods sold": 35303,
        "Gross Profit": 6778,
        "Financial expenses": 2248,
        "Of which: Interest expense": 2026,
        "Cost of sales": 1238,
        "Enterprise cost management": 1609,
        "Total Operating Expenses": 5095,
        "Total revenue financing activities": 22,
        "Net profit from business activities": 1705,
        "Profit": -1,
        "Profit before tax": 1704,
        "Present corporate income tax expenses": "N/A",
        "Deferred income taxes expenses": "N/A",
        "The interests of minority shareholders": "N/A",
        "Total Cost of profits": 0,
        "Profit after tax corporate income": 1704,
        "Volume": 7600000,
        "Close of Quarter": 2.8,
        "EPS": 424.7,
        "Non-adjusted EPS": 447,
        "PE": 6.2,
        "Book Price": 11.1
      }
    },
    {
      "quarter": "Q4 2008",
      "income status": {
        "Net sales": 41424,
        "Cost of goods sold": 36908,
        "Gross Profit": 4516,
        "Financial expenses": 4920,
        "Of which: Interest expense": 2546,
        "Cost of sales": 1378,
        "Enterprise cost management": 1658,
        "Total Operating Expenses": 7956,
        "Total revenue financing activities": 43,
        "Net profit from business activities": -3397,
        "Profit": 11,
        "Profit before tax": -3386,
        "Present corporate income tax expenses": "N/A",
        "Deferred income taxes expenses": "N/A",
        "The interests of minority shareholders": "N/A",
        "Total Cost of profits": 0,
        "Profit after tax corporate income": -3386,
        "Volume": 7600000,
        "Close of Quarter": 2.7,
        "EPS": 497.8,
        "Non-adjusted EPS": 524,
        "PE": 5.1,
        "Book Price": 11.0
      }
    },
    {
      "quarter": "Q3 2008",
      "income status": {
        "Net sales": 46922,
        "Cost of goods sold": 39646,
        "Gross Profit": 7275,
        "Financial expenses": 2511,
        "Of which: Interest expense": 2373,
        "Cost of sales": 1362,
        "Enterprise cost management": 1374,
        "Total Operating Expenses": 5247,
        "Total revenue financing activities": 17,
        "Net profit from business activities": 2045,
        "Profit": 35,
        "Profit before tax": 2081,
        "Present corporate income tax expenses": "N/A",
        "Deferred income taxes expenses": "N/A",
        "The interests of minority shareholders": "N/A",
        "Total Cost of profits": 0,
        "Profit after tax corporate income": 2081,
        "Volume": 7600000,
        "Close of Quarter": 3.5,
        "EPS": 1216,
        "Non-adjusted EPS": 1280,
        "PE": 2.8,
        "Book Price": 11.5
      }
    },
    {
      "quarter": "Q2 2008",
      "income status": {
        "Net sales": 53002,
        "Cost of goods sold": 44825,
        "Gross Profit": 8177,
        "Financial expenses": 1914,
        "Of which: Interest expense": 1914,
        "Cost of sales": 1255,
        "Enterprise cost management": 2091,
        "Total Operating Expenses": 5260,
        "Total revenue financing activities": 27,
        "Net profit from business activities": 2944,
        "Profit": 52,
        "Profit before tax": 2996,
        "Present corporate income tax expenses": "N/A",
        "Deferred income taxes expenses": "N/A",
        "The interests of minority shareholders": "N/A",
        "Total Cost of profits": 0,
        "Profit after tax corporate income": 2996,
        "Volume": 7600000,
        "Close of Quarter": 3.3,
        "EPS": 1321.5,
        "Non-adjusted EPS": 1391,
        "PE": 2.3,
        "Book Price": 11.2
      }
    },
    {
      "quarter": "Q1 2008",
      "income status": {
        "Net sales": 48937,
        "Cost of goods sold": 41649,
        "Gross Profit": 7287,
        "Financial expenses": 1572,
        "Of which: Interest expense": 1572,
        "Cost of sales": 1375,
        "Enterprise cost management": 2073,
        "Total Operating Expenses": 5020,
        "Total revenue financing activities": 18,
        "Net profit from business activities": 2285,
        "Profit": 2,
        "Profit before tax": 2288,
        "Present corporate income tax expenses": "N/A",
        "Deferred income taxes expenses": "N/A",
        "The interests of minority shareholders": "N/A",
        "Total Cost of profits": 0,
        "Profit after tax corporate income": 2288,
        "Volume": 7600000,
        "Close of Quarter": 4.4,
        "EPS": 1250.2,
        "Non-adjusted EPS": 1316,
        "PE": 3.4,
        "Book Price": 10.8
      }
    },
    {
      "quarter": "Q4 2007",
      "income status": {
        "Net sales": 46499,
        "Cost of goods sold": 37837,
        "Gross Profit": 8662,
        "Financial expenses": 1372,
        "Of which: Interest expense": 1298,
        "Cost of sales": 1636,
        "Enterprise cost management": 2936,
        "Total Operating Expenses": 5944,
        "Total revenue financing activities": 77,
        "Net profit from business activities": 2795,
        "Profit": 6,
        "Profit before tax": 2800,
        "Present corporate income tax expenses": 435,
        "Deferred income taxes expenses": "N/A",
        "The interests of minority shareholders": "N/A",
        "Total Cost of profits": 435,
        "Profit after tax corporate income": 2365,
        "Volume": 7600000,
        "Close of Quarter": 7.0,
        "EPS": 1270.2,
        "Non-adjusted EPS": 1337,
        "PE": 5.3,
        "Book Price": 11.8
      }
    },
    {
      "quarter": "Q3 2007",
      "income status": {
        "Net sales": 42670,
        "Cost of goods sold": 35280,
        "Gross Profit": 7390,
        "Financial expenses": 1195,
        "Of which: Interest expense": 1195,
        "Cost of sales": 1291,
        "Enterprise cost management": 2263,
        "Total Operating Expenses": 4749,
        "Total revenue financing activities": 20,
        "Net profit from business activities": 2661,
        "Profit": 774,
        "Profit before tax": 3435,
        "Present corporate income tax expenses": 515,
        "Deferred income taxes expenses": "N/A",
        "The interests of minority shareholders": "N/A",
        "Total Cost of profits": 515,
        "Profit after tax corporate income": 2920,
        "Volume": 7600000,
        "Close of Quarter": 8.2,
        "EPS": 1408.9,
        "Non-adjusted EPS": 1483,
        "PE": 5.5,
        "Book Price": 11.4
      }
    },
    {
      "quarter": "Q2 2007",
      "income status": {
        "Net sales": 38939,
        "Cost of goods sold": 32942,
        "Gross Profit": 5997,
        "Financial expenses": 1185,
        "Of which: Interest expense": 1185,
        "Cost of sales": 1176,
        "Enterprise cost management": 2241,
        "Total Operating Expenses": 4602,
        "Total revenue financing activities": 75,
        "Net profit from business activities": 1470,
        "Profit": 1374,
        "Profit before tax": 2843,
        "Present corporate income tax expenses": 411,
        "Deferred income taxes expenses": "N/A",
        "The interests of minority shareholders": "N/A",
        "Total Cost of profits": 411,
        "Profit after tax corporate income": 2432,
        "Volume": 7600000,
        "Close of Quarter": 7.9,
        "EPS": 1392.7,
        "Non-adjusted EPS": 1466,
        "PE": 5.4,
        "Book Price": 10.8
      }
    },
    {
      "quarter": "Q1 2007",
      "income status": {
        "Net sales": 32913,
        "Cost of goods sold": 27279,
        "Gross Profit": 5634,
        "Financial expenses": 1037,
        "Of which: Interest expense": 1037,
        "Cost of sales": 935,
        "Enterprise cost management": 1982,
        "Total Operating Expenses": 3954,
        "Total revenue financing activities": 31,
        "Net profit from business activities": 1712,
        "Profit": 1164,
        "Profit before tax": 2876,
        "Present corporate income tax expenses": 431,
        "Deferred income taxes expenses": "N/A",
        "The interests of minority shareholders": "N/A",
        "Total Cost of profits": 431,
        "Profit after tax corporate income": 2444,
        "Volume": 7600000,
        "Close of Quarter": 10.6,
        "EPS": 1367.1,
        "Non-adjusted EPS": 1439,
        "PE": 7.4,
        "Book Price": 11.5
      }
    },
    {
      "quarter": "Q4 2006",
      "income status": {
        "Net sales": 27899,
        "Cost of goods sold": 19852,
        "Gross Profit": 8047,
        "Financial expenses": 1978,
        "Of which: Interest expense": 1506,
        "Cost of sales": 1045,
        "Enterprise cost management": 2089,
        "Total Operating Expenses": 5112,
        "Total revenue financing activities": 99,
        "Net profit from business activities": 3034,
        "Profit": 437,
        "Profit before tax": 3471,
        "Present corporate income tax expenses": "N/A",
        "Deferred income taxes expenses": "N/A",
        "The interests of minority shareholders": "N/A",
        "Total Cost of profits": 0,
        "Profit after tax corporate income": 3471,
        "Volume": 7600000,
        "Close of Quarter": 7.1,
        "EPS": 1161.9,
        "Non-adjusted EPS": 1223,
        "PE": 5.8,
        "Book Price": 11.2
      }
    },
    {
      "quarter": "Q3 2006",
      "income status": {
        "Net sales": 25831,
        "Cost of goods sold": 19463,
        "Gross Profit": 6369,
        "Financial expenses": 932,
        "Of which: Interest expense": 932,
        "Cost of sales": 955,
        "Enterprise cost management": 1760,
        "Total Operating Expenses": 3647,
        "Total revenue financing activities": 23,
        "Net profit from business activities": 2744,
        "Profit": 49,
        "Profit before tax": 2794,
        "Present corporate income tax expenses": "N/A",
        "Deferred income taxes expenses": "N/A",
        "The interests of minority shareholders": "N/A",
        "Total Cost of profits": 0,
        "Profit after tax corporate income": 2794,
        "Volume": 7600000,
        "Close of Quarter": "N/A",
        "EPS": 727.7,
        "Non-adjusted EPS": 766,
        "PE": "N/A",
        "Book Price": "N/A"
      }
    },
    {
      "quarter": "Q2 2006",
      "income status": {
        "Net sales": 27865,
        "Cost of goods sold": 22266,
        "Gross Profit": 5599,
        "Financial expenses": 702,
        "Of which: Interest expense": 702,
        "Cost of sales": 925,
        "Enterprise cost management": 1820,
        "Total Operating Expenses": 3447,
        "Total revenue financing activities": 30,
        "Net profit from business activities": 2181,
        "Profit": 47,
        "Profit before tax": 2228,
        "Present corporate income tax expenses": "N/A",
        "Deferred income taxes expenses": "N/A",
        "The interests of minority shareholders": "N/A",
        "Total Cost of profits": 0,
        "Profit after tax corporate income": 2228,
        "Volume": 7600000,
        "Close of Quarter": "N/A",
        "EPS": 378.1,
        "Non-adjusted EPS": 398,
        "PE": "N/A",
        "Book Price": "N/A"
      }
    },
    {
      "quarter": "Q1 2006",
      "income status": {
        "Net sales": 23832,
        "Cost of goods sold": 19711,
        "Gross Profit": 4121,
        "Financial expenses": 1007,
        "Of which: Interest expense": 1007,
        "Cost of sales": 636,
        "Enterprise cost management": 1702,
        "Total Operating Expenses": 3345,
        "Total revenue financing activities": 15,
        "Net profit from business activities": 790,
        "Profit": 8,
        "Profit before tax": 798,
        "Present corporate income tax expenses": "N/A",
        "Deferred income taxes expenses": "N/A",
        "The interests of minority shareholders": "N/A",
        "Total Cost of profits": 0,
        "Profit after tax corporate income": 798,
        "Volume": 7600000,
        "Close of Quarter": "N/A",
        "EPS": 99.8,
        "Non-adjusted EPS": 105,
        "PE": "N/A",
        "Book Price": "N/A"
      }
    }
  ]
}