{
  "ticker": "VNE",
  "data": [
    {
      "quarter": "Q1 2017",
      "income status": {
        "Net sales": 137278,
        "Cost of goods sold": 113761,
        "Gross Profit": 23517,
        "Financial expenses": 3816,
        "Of which: Interest expense": 3331,
        "Cost of sales": 462,
        "Enterprise cost management": 13703,
        "Total Operating Expenses": 17981,
        "Total revenue financing activities": 5588,
        "Net profit from business activities": 11395,
        "Profit": -4589,
        "Profit before tax": 6805,
        "Present corporate income tax expenses": 2981,
        "Deferred income taxes expenses": -264,
        "The interests of minority shareholders": 353,
        "Total Cost of profits": 3070,
        "Profit after tax corporate income": 3735,
        "Volume": 88834033,
        "Close of Quarter": 9.1,
        "EPS": 376,
        "Non-adjusted EPS": 376,
        "PE": 24.2,
        "Book Price": 11
      }
    },
    {
      "quarter": "Q4 2016",
      "income status": {
        "Net sales": 281508,
        "Cost of goods sold": 223563,
        "Gross Profit": 57946,
        "Financial expenses": 4843,
        "Of which: Interest expense": 7357,
        "Cost of sales": 1219,
        "Enterprise cost management": 20288,
        "Total Operating Expenses": 26350,
        "Total revenue financing activities": 356,
        "Net profit from business activities": 32723,
        "Profit": 2260,
        "Profit before tax": 34983,
        "Present corporate income tax expenses": 2852,
        "Deferred income taxes expenses": -6038,
        "The interests of minority shareholders": 3018,
        "Total Cost of profits": -168,
        "Profit after tax corporate income": 35152,
        "Volume": 88834033,
        "Close of Quarter": 7.5,
        "EPS": 161,
        "Non-adjusted EPS": 161,
        "PE": 46.6,
        "Book Price": 11.1
      }
    },
    {
      "quarter": "Q3 2016",
      "income status": {
        "Net sales": 199724,
        "Cost of goods sold": 167003,
        "Gross Profit": 32721,
        "Financial expenses": 14242,
        "Of which: Interest expense": 6516,
        "Cost of sales": 809,
        "Enterprise cost management": 16502,
        "Total Operating Expenses": 31553,
        "Total revenue financing activities": 2368,
        "Net profit from business activities": 3542,
        "Profit": 486,
        "Profit before tax": 4028,
        "Present corporate income tax expenses": 3472,
        "Deferred income taxes expenses": -2823,
        "The interests of minority shareholders": -306,
        "Total Cost of profits": 343,
        "Profit after tax corporate income": 3685,
        "Volume": 80758585,
        "Close of Quarter": 5.6,
        "EPS": 11.8,
        "Non-adjusted EPS": 13,
        "PE": 433.1,
        "Book Price": 10.8
      }
    },
    {
      "quarter": "Q2 2016",
      "income status": {
        "Net sales": 117359,
        "Cost of goods sold": 95751,
        "Gross Profit": 21607,
        "Financial expenses": 6368,
        "Of which: Interest expense": 7289,
        "Cost of sales": 687,
        "Enterprise cost management": 20050,
        "Total Operating Expenses": 27105,
        "Total revenue financing activities": 7130,
        "Net profit from business activities": 1981,
        "Profit": -13955,
        "Profit before tax": -11975,
        "Present corporate income tax expenses": 2422,
        "Deferred income taxes expenses": -978,
        "The interests of minority shareholders": -4286,
        "Total Cost of profits": -2842,
        "Profit after tax corporate income": -9132,
        "Volume": 80758585,
        "Close of Quarter": 9.2,
        "EPS": 361.8,
        "Non-adjusted EPS": 398,
        "PE": 23.1,
        "Book Price": 10.7
      }
    },
    {
      "quarter": "Q1 2016",
      "income status": {
        "Net sales": 175221,
        "Cost of goods sold": 171663,
        "Gross Profit": 3559,
        "Financial expenses": 7506,
        "Of which: Interest expense": 6391,
        "Cost of sales": 1632,
        "Enterprise cost management": 11495,
        "Total Operating Expenses": 20633,
        "Total revenue financing activities": 2085,
        "Net profit from business activities": -14687,
        "Profit": 2094,
        "Profit before tax": -12593,
        "Present corporate income tax expenses": 5290,
        "Deferred income taxes expenses": 437,
        "The interests of minority shareholders": -2933,
        "Total Cost of profits": 2794,
        "Profit after tax corporate income": -15387,
        "Volume": 80758585,
        "Close of Quarter": 10.4,
        "EPS": 761.8,
        "Non-adjusted EPS": 838,
        "PE": 12.4,
        "Book Price": 11.3
      }
    },
    {
      "quarter": "Q4 2015",
      "income status": {
        "Net sales": 286354,
        "Cost of goods sold": 241328,
        "Gross Profit": 45026,
        "Financial expenses": 2683,
        "Of which: Interest expense": 7309,
        "Cost of sales": 584,
        "Enterprise cost management": 18924,
        "Total Operating Expenses": 22191,
        "Total revenue financing activities": 4395,
        "Net profit from business activities": 25923,
        "Profit": 5052,
        "Profit before tax": 30975,
        "Present corporate income tax expenses": 7565,
        "Deferred income taxes expenses": -410,
        "The interests of minority shareholders": 1923,
        "Total Cost of profits": 9078,
        "Profit after tax corporate income": 21897,
        "Volume": 62122141,
        "Close of Quarter": 10.2,
        "EPS": 1142.0,
        "Non-adjusted EPS": 1633,
        "PE": 6.2,
        "Book Price": 11.5
      }
    },
    {
      "quarter": "Q3 2015",
      "income status": {
        "Net sales": 273747,
        "Cost of goods sold": 229993,
        "Gross Profit": 43754,
        "Financial expenses": 15947,
        "Of which: Interest expense": 8555,
        "Cost of sales": 445,
        "Enterprise cost management": 15962,
        "Total Operating Expenses": 32354,
        "Total revenue financing activities": 30996,
        "Net profit from business activities": 45641,
        "Profit": -1425,
        "Profit before tax": 44216,
        "Present corporate income tax expenses": 9085,
        "Deferred income taxes expenses": 31,
        "The interests of minority shareholders": 325,
        "Total Cost of profits": 9441,
        "Profit after tax corporate income": 34775,
        "Volume": 62122141,
        "Close of Quarter": 10.1,
        "EPS": 1276.2,
        "Non-adjusted EPS": 1825,
        "PE": 5.6,
        "Book Price": 9.8
      }
    },
    {
      "quarter": "Q2 2015",
      "income status": {
        "Net sales": 308622,
        "Cost of goods sold": 265363,
        "Gross Profit": 43259,
        "Financial expenses": 13541,
        "Of which: Interest expense": 6940,
        "Cost of sales": 470,
        "Enterprise cost management": 14029,
        "Total Operating Expenses": 28040,
        "Total revenue financing activities": 4346,
        "Net profit from business activities": 20171,
        "Profit": 14114,
        "Profit before tax": 34285,
        "Present corporate income tax expenses": 6973,
        "Deferred income taxes expenses": -12,
        "The interests of minority shareholders": 911,
        "Total Cost of profits": 7872,
        "Profit after tax corporate income": 26413,
        "Volume": 62122141,
        "Close of Quarter": 11.2,
        "EPS": 2079.7,
        "Non-adjusted EPS": 2974,
        "PE": 3.8,
        "Book Price": 9.6
      }
    },
    {
      "quarter": "Q1 2015",
      "income status": {
        "Net sales": 175932,
        "Cost of goods sold": 139533,
        "Gross Profit": 36400,
        "Financial expenses": 2140,
        "Of which: Interest expense": 7817,
        "Cost of sales": 677,
        "Enterprise cost management": 14498,
        "Total Operating Expenses": 17315,
        "Total revenue financing activities": 3793,
        "Net profit from business activities": 23107,
        "Profit": 193,
        "Profit before tax": 23300,
        "Present corporate income tax expenses": 5438,
        "Deferred income taxes expenses": 12,
        "The interests of minority shareholders": -510,
        "Total Cost of profits": 4940,
        "Profit after tax corporate income": 18359,
        "Volume": 62122141,
        "Close of Quarter": 11.0,
        "EPS": 1350.4,
        "Non-adjusted EPS": 1931,
        "PE": 5.7,
        "Book Price": 9.2
      }
    },
    {
      "quarter": "Q4 2014",
      "income status": {
        "Net sales": 423975,
        "Cost of goods sold": 283131,
        "Gross Profit": 140843,
        "Financial expenses": 10560,
        "Of which: Interest expense": 12839,
        "Cost of sales": 1003,
        "Enterprise cost management": 41254,
        "Total Operating Expenses": 52817,
        "Total revenue financing activities": 5022,
        "Net profit from business activities": 96705,
        "Profit": -48207,
        "Profit before tax": 48499,
        "Present corporate income tax expenses": 10309,
        "Deferred income taxes expenses": -622,
        "The interests of minority shareholders": 5011,
        "Total Cost of profits": 14698,
        "Profit after tax corporate income": 33801,
        "Volume": 62122141,
        "Close of Quarter": 8.1,
        "EPS": 1034.3,
        "Non-adjusted EPS": 1479,
        "PE": 5.5,
        "Book Price": 9.2
      }
    },
    {
      "quarter": "Q3 2014",
      "income status": {
        "Net sales": 301398,
        "Cost of goods sold": 175069,
        "Gross Profit": 126329,
        "Financial expenses": 10565,
        "Of which: Interest expense": 11346,
        "Cost of sales": 588,
        "Enterprise cost management": 15236,
        "Total Operating Expenses": 26389,
        "Total revenue financing activities": 5465,
        "Net profit from business activities": 106879,
        "Profit": 898,
        "Profit before tax": 107777,
        "Present corporate income tax expenses": 1469,
        "Deferred income taxes expenses": -8,
        "The interests of minority shareholders": 117,
        "Total Cost of profits": 1578,
        "Profit after tax corporate income": 106198,
        "Volume": 62122141,
        "Close of Quarter": 6.8,
        "EPS": 661.5,
        "Non-adjusted EPS": 946,
        "PE": 7.2,
        "Book Price": 8.8
      }
    },
    {
      "quarter": "Q2 2014",
      "income status": {
        "Net sales": 252800,
        "Cost of goods sold": 218650,
        "Gross Profit": 34150,
        "Financial expenses": 45664,
        "Of which: Interest expense": 17534,
        "Cost of sales": 642,
        "Enterprise cost management": 14245,
        "Total Operating Expenses": 60551,
        "Total revenue financing activities": 5124,
        "Net profit from business activities": -20930,
        "Profit": 251,
        "Profit before tax": -20679,
        "Present corporate income tax expenses": 420,
        "Deferred income taxes expenses": 17392,
        "The interests of minority shareholders": -115,
        "Total Cost of profits": 17697,
        "Profit after tax corporate income": -38376,
        "Volume": 62122141,
        "Close of Quarter": 5.1,
        "EPS": -420.3,
        "Non-adjusted EPS": -601,
        "PE": -8.5,
        "Book Price": 7.5
      }
    },
    {
      "quarter": "Q1 2014",
      "income status": {
        "Net sales": 56523,
        "Cost of goods sold": 46098,
        "Gross Profit": 10425,
        "Financial expenses": 10140,
        "Of which: Interest expense": 13724,
        "Cost of sales": 269,
        "Enterprise cost management": 9724,
        "Total Operating Expenses": 20133,
        "Total revenue financing activities": 3958,
        "Net profit from business activities": -5014,
        "Profit": -4649,
        "Profit before tax": -9663,
        "Present corporate income tax expenses": 197,
        "Deferred income taxes expenses": -85,
        "The interests of minority shareholders": -2,
        "Total Cost of profits": 110,
        "Profit after tax corporate income": -9774,
        "Volume": 62122141,
        "Close of Quarter": 6.2,
        "EPS": 69.9,
        "Non-adjusted EPS": 100,
        "PE": 61.5,
        "Book Price": 8.3
      }
    },
    {
      "quarter": "Q4 2013",
      "income status": {
        "Net sales": 439319,
        "Cost of goods sold": 350630,
        "Gross Profit": 88689,
        "Financial expenses": 27672,
        "Of which: Interest expense": 28520,
        "Cost of sales": 200,
        "Enterprise cost management": 60465,
        "Total Operating Expenses": 88337,
        "Total revenue financing activities": 16661,
        "Net profit from business activities": 17013,
        "Profit": -965,
        "Profit before tax": 6815,
        "Present corporate income tax expenses": 6091,
        "Deferred income taxes expenses": -66,
        "The interests of minority shareholders": 46,
        "Total Cost of profits": 6071,
        "Profit after tax corporate income": 744,
        "Volume": 62122141,
        "Close of Quarter": 5.4,
        "EPS": 135.0,
        "Non-adjusted EPS": 193,
        "PE": 27.7,
        "Book Price": 7.8
      }
    },
    {
      "quarter": "Q3 2013",
      "income status": {
        "Net sales": 105793,
        "Cost of goods sold": 69308,
        "Gross Profit": 36485,
        "Financial expenses": 19175,
        "Of which: Interest expense": 16688,
        "Cost of sales": 88,
        "Enterprise cost management": 9022,
        "Total Operating Expenses": 28285,
        "Total revenue financing activities": 1396,
        "Net profit from business activities": 9595,
        "Profit": 161,
        "Profit before tax": 10046,
        "Present corporate income tax expenses": 436,
        "Deferred income taxes expenses": -95,
        "The interests of minority shareholders": -389,
        "Total Cost of profits": -48,
        "Profit after tax corporate income": 10094,
        "Volume": 62122141,
        "Close of Quarter": 3.8,
        "EPS": 53.2,
        "Non-adjusted EPS": 76,
        "PE": 50.4,
        "Book Price": 7.6
      }
    },
    {
      "quarter": "Q2 2013",
      "income status": {
        "Net sales": 149993,
        "Cost of goods sold": 125706,
        "Gross Profit": 24286,
        "Financial expenses": 10728,
        "Of which: Interest expense": 9285,
        "Cost of sales": -395,
        "Enterprise cost management": 6830,
        "Total Operating Expenses": 17163,
        "Total revenue financing activities": -10,
        "Net profit from business activities": 7113,
        "Profit": -1639,
        "Profit before tax": 5347,
        "Present corporate income tax expenses": 143,
        "Deferred income taxes expenses": "N/A",
        "The interests of minority shareholders": "N/A",
        "Total Cost of profits": 143,
        "Profit after tax corporate income": 5156,
        "Volume": 62122141,
        "Close of Quarter": 4.0,
        "EPS": -58.7,
        "Non-adjusted EPS": -84,
        "PE": -47.5,
        "Book Price": 7.8
      }
    },
    {
      "quarter": "Q1 2013",
      "income status": {
        "Net sales": 108477,
        "Cost of goods sold": 90283,
        "Gross Profit": 18194,
        "Financial expenses": 13786,
        "Of which: Interest expense": 15349,
        "Cost of sales": 422,
        "Enterprise cost management": 9082,
        "Total Operating Expenses": 23290,
        "Total revenue financing activities": 356,
        "Net profit from business activities": -4740,
        "Profit": 164,
        "Profit before tax": -4449,
        "Present corporate income tax expenses": 217,
        "Deferred income taxes expenses": -48,
        "The interests of minority shareholders": -594,
        "Total Cost of profits": -425,
        "Profit after tax corporate income": -4024,
        "Volume": 62122141,
        "Close of Quarter": 4.6,
        "EPS": 353.2,
        "Non-adjusted EPS": 505,
        "PE": 9.0,
        "Book Price": 7.3
      }
    },
    {
      "quarter": "Q4 2012",
      "income status": {
        "Net sales": 205760,
        "Cost of goods sold": 175393,
        "Gross Profit": 30367,
        "Financial expenses": 26167,
        "Of which: Interest expense": 27213,
        "Cost of sales": 291,
        "Enterprise cost management": 12949,
        "Total Operating Expenses": 39407,
        "Total revenue financing activities": 554,
        "Net profit from business activities": -8485,
        "Profit": 1090,
        "Profit before tax": -7048,
        "Present corporate income tax expenses": 90,
        "Deferred income taxes expenses": "N/A",
        "The interests of minority shareholders": -631,
        "Total Cost of profits": -541,
        "Profit after tax corporate income": -6507,
        "Volume": 62122141,
        "Close of Quarter": 5.1,
        "EPS": 458.1,
        "Non-adjusted EPS": 655,
        "PE": 7.8,
        "Book Price": 7.7
      }
    },
    {
      "quarter": "Q3 2012",
      "income status": {
        "Net sales": 108705,
        "Cost of goods sold": 84529,
        "Gross Profit": 24176,
        "Financial expenses": 12596,
        "Of which: Interest expense": 10328,
        "Cost of sales": 406,
        "Enterprise cost management": 9635,
        "Total Operating Expenses": 22637,
        "Total revenue financing activities": 3354,
        "Net profit from business activities": 4892,
        "Profit": 353,
        "Profit before tax": 145,
        "Present corporate income tax expenses": 441,
        "Deferred income taxes expenses": "N/A",
        "The interests of minority shareholders": -435,
        "Total Cost of profits": 6,
        "Profit after tax corporate income": 139,
        "Volume": 62122141,
        "Close of Quarter": 4.9,
        "EPS": 938.5,
        "Non-adjusted EPS": 1342,
        "PE": 3.6,
        "Book Price": 7.8
      }
    },
    {
      "quarter": "Q2 2012",
      "income status": {
        "Net sales": 247447,
        "Cost of goods sold": 157352,
        "Gross Profit": 90094,
        "Financial expenses": 21713,
        "Of which: Interest expense": 23161,
        "Cost of sales": 549,
        "Enterprise cost management": 17524,
        "Total Operating Expenses": 39786,
        "Total revenue financing activities": 2810,
        "Net profit from business activities": 53118,
        "Profit": 338,
        "Profit before tax": 49194,
        "Present corporate income tax expenses": 10292,
        "Deferred income taxes expenses": -123,
        "The interests of minority shareholders": -2733,
        "Total Cost of profits": 7436,
        "Profit after tax corporate income": 41758,
        "Volume": 62122141,
        "Close of Quarter": 5.5,
        "EPS": 1004.2,
        "Non-adjusted EPS": 1436,
        "PE": 3.8,
        "Book Price": 7.8
      }
    },
    {
      "quarter": "Q1 2012",
      "income status": {
        "Net sales": 102087,
        "Cost of goods sold": 68866,
        "Gross Profit": 33221,
        "Financial expenses": 14408,
        "Of which: Interest expense": 18931,
        "Cost of sales": 422,
        "Enterprise cost management": 8886,
        "Total Operating Expenses": 23716,
        "Total revenue financing activities": 793,
        "Net profit from business activities": 10297,
        "Profit": 1903,
        "Profit before tax": 11237,
        "Present corporate income tax expenses": 6128,
        "Deferred income taxes expenses": "N/A",
        "The interests of minority shareholders": -186,
        "Total Cost of profits": 5942,
        "Profit after tax corporate income": 5296,
        "Volume": 62122141,
        "Close of Quarter": 4.4,
        "EPS": 301.4,
        "Non-adjusted EPS": 431,
        "PE": 10.2,
        "Book Price": 7.3
      }
    },
    {
      "quarter": "Q4 2011",
      "income status": {
        "Net sales": 241582,
        "Cost of goods sold": 173674,
        "Gross Profit": 67908,
        "Financial expenses": 29348,
        "Of which: Interest expense": 18757,
        "Cost of sales": 391,
        "Enterprise cost management": 14333,
        "Total Operating Expenses": 44072,
        "Total revenue financing activities": 3798,
        "Net profit from business activities": 27633,
        "Profit": 1698,
        "Profit before tax": 25732,
        "Present corporate income tax expenses": 1931,
        "Deferred income taxes expenses": -13027,
        "The interests of minority shareholders": 651,
        "Total Cost of profits": -10445,
        "Profit after tax corporate income": 36177,
        "Volume": 62122141,
        "Close of Quarter": 2.4,
        "EPS": 248.3,
        "Non-adjusted EPS": 355,
        "PE": 6.8,
        "Book Price": 7.2
      }
    },
    {
      "quarter": "Q3 2011",
      "income status": {
        "Net sales": 148129,
        "Cost of goods sold": 114953,
        "Gross Profit": 33176,
        "Financial expenses": 18353,
        "Of which: Interest expense": 76767,
        "Cost of sales": 603,
        "Enterprise cost management": 8613,
        "Total Operating Expenses": 27569,
        "Total revenue financing activities": 5407,
        "Net profit from business activities": 11013,
        "Profit": -281,
        "Profit before tax": 7313,
        "Present corporate income tax expenses": 396,
        "Deferred income taxes expenses": -398,
        "The interests of minority shareholders": 1317,
        "Total Cost of profits": 1315,
        "Profit after tax corporate income": 5997,
        "Volume": 62742141,
        "Close of Quarter": 4.4,
        "EPS": -126.4,
        "Non-adjusted EPS": -179,
        "PE": -24.5,
        "Book Price": 6.9
      }
    },
    {
      "quarter": "Q2 2011",
      "income status": {
        "Net sales": 63596,
        "Cost of goods sold": 49184,
        "Gross Profit": 14411,
        "Financial expenses": 35941,
        "Of which: Interest expense": 18262,
        "Cost of sales": 277,
        "Enterprise cost management": 9761,
        "Total Operating Expenses": 45979,
        "Total revenue financing activities": 10592,
        "Net profit from business activities": -20976,
        "Profit": 744,
        "Profit before tax": -22477,
        "Present corporate income tax expenses": -123,
        "Deferred income taxes expenses": 41,
        "The interests of minority shareholders": -1676,
        "Total Cost of profits": -1758,
        "Profit after tax corporate income": -20719,
        "Volume": 62742141,
        "Close of Quarter": 4.3,
        "EPS": -138.4,
        "Non-adjusted EPS": -196,
        "PE": -21.9,
        "Book Price": 6.8
      }
    },
    {
      "quarter": "Q1 2011",
      "income status": {
        "Net sales": 79591,
        "Cost of goods sold": 60393,
        "Gross Profit": 19199,
        "Financial expenses": 14556,
        "Of which: Interest expense": 14169,
        "Cost of sales": 532,
        "Enterprise cost management": 7473,
        "Total Operating Expenses": 22561,
        "Total revenue financing activities": 1939,
        "Net profit from business activities": -1424,
        "Profit": 448,
        "Profit before tax": -656,
        "Present corporate income tax expenses": 266,
        "Deferred income taxes expenses": -41,
        "The interests of minority shareholders": -1459,
        "Total Cost of profits": -1234,
        "Profit after tax corporate income": 577,
        "Volume": 62742141,
        "Close of Quarter": 5.8,
        "EPS": 241.6,
        "Non-adjusted EPS": 342,
        "PE": 16.9,
        "Book Price": 7.4
      }
    },
    {
      "quarter": "Q4 2010",
      "income status": {
        "Net sales": 153502,
        "Cost of goods sold": 126001,
        "Gross Profit": 27501,
        "Financial expenses": 24496,
        "Of which: Interest expense": 20353,
        "Cost of sales": 491,
        "Enterprise cost management": 11991,
        "Total Operating Expenses": 36978,
        "Total revenue financing activities": 7477,
        "Net profit from business activities": -1999,
        "Profit": 8940,
        "Profit before tax": 7032,
        "Present corporate income tax expenses": 2516,
        "Deferred income taxes expenses": 131,
        "The interests of minority shareholders": 1475,
        "Total Cost of profits": 4122,
        "Profit after tax corporate income": 2910,
        "Volume": 62742141,
        "Close of Quarter": 7.7,
        "EPS": 302.3,
        "Non-adjusted EPS": 428,
        "PE": 18.0,
        "Book Price": 7.4
      }
    },
    {
      "quarter": "Q3 2010",
      "income status": {
        "Net sales": 54817,
        "Cost of goods sold": 44327,
        "Gross Profit": 10490,
        "Financial expenses": 21809,
        "Of which: Interest expense": 20873,
        "Cost of sales": 439,
        "Enterprise cost management": 8224,
        "Total Operating Expenses": 30472,
        "Total revenue financing activities": 2374,
        "Net profit from business activities": -17607,
        "Profit": 23359,
        "Profit before tax": 6074,
        "Present corporate income tax expenses": 981,
        "Deferred income taxes expenses": "N/A",
        "The interests of minority shareholders": 162,
        "Total Cost of profits": 1143,
        "Profit after tax corporate income": 4931,
        "Volume": 31721080,
        "Close of Quarter": 9.3,
        "EPS": 581.3,
        "Non-adjusted EPS": 1628,
        "PE": 5.7,
        "Book Price": 7.5
      }
    },
    {
      "quarter": "Q2 2010",
      "income status": {
        "Net sales": 80296,
        "Cost of goods sold": 59333,
        "Gross Profit": 20963,
        "Financial expenses": 23288,
        "Of which: Interest expense": 23737,
        "Cost of sales": 409,
        "Enterprise cost management": 10867,
        "Total Operating Expenses": 34564,
        "Total revenue financing activities": 26216,
        "Net profit from business activities": 12615,
        "Profit": 1023,
        "Profit before tax": 15738,
        "Present corporate income tax expenses": 2974,
        "Deferred income taxes expenses": "N/A",
        "The interests of minority shareholders": -264,
        "Total Cost of profits": 2710,
        "Profit after tax corporate income": 13028,
        "Volume": 31721080,
        "Close of Quarter": 11.9,
        "EPS": 627.8,
        "Non-adjusted EPS": 1758,
        "PE": 6.8,
        "Book Price": 3.9
      }
    },
    {
      "quarter": "Q1 2010",
      "income status": {
        "Net sales": 67432,
        "Cost of goods sold": 56267,
        "Gross Profit": 11165,
        "Financial expenses": 17814,
        "Of which: Interest expense": 16576,
        "Cost of sales": 445,
        "Enterprise cost management": 6274,
        "Total Operating Expenses": 24533,
        "Total revenue financing activities": 19375,
        "Net profit from business activities": 6007,
        "Profit": 528,
        "Profit before tax": 6863,
        "Present corporate income tax expenses": 887,
        "Deferred income taxes expenses": "N/A",
        "The interests of minority shareholders": -16,
        "Total Cost of profits": 871,
        "Profit after tax corporate income": 5992,
        "Volume": 31721080,
        "Close of Quarter": 7.2,
        "EPS": 1345.1,
        "Non-adjusted EPS": 3767,
        "PE": 1.9,
        "Book Price": 4.6
      }
    },
    {
      "quarter": "Q4 2009",
      "income status": {
        "Net sales": 196691,
        "Cost of goods sold": 173307,
        "Gross Profit": 23383,
        "Financial expenses": 28288,
        "Of which: Interest expense": 32540,
        "Cost of sales": 481,
        "Enterprise cost management": 12209,
        "Total Operating Expenses": 40978,
        "Total revenue financing activities": 25761,
        "Net profit from business activities": 8166,
        "Profit": 35906,
        "Profit before tax": 45519,
        "Present corporate income tax expenses": 10624,
        "Deferred income taxes expenses": "N/A",
        "The interests of minority shareholders": 7210,
        "Total Cost of profits": 17834,
        "Profit after tax corporate income": 27685,
        "Volume": 31721080,
        "Close of Quarter": 6.8,
        "EPS": 987.7,
        "Non-adjusted EPS": 2766,
        "PE": 2.4,
        "Book Price": 4.6
      }
    },
    {
      "quarter": "Q3 2009",
      "income status": {
        "Net sales": 154550,
        "Cost of goods sold": 128118,
        "Gross Profit": 26432,
        "Financial expenses": 18272,
        "Of which: Interest expense": 15313,
        "Cost of sales": 346,
        "Enterprise cost management": 7513,
        "Total Operating Expenses": 26131,
        "Total revenue financing activities": 1577,
        "Net profit from business activities": 1878,
        "Profit": 2501,
        "Profit before tax": 9339,
        "Present corporate income tax expenses": 561,
        "Deferred income taxes expenses": "N/A",
        "The interests of minority shareholders": -279,
        "Total Cost of profits": 282,
        "Profit after tax corporate income": 9057,
        "Volume": 31721080,
        "Close of Quarter": 8.6,
        "EPS": 1317.3,
        "Non-adjusted EPS": 3689,
        "PE": 2.3,
        "Book Price": 4.1
      }
    },
    {
      "quarter": "Q2 2009",
      "income status": {
        "Net sales": 111487,
        "Cost of goods sold": 98282,
        "Gross Profit": 13206,
        "Financial expenses": 16795,
        "Of which: Interest expense": "N/A",
        "Cost of sales": 718,
        "Enterprise cost management": 6224,
        "Total Operating Expenses": 23737,
        "Total revenue financing activities": 369,
        "Net profit from business activities": -10162,
        "Profit": 89740,
        "Profit before tax": 82392,
        "Present corporate income tax expenses": 5903,
        "Deferred income taxes expenses": "N/A",
        "The interests of minority shareholders": -279,
        "Total Cost of profits": 5624,
        "Profit after tax corporate income": 76768,
        "Volume": 31721080,
        "Close of Quarter": 6.1,
        "EPS": 728.5,
        "Non-adjusted EPS": 2040,
        "PE": 3.0,
        "Book Price": 4.1
      }
    },
    {
      "quarter": "Q1 2009",
      "income status": {
        "Net sales": 46657,
        "Cost of goods sold": 42260,
        "Gross Profit": 4397,
        "Financial expenses": 25845,
        "Of which: Interest expense": 25838,
        "Cost of sales": 564,
        "Enterprise cost management": 6673,
        "Total Operating Expenses": 33082,
        "Total revenue financing activities": 731,
        "Net profit from business activities": -27953,
        "Profit": 673,
        "Profit before tax": -26238,
        "Present corporate income tax expenses": 105,
        "Deferred income taxes expenses": "N/A",
        "The interests of minority shareholders": -562,
        "Total Cost of profits": -457,
        "Profit after tax corporate income": -25780,
        "Volume": 31721080,
        "Close of Quarter": 3.1,
        "EPS": -293.2,
        "Non-adjusted EPS": -821,
        "PE": -3.8,
        "Book Price": 3.3
      }
    },
    {
      "quarter": "Q4 2008",
      "income status": {
        "Net sales": 65591,
        "Cost of goods sold": 49122,
        "Gross Profit": 16469,
        "Financial expenses": 18093,
        "Of which: Interest expense": 16570,
        "Cost of sales": 613,
        "Enterprise cost management": 8587,
        "Total Operating Expenses": 27293,
        "Total revenue financing activities": 27519,
        "Net profit from business activities": 16696,
        "Profit": 44061,
        "Profit before tax": 57075,
        "Present corporate income tax expenses": 635,
        "Deferred income taxes expenses": "N/A",
        "The interests of minority shareholders": -519,
        "Total Cost of profits": 116,
        "Profit after tax corporate income": 56959,
        "Volume": 32000000,
        "Close of Quarter": 3.6,
        "EPS": 32.1,
        "Non-adjusted EPS": 89,
        "PE": 40.9,
        "Book Price": 3.6
      }
    },
    {
      "quarter": "Q3 2008",
      "income status": {
        "Net sales": 106653,
        "Cost of goods sold": 96831,
        "Gross Profit": 9821,
        "Financial expenses": 34190,
        "Of which: Interest expense": "N/A",
        "Cost of sales": 774,
        "Enterprise cost management": 6912,
        "Total Operating Expenses": 41876,
        "Total revenue financing activities": 660,
        "Net profit from business activities": -31396,
        "Profit": -2832,
        "Profit before tax": -44025,
        "Present corporate income tax expenses": 142,
        "Deferred income taxes expenses": "N/A",
        "The interests of minority shareholders": -916,
        "Total Cost of profits": -774,
        "Profit after tax corporate income": -43251,
        "Volume": 32000000,
        "Close of Quarter": 5.4,
        "EPS": -384,
        "Non-adjusted EPS": -1066,
        "PE": -5.1,
        "Book Price": 3.0
      }
    },
    {
      "quarter": "Q2 2008",
      "income status": {
        "Net sales": 136745,
        "Cost of goods sold": 123699,
        "Gross Profit": 13046,
        "Financial expenses": 18045,
        "Of which: Interest expense": "N/A",
        "Cost of sales": 458,
        "Enterprise cost management": 12090,
        "Total Operating Expenses": 30593,
        "Total revenue financing activities": 525,
        "Net profit from business activities": -17022,
        "Profit": 8,
        "Profit before tax": -16127,
        "Present corporate income tax expenses": 41,
        "Deferred income taxes expenses": "N/A",
        "The interests of minority shareholders": -2208,
        "Total Cost of profits": -2167,
        "Profit after tax corporate income": -13960,
        "Volume": 32000000,
        "Close of Quarter": 6.2,
        "EPS": 272.7,
        "Non-adjusted EPS": 757,
        "PE": 8.2,
        "Book Price": 3.5
      }
    },
    {
      "quarter": "Q1 2008",
      "income status": {
        "Net sales": 59923,
        "Cost of goods sold": 47636,
        "Gross Profit": 12287,
        "Financial expenses": 10830,
        "Of which: Interest expense": 10750,
        "Cost of sales": 172,
        "Enterprise cost management": 3321,
        "Total Operating Expenses": 14323,
        "Total revenue financing activities": 313,
        "Net profit from business activities": -1721,
        "Profit": 4511,
        "Profit before tax": 3977,
        "Present corporate income tax expenses": 399,
        "Deferred income taxes expenses": "N/A",
        "The interests of minority shareholders": 484,
        "Total Cost of profits": 883,
        "Profit after tax corporate income": 3094,
        "Volume": 32000000,
        "Close of Quarter": 11.1,
        "EPS": 603.0,
        "Non-adjusted EPS": 1674,
        "PE": 6.6,
        "Book Price": 3.6
      }
    },
    {
      "quarter": "Q4 2007",
      "income status": {
        "Net sales": 43129,
        "Cost of goods sold": 38461,
        "Gross Profit": 4669,
        "Financial expenses": 11841,
        "Of which: Interest expense": 9922,
        "Cost of sales": 66,
        "Enterprise cost management": 4759,
        "Total Operating Expenses": 16666,
        "Total revenue financing activities": 13310,
        "Net profit from business activities": 1313,
        "Profit": 20103,
        "Profit before tax": 21416,
        "Present corporate income tax expenses": 1416,
        "Deferred income taxes expenses": "N/A",
        "The interests of minority shareholders": "N/A",
        "Total Cost of profits": 1416,
        "Profit after tax corporate income": 20000,
        "Volume": 32000000,
        "Close of Quarter": 24.5,
        "EPS": 705.3,
        "Non-adjusted EPS": 1958,
        "PE": 12.5,
        "Book Price": 4.2
      }
    },
    {
      "quarter": "Q3 2007",
      "income status": {
        "Net sales": 159990,
        "Cost of goods sold": 136190,
        "Gross Profit": 23800,
        "Financial expenses": 6257,
        "Of which: Interest expense": 4780,
        "Cost of sales": 1702,
        "Enterprise cost management": 7404,
        "Total Operating Expenses": 15363,
        "Total revenue financing activities": 200,
        "Net profit from business activities": 8637,
        "Profit": 5161,
        "Profit before tax": 15885,
        "Present corporate income tax expenses": 443,
        "Deferred income taxes expenses": "N/A",
        "The interests of minority shareholders": 362,
        "Total Cost of profits": 805,
        "Profit after tax corporate income": 15080,
        "Volume": 32000000,
        "Close of Quarter": 24.3,
        "EPS": 480.2,
        "Non-adjusted EPS": 1333,
        "PE": 18.2,
        "Book Price": 4.0
      }
    },
    {
      "quarter": "Q2 2007",
      "income status": {
        "Net sales": 149517,
        "Cost of goods sold": 130477,
        "Gross Profit": 19040,
        "Financial expenses": 6084,
        "Of which: Interest expense": 1297,
        "Cost of sales": 516,
        "Enterprise cost management": 6214,
        "Total Operating Expenses": 12814,
        "Total revenue financing activities": 2361,
        "Net profit from business activities": 8587,
        "Profit": 4178,
        "Profit before tax": 15138,
        "Present corporate income tax expenses": 211,
        "Deferred income taxes expenses": "N/A",
        "The interests of minority shareholders": -467,
        "Total Cost of profits": -256,
        "Profit after tax corporate income": 15393,
        "Volume": 32000000,
        "Close of Quarter": "N/A",
        "EPS": 310.5,
        "Non-adjusted EPS": 862,
        "PE": "N/A",
        "Book Price": 3.8
      }
    },
    {
      "quarter": "Q1 2007",
      "income status": {
        "Net sales": 99166,
        "Cost of goods sold": 82987,
        "Gross Profit": 16179,
        "Financial expenses": 7756,
        "Of which: Interest expense": 4668,
        "Cost of sales": 33,
        "Enterprise cost management": 2737,
        "Total Operating Expenses": 10526,
        "Total revenue financing activities": 1609,
        "Net profit from business activities": 7261,
        "Profit": 4929,
        "Profit before tax": 12191,
        "Present corporate income tax expenses": "N/A",
        "Deferred income taxes expenses": "N/A",
        "The interests of minority shareholders": "N/A",
        "Total Cost of profits": 0,
        "Profit after tax corporate income": 12191,
        "Volume": 32000000,
        "Close of Quarter": "N/A",
        "EPS": 137.2,
        "Non-adjusted EPS": 381,
        "PE": "N/A",
        "Book Price": 3.6
      }
    }
  ]
}