{
  "ticker": "VNS",
  "data": [
    {
      "quarter": "Q1 2017",
      "income status": {
        "Net sales": 1093236,
        "Cost of goods sold": 944168,
        "Gross Profit": 149068,
        "Financial expenses": 21503,
        "Of which: Interest expense": 21503,
        "Cost of sales": 55161,
        "Enterprise cost management": 31857,
        "Total Operating Expenses": 108521,
        "Total revenue financing activities": 710,
        "Net profit from business activities": 41257,
        "Profit": 27610,
        "Profit before tax": 68867,
        "Present corporate income tax expenses": 13773,
        "Deferred income taxes expenses": "N/A",
        "The interests of minority shareholders": 426,
        "Total Cost of profits": 14199,
        "Profit after tax corporate income": 54667,
        "Volume": 67859192,
        "Close of Quarter": 27.0,
        "EPS": 4366,
        "Non-adjusted EPS": 4366,
        "PE": 6.2,
        "Book Price": 23.7
      }
    },
    {
      "quarter": "Q4 2016",
      "income status": {
        "Net sales": 1078195,
        "Cost of goods sold": 929611,
        "Gross Profit": 148583,
        "Financial expenses": 20858,
        "Of which: Interest expense": 20858,
        "Cost of sales": 54437,
        "Enterprise cost management": 32887,
        "Total Operating Expenses": 108182,
        "Total revenue financing activities": 1534,
        "Net profit from business activities": 41935,
        "Profit": 51625,
        "Profit before tax": 93560,
        "Present corporate income tax expenses": 23789,
        "Deferred income taxes expenses": -319,
        "The interests of minority shareholders": 272,
        "Total Cost of profits": 23742,
        "Profit after tax corporate income": 69817,
        "Volume": 67859192,
        "Close of Quarter": 31.7,
        "EPS": 4582,
        "Non-adjusted EPS": 4582,
        "PE": 6.9,
        "Book Price": 22.9
      }
    },
    {
      "quarter": "Q3 2016",
      "income status": {
        "Net sales": 1183977,
        "Cost of goods sold": 1008924,
        "Gross Profit": 175054,
        "Financial expenses": 21742,
        "Of which: Interest expense": 21742,
        "Cost of sales": 55301,
        "Enterprise cost management": 31124,
        "Total Operating Expenses": 108167,
        "Total revenue financing activities": 2254,
        "Net profit from business activities": 69142,
        "Profit": 46680,
        "Profit before tax": 115822,
        "Present corporate income tax expenses": 23219,
        "Deferred income taxes expenses": "N/A",
        "The interests of minority shareholders": 733,
        "Total Cost of profits": 23952,
        "Profit after tax corporate income": 91870,
        "Volume": 67859192,
        "Close of Quarter": 33.5,
        "EPS": 4606,
        "Non-adjusted EPS": 4606,
        "PE": 7.3,
        "Book Price": 24.4
      }
    },
    {
      "quarter": "Q2 2016",
      "income status": {
        "Net sales": 1122930,
        "Cost of goods sold": 963948,
        "Gross Profit": 158982,
        "Financial expenses": 19207,
        "Of which: Interest expense": 19206,
        "Cost of sales": 53192,
        "Enterprise cost management": 32925,
        "Total Operating Expenses": 105324,
        "Total revenue financing activities": 2205,
        "Net profit from business activities": 55863,
        "Profit": 44749,
        "Profit before tax": 100612,
        "Present corporate income tax expenses": 20122,
        "Deferred income taxes expenses": "N/A",
        "The interests of minority shareholders": 550,
        "Total Cost of profits": 20672,
        "Profit after tax corporate income": 79939,
        "Volume": 67859192,
        "Close of Quarter": 27.3,
        "EPS": 4693,
        "Non-adjusted EPS": 4693,
        "PE": 5.8,
        "Book Price": 23
      }
    },
    {
      "quarter": "Q1 2016",
      "income status": {
        "Net sales": 1134428,
        "Cost of goods sold": 971179,
        "Gross Profit": 163249,
        "Financial expenses": 19459,
        "Of which: Interest expense": 19459,
        "Cost of sales": 54011,
        "Enterprise cost management": 34205,
        "Total Operating Expenses": 107675,
        "Total revenue financing activities": 2305,
        "Net profit from business activities": 57880,
        "Profit": 28925,
        "Profit before tax": 86805,
        "Present corporate income tax expenses": 17361,
        "Deferred income taxes expenses": "N/A",
        "The interests of minority shareholders": 148,
        "Total Cost of profits": 17509,
        "Profit after tax corporate income": 69296,
        "Volume": 67859192,
        "Close of Quarter": 24.0,
        "EPS": 4789,
        "Non-adjusted EPS": 4789,
        "PE": 5.0,
        "Book Price": 23
      }
    },
    {
      "quarter": "Q4 2015",
      "income status": {
        "Net sales": 1048761,
        "Cost of goods sold": 901700,
        "Gross Profit": 147060,
        "Financial expenses": 18735,
        "Of which: Interest expense": 18734,
        "Cost of sales": 49100,
        "Enterprise cost management": 23786,
        "Total Operating Expenses": 91621,
        "Total revenue financing activities": 2902,
        "Net profit from business activities": 58341,
        "Profit": 39072,
        "Profit before tax": 97413,
        "Present corporate income tax expenses": 26787,
        "Deferred income taxes expenses": -900,
        "The interests of minority shareholders": 38,
        "Total Cost of profits": 25925,
        "Profit after tax corporate income": 71488,
        "Volume": 67859192,
        "Close of Quarter": 27.1,
        "EPS": 4837,
        "Non-adjusted EPS": 4837,
        "PE": 5.6,
        "Book Price": 21.2
      }
    },
    {
      "quarter": "Q3 2015",
      "income status": {
        "Net sales": 1118872,
        "Cost of goods sold": 946965,
        "Gross Profit": 171906,
        "Financial expenses": 18115,
        "Of which: Interest expense": 18115,
        "Cost of sales": 49231,
        "Enterprise cost management": 20071,
        "Total Operating Expenses": 87417,
        "Total revenue financing activities": 2418,
        "Net profit from business activities": 86907,
        "Profit": 38987,
        "Profit before tax": 125893,
        "Present corporate income tax expenses": 27697,
        "Deferred income taxes expenses": "N/A",
        "The interests of minority shareholders": 438,
        "Total Cost of profits": 28135,
        "Profit after tax corporate income": 97759,
        "Volume": 67859192,
        "Close of Quarter": 27.4,
        "EPS": 4881,
        "Non-adjusted EPS": 4881,
        "PE": 5.6,
        "Book Price": 22.6
      }
    },
    {
      "quarter": "Q2 2015",
      "income status": {
        "Net sales": 1068062,
        "Cost of goods sold": 896375,
        "Gross Profit": 171687,
        "Financial expenses": 17026,
        "Of which: Interest expense": 17026,
        "Cost of sales": 46382,
        "Enterprise cost management": 35338,
        "Total Operating Expenses": 98746,
        "Total revenue financing activities": 1982,
        "Net profit from business activities": 74922,
        "Profit": 36493,
        "Profit before tax": 111415,
        "Present corporate income tax expenses": 24511,
        "Deferred income taxes expenses": "N/A",
        "The interests of minority shareholders": 451,
        "Total Cost of profits": 24962,
        "Profit after tax corporate income": 86453,
        "Volume": 56549516,
        "Close of Quarter": 28.8,
        "EPS": 4674.2,
        "Non-adjusted EPS": 5609,
        "PE": 5.1,
        "Book Price": 21.2
      }
    },
    {
      "quarter": "Q1 2015",
      "income status": {
        "Net sales": 1016469,
        "Cost of goods sold": 862546,
        "Gross Profit": 153923,
        "Financial expenses": 17119,
        "Of which: Interest expense": 17119,
        "Cost of sales": 44609,
        "Enterprise cost management": 31396,
        "Total Operating Expenses": 93124,
        "Total revenue financing activities": 2116,
        "Net profit from business activities": 62916,
        "Profit": 30314,
        "Profit before tax": 93230,
        "Present corporate income tax expenses": 20511,
        "Deferred income taxes expenses": "N/A",
        "The interests of minority shareholders": 159,
        "Total Cost of profits": 20670,
        "Profit after tax corporate income": 72561,
        "Volume": 56549516,
        "Close of Quarter": 29.4,
        "EPS": 4497.5,
        "Non-adjusted EPS": 5397,
        "PE": 5.5,
        "Book Price": 20.3
      }
    },
    {
      "quarter": "Q4 2014",
      "income status": {
        "Net sales": 966012,
        "Cost of goods sold": 810916,
        "Gross Profit": 155095,
        "Financial expenses": 16597,
        "Of which: Interest expense": 16597,
        "Cost of sales": 39927,
        "Enterprise cost management": 25908,
        "Total Operating Expenses": 82432,
        "Total revenue financing activities": 2480,
        "Net profit from business activities": 75144,
        "Profit": 26460,
        "Profit before tax": 101604,
        "Present corporate income tax expenses": 27207,
        "Deferred income taxes expenses": -157,
        "The interests of minority shareholders": 94,
        "Total Cost of profits": 27144,
        "Profit after tax corporate income": 74461,
        "Volume": 56549516,
        "Close of Quarter": 31.4,
        "EPS": 4612.5,
        "Non-adjusted EPS": 5535,
        "PE": 5.7,
        "Book Price": 19.2
      }
    },
    {
      "quarter": "Q3 2014",
      "income status": {
        "Net sales": 1001781,
        "Cost of goods sold": 833340,
        "Gross Profit": 168441,
        "Financial expenses": 16696,
        "Of which: Interest expense": 16693,
        "Cost of sales": 38787,
        "Enterprise cost management": 25362,
        "Total Operating Expenses": 80845,
        "Total revenue financing activities": 2177,
        "Net profit from business activities": 89773,
        "Profit": 18123,
        "Profit before tax": 107896,
        "Present corporate income tax expenses": 24240,
        "Deferred income taxes expenses": -503,
        "The interests of minority shareholders": 432,
        "Total Cost of profits": 24169,
        "Profit after tax corporate income": 83727,
        "Volume": 56549516,
        "Close of Quarter": 31.3,
        "EPS": 4265.0,
        "Non-adjusted EPS": 5118,
        "PE": 6.1,
        "Book Price": 20.3
      }
    },
    {
      "quarter": "Q2 2014",
      "income status": {
        "Net sales": 903980,
        "Cost of goods sold": 750190,
        "Gross Profit": 153791,
        "Financial expenses": 16239,
        "Of which: Interest expense": 16239,
        "Cost of sales": 36754,
        "Enterprise cost management": 23827,
        "Total Operating Expenses": 76820,
        "Total revenue financing activities": 1701,
        "Net profit from business activities": 78671,
        "Profit": 17096,
        "Profit before tax": 95768,
        "Present corporate income tax expenses": 21069,
        "Deferred income taxes expenses": "N/A",
        "The interests of minority shareholders": 275,
        "Total Cost of profits": 21344,
        "Profit after tax corporate income": 74424,
        "Volume": 43499818,
        "Close of Quarter": 30.5,
        "EPS": 4137.9,
        "Non-adjusted EPS": 6455,
        "PE": 4.7,
        "Book Price": 19.0
      }
    },
    {
      "quarter": "Q1 2014",
      "income status": {
        "Net sales": 899986,
        "Cost of goods sold": 748625,
        "Gross Profit": 151361,
        "Financial expenses": 14997,
        "Of which: Interest expense": 14997,
        "Cost of sales": 35264,
        "Enterprise cost management": 27943,
        "Total Operating Expenses": 78204,
        "Total revenue financing activities": 1344,
        "Net profit from business activities": 74501,
        "Profit": 28745,
        "Profit before tax": 103245,
        "Present corporate income tax expenses": 22714,
        "Deferred income taxes expenses": "N/A",
        "The interests of minority shareholders": 149,
        "Total Cost of profits": 22863,
        "Profit after tax corporate income": 80382,
        "Volume": 43499818,
        "Close of Quarter": 26.7,
        "EPS": 3764.1,
        "Non-adjusted EPS": 5872,
        "PE": 4.6,
        "Book Price": 18.3
      }
    },
    {
      "quarter": "Q4 2013",
      "income status": {
        "Net sales": 804876,
        "Cost of goods sold": 667546,
        "Gross Profit": 137330,
        "Financial expenses": 13391,
        "Of which: Interest expense": 13390,
        "Cost of sales": 34651,
        "Enterprise cost management": 26097,
        "Total Operating Expenses": 74139,
        "Total revenue financing activities": 554,
        "Net profit from business activities": 63745,
        "Profit": 6950,
        "Profit before tax": 70696,
        "Present corporate income tax expenses": 20193,
        "Deferred income taxes expenses": -440,
        "The interests of minority shareholders": 56,
        "Total Cost of profits": 19809,
        "Profit after tax corporate income": 50887,
        "Volume": 43499818,
        "Close of Quarter": 26.2,
        "EPS": 3297.5,
        "Non-adjusted EPS": 5144,
        "PE": 5.1,
        "Book Price": 17.0
      }
    },
    {
      "quarter": "Q3 2013",
      "income status": {
        "Net sales": 818123,
        "Cost of goods sold": 680473,
        "Gross Profit": 137650,
        "Financial expenses": 13140,
        "Of which: Interest expense": 13500,
        "Cost of sales": 31359,
        "Enterprise cost management": 21609,
        "Total Operating Expenses": 66108,
        "Total revenue financing activities": 103,
        "Net profit from business activities": 71645,
        "Profit": 28884,
        "Profit before tax": 100529,
        "Present corporate income tax expenses": 25132,
        "Deferred income taxes expenses": "N/A",
        "The interests of minority shareholders": 304,
        "Total Cost of profits": 25436,
        "Profit after tax corporate income": 75093,
        "Volume": 40499818,
        "Close of Quarter": 22.9,
        "EPS": 3254.5,
        "Non-adjusted EPS": 5453,
        "PE": 4.2,
        "Book Price": 15.9
      }
    },
    {
      "quarter": "Q2 2013",
      "income status": {
        "Net sales": 767055,
        "Cost of goods sold": 632815,
        "Gross Profit": 134240,
        "Financial expenses": 18702,
        "Of which: Interest expense": 18702,
        "Cost of sales": 31850,
        "Enterprise cost management": 19992,
        "Total Operating Expenses": 70544,
        "Total revenue financing activities": 100,
        "Net profit from business activities": 63796,
        "Profit": 1954,
        "Profit before tax": 65750,
        "Present corporate income tax expenses": 16437,
        "Deferred income taxes expenses": "N/A",
        "The interests of minority shareholders": 250,
        "Total Cost of profits": 16687,
        "Profit after tax corporate income": 49062,
        "Volume": 29999997,
        "Close of Quarter": 19.5,
        "EPS": 2607.9,
        "Non-adjusted EPS": 5899,
        "PE": 3.3,
        "Book Price": 14.8
      }
    },
    {
      "quarter": "Q1 2013",
      "income status": {
        "Net sales": 768007,
        "Cost of goods sold": 640979,
        "Gross Profit": 127028,
        "Financial expenses": 20367,
        "Of which: Interest expense": 20367,
        "Cost of sales": 31175,
        "Enterprise cost management": 18186,
        "Total Operating Expenses": 69728,
        "Total revenue financing activities": 113,
        "Net profit from business activities": 57412,
        "Profit": 7660,
        "Profit before tax": 65072,
        "Present corporate income tax expenses": 16268,
        "Deferred income taxes expenses": "N/A",
        "The interests of minority shareholders": 103,
        "Total Cost of profits": 16371,
        "Profit after tax corporate income": 48701,
        "Volume": 29999997,
        "Close of Quarter": 13.6,
        "EPS": 2294.9,
        "Non-adjusted EPS": 5191,
        "PE": 2.6,
        "Book Price": 14.5
      }
    },
    {
      "quarter": "Q4 2012",
      "income status": {
        "Net sales": 695566,
        "Cost of goods sold": 575595,
        "Gross Profit": 119971,
        "Financial expenses": 22685,
        "Of which: Interest expense": 22084,
        "Cost of sales": 29655,
        "Enterprise cost management": 17350,
        "Total Operating Expenses": 69690,
        "Total revenue financing activities": 139,
        "Net profit from business activities": 50419,
        "Profit": 15813,
        "Profit before tax": 66233,
        "Present corporate income tax expenses": 18183,
        "Deferred income taxes expenses": "N/A",
        "The interests of minority shareholders": 66,
        "Total Cost of profits": 18249,
        "Profit after tax corporate income": 47983,
        "Volume": 29999997,
        "Close of Quarter": 9.2,
        "EPS": 2160.1,
        "Non-adjusted EPS": 4886,
        "PE": 1.9,
        "Book Price": 13.8
      }
    },
    {
      "quarter": "Q2 2012",
      "income status": {
        "Net sales": 660154,
        "Cost of goods sold": 545418,
        "Gross Profit": 114737,
        "Financial expenses": 33210,
        "Of which: Interest expense": 33210,
        "Cost of sales": 26819,
        "Enterprise cost management": 14082,
        "Total Operating Expenses": 74111,
        "Total revenue financing activities": 319,
        "Net profit from business activities": 40945,
        "Profit": 862,
        "Profit before tax": 41808,
        "Present corporate income tax expenses": 10336,
        "Deferred income taxes expenses": "N/A",
        "The interests of minority shareholders": 248,
        "Total Cost of profits": 10584,
        "Profit after tax corporate income": 31223,
        "Volume": 29999997,
        "Close of Quarter": 9.0,
        "EPS": 2020.8,
        "Non-adjusted EPS": 4571,
        "PE": 2.0,
        "Book Price": 13.4
      }
    },
    {
      "quarter": "Q1 2012",
      "income status": {
        "Net sales": 657914,
        "Cost of goods sold": 566188,
        "Gross Profit": 91726,
        "Financial expenses": 32615,
        "Of which: Interest expense": 32615,
        "Cost of sales": 10207,
        "Enterprise cost management": 12877,
        "Total Operating Expenses": 55699,
        "Total revenue financing activities": 267,
        "Net profit from business activities": 36294,
        "Profit": 840,
        "Profit before tax": 37134,
        "Present corporate income tax expenses": 9399,
        "Deferred income taxes expenses": "N/A",
        "The interests of minority shareholders": -92,
        "Total Cost of profits": 9307,
        "Profit after tax corporate income": 27827,
        "Volume": 29999997,
        "Close of Quarter": 9.1,
        "EPS": 1973.1,
        "Non-adjusted EPS": 4463,
        "PE": 2.1,
        "Book Price": 13.0
      }
    },
    {
      "quarter": "Q4 2011",
      "income status": {
        "Net sales": 591349,
        "Cost of goods sold": 519890,
        "Gross Profit": 71459,
        "Financial expenses": 30704,
        "Of which: Interest expense": 30184,
        "Cost of sales": 1896,
        "Enterprise cost management": 15555,
        "Total Operating Expenses": 48155,
        "Total revenue financing activities": 560,
        "Net profit from business activities": 23863,
        "Profit": 29527,
        "Profit before tax": 53389,
        "Present corporate income tax expenses": 14183,
        "Deferred income taxes expenses": "N/A",
        "The interests of minority shareholders": -327,
        "Total Cost of profits": 13856,
        "Profit after tax corporate income": 39533,
        "Volume": 29999997,
        "Close of Quarter": 6.9,
        "EPS": 1958.0,
        "Non-adjusted EPS": 4429,
        "PE": 1.6,
        "Book Price": 12.6
      }
    },
    {
      "quarter": "Q3 2011",
      "income status": {
        "Net sales": 594649,
        "Cost of goods sold": 512492,
        "Gross Profit": 82158,
        "Financial expenses": 31967,
        "Of which: Interest expense": 31967,
        "Cost of sales": 1398,
        "Enterprise cost management": 12039,
        "Total Operating Expenses": 45404,
        "Total revenue financing activities": 1134,
        "Net profit from business activities": 37887,
        "Profit": 13647,
        "Profit before tax": 124604,
        "Present corporate income tax expenses": 12884,
        "Deferred income taxes expenses": "N/A",
        "The interests of minority shareholders": 108,
        "Total Cost of profits": 12992,
        "Profit after tax corporate income": 38543,
        "Volume": 29999997,
        "Close of Quarter": 7.2,
        "EPS": 1798.0,
        "Non-adjusted EPS": 4067,
        "PE": 1.8,
        "Book Price": 12.9
      }
    },
    {
      "quarter": "Q2 2011",
      "income status": {
        "Net sales": 557393,
        "Cost of goods sold": 472030,
        "Gross Profit": 85363,
        "Financial expenses": 31823,
        "Of which: Interest expense": 31823,
        "Cost of sales": 1651,
        "Enterprise cost management": 15894,
        "Total Operating Expenses": 49368,
        "Total revenue financing activities": 311,
        "Net profit from business activities": 36306,
        "Profit": 993,
        "Profit before tax": 37300,
        "Present corporate income tax expenses": 9189,
        "Deferred income taxes expenses": "N/A",
        "The interests of minority shareholders": 114,
        "Total Cost of profits": 9303,
        "Profit after tax corporate income": 27997,
        "Volume": 29999997,
        "Close of Quarter": 6.9,
        "EPS": 2690.6,
        "Non-adjusted EPS": 6086,
        "PE": 1.1,
        "Book Price": 12.3
      }
    },
    {
      "quarter": "Q1 2011",
      "income status": {
        "Net sales": 530936,
        "Cost of goods sold": 450297,
        "Gross Profit": 80639,
        "Financial expenses": 30762,
        "Of which: Interest expense": 30762,
        "Cost of sales": 1904,
        "Enterprise cost management": 13765,
        "Total Operating Expenses": 46431,
        "Total revenue financing activities": 1105,
        "Net profit from business activities": 35314,
        "Profit": 456,
        "Profit before tax": 35770,
        "Present corporate income tax expenses": 9045,
        "Deferred income taxes expenses": "N/A",
        "The interests of minority shareholders": -82,
        "Total Cost of profits": 8963,
        "Profit after tax corporate income": 26807,
        "Volume": 29999997,
        "Close of Quarter": 7.4,
        "EPS": 2618.1,
        "Non-adjusted EPS": 5922,
        "PE": 1.3,
        "Book Price": 12.5
      }
    },
    {
      "quarter": "Q4 2010",
      "income status": {
        "Net sales": 456753,
        "Cost of goods sold": 387890,
        "Gross Profit": 68864,
        "Financial expenses": 25134,
        "Of which: Interest expense": 25134,
        "Cost of sales": 1552,
        "Enterprise cost management": 13410,
        "Total Operating Expenses": 40096,
        "Total revenue financing activities": 2357,
        "Net profit from business activities": 31125,
        "Profit": 7874,
        "Profit before tax": 38999,
        "Present corporate income tax expenses": 10330,
        "Deferred income taxes expenses": "N/A",
        "The interests of minority shareholders": "N/A",
        "Total Cost of profits": 10330,
        "Profit after tax corporate income": 28669,
        "Volume": 29999997,
        "Close of Quarter": 9.4,
        "EPS": 2650.8,
        "Non-adjusted EPS": 5996,
        "PE": 1.6,
        "Book Price": 12.1
      }
    },
    {
      "quarter": "Q3 2010",
      "income status": {
        "Net sales": 429390,
        "Cost of goods sold": 360730,
        "Gross Profit": 68660,
        "Financial expenses": 22963,
        "Of which: Interest expense": 22963,
        "Cost of sales": 1456,
        "Enterprise cost management": 10906,
        "Total Operating Expenses": 35325,
        "Total revenue financing activities": 2259,
        "Net profit from business activities": 35594,
        "Profit": 96560,
        "Profit before tax": 132154,
        "Present corporate income tax expenses": 33039,
        "Deferred income taxes expenses": "N/A",
        "The interests of minority shareholders": "N/A",
        "Total Cost of profits": 33039,
        "Profit after tax corporate income": 99116,
        "Volume": 29999997,
        "Close of Quarter": 9.4,
        "EPS": 2758.7,
        "Non-adjusted EPS": 6240,
        "PE": 1.5,
        "Book Price": 12.5
      }
    },
    {
      "quarter": "Q2 2010",
      "income status": {
        "Net sales": 388542,
        "Cost of goods sold": 325358,
        "Gross Profit": 63183,
        "Financial expenses": 21068,
        "Of which: Interest expense": 21068,
        "Cost of sales": 1439,
        "Enterprise cost management": 10641,
        "Total Operating Expenses": 33148,
        "Total revenue financing activities": 127,
        "Net profit from business activities": 30162,
        "Profit": 590,
        "Profit before tax": 30752,
        "Present corporate income tax expenses": 7688,
        "Deferred income taxes expenses": "N/A",
        "The interests of minority shareholders": "N/A",
        "Total Cost of profits": 7688,
        "Profit after tax corporate income": 23064,
        "Volume": 20000000,
        "Close of Quarter": 10.3,
        "EPS": 1653.4,
        "Non-adjusted EPS": 5610,
        "PE": 1.8,
        "Book Price": 11.0
      }
    },
    {
      "quarter": "Q1 2010",
      "income status": {
        "Net sales": 369011,
        "Cost of goods sold": 306636,
        "Gross Profit": 62375,
        "Financial expenses": 11434,
        "Of which: Interest expense": 11434,
        "Cost of sales": 1448,
        "Enterprise cost management": 11604,
        "Total Operating Expenses": 24486,
        "Total revenue financing activities": 521,
        "Net profit from business activities": 38410,
        "Profit": 300,
        "Profit before tax": 38710,
        "Present corporate income tax expenses": 9678,
        "Deferred income taxes expenses": "N/A",
        "The interests of minority shareholders": "N/A",
        "Total Cost of profits": 9678,
        "Profit after tax corporate income": 29033,
        "Volume": 20000000,
        "Close of Quarter": 10.1,
        "EPS": 1759.2,
        "Non-adjusted EPS": 5969,
        "PE": 1.7,
        "Book Price": 11.1
      }
    },
    {
      "quarter": "Q4 2009",
      "income status": {
        "Net sales": 305813,
        "Cost of goods sold": 254382,
        "Gross Profit": 51431,
        "Financial expenses": 9884,
        "Of which: Interest expense": 9884,
        "Cost of sales": 1285,
        "Enterprise cost management": 12073,
        "Total Operating Expenses": 23242,
        "Total revenue financing activities": 1699,
        "Net profit from business activities": 29887,
        "Profit": 18618,
        "Profit before tax": 48505,
        "Present corporate income tax expenses": 12531,
        "Deferred income taxes expenses": "N/A",
        "The interests of minority shareholders": "N/A",
        "Total Cost of profits": 12531,
        "Profit after tax corporate income": 35973,
        "Volume": 19490000,
        "Close of Quarter": 8.7,
        "EPS": 1583.7,
        "Non-adjusted EPS": 5514,
        "PE": 1.6,
        "Book Price": 10.5
      }
    },
    {
      "quarter": "Q3 2009",
      "income status": {
        "Net sales": 279597,
        "Cost of goods sold": 230389,
        "Gross Profit": 49207,
        "Financial expenses": 7889,
        "Of which: Interest expense": 7889,
        "Cost of sales": 1093,
        "Enterprise cost management": 8480,
        "Total Operating Expenses": 17462,
        "Total revenue financing activities": 323,
        "Net profit from business activities": 32069,
        "Profit": 99,
        "Profit before tax": 32167,
        "Present corporate income tax expenses": 8042,
        "Deferred income taxes expenses": "N/A",
        "The interests of minority shareholders": "N/A",
        "Total Cost of profits": 8042,
        "Profit after tax corporate income": 24125,
        "Volume": 16490000,
        "Close of Quarter": 10.0,
        "EPS": 1232.5,
        "Non-adjusted EPS": 5072,
        "PE": 2.0,
        "Book Price": 10.2
      }
    },
    {
      "quarter": "Q2 2009",
      "income status": {
        "Net sales": 247799,
        "Cost of goods sold": 201359,
        "Gross Profit": 46441,
        "Financial expenses": 8248,
        "Of which: Interest expense": 8248,
        "Cost of sales": 985,
        "Enterprise cost management": 9020,
        "Total Operating Expenses": 18253,
        "Total revenue financing activities": 117,
        "Net profit from business activities": 28304,
        "Profit": 12034,
        "Profit before tax": 40339,
        "Present corporate income tax expenses": 10085,
        "Deferred income taxes expenses": "N/A",
        "The interests of minority shareholders": "N/A",
        "Total Cost of profits": 10085,
        "Profit after tax corporate income": 30254,
        "Volume": 16490000,
        "Close of Quarter": 7.0,
        "EPS": 1037.9,
        "Non-adjusted EPS": 4271,
        "PE": 1.7,
        "Book Price": 8.3
      }
    },
    {
      "quarter": "Q1 2009",
      "income status": {
        "Net sales": 235394,
        "Cost of goods sold": 195498,
        "Gross Profit": 39897,
        "Financial expenses": 10481,
        "Of which: Interest expense": 10481,
        "Cost of sales": 1186,
        "Enterprise cost management": 8546,
        "Total Operating Expenses": 20213,
        "Total revenue financing activities": 55,
        "Net profit from business activities": 19738,
        "Profit": 3072,
        "Profit before tax": 22810,
        "Present corporate income tax expenses": 5703,
        "Deferred income taxes expenses": "N/A",
        "The interests of minority shareholders": "N/A",
        "Total Cost of profits": 5703,
        "Profit after tax corporate income": 17108,
        "Volume": 16490000,
        "Close of Quarter": 2.9,
        "EPS": 833.0,
        "Non-adjusted EPS": 3428,
        "PE": 0.9,
        "Book Price": 8.0
      }
    },
    {
      "quarter": "Q4 2008",
      "income status": {
        "Net sales": 229311,
        "Cost of goods sold": 201168,
        "Gross Profit": 28143,
        "Financial expenses": 17278,
        "Of which: Interest expense": 17278,
        "Cost of sales": 1549,
        "Enterprise cost management": 11035,
        "Total Operating Expenses": 29862,
        "Total revenue financing activities": 376,
        "Net profit from business activities": -1344,
        "Profit": 18639,
        "Profit before tax": 17295,
        "Present corporate income tax expenses": 5138,
        "Deferred income taxes expenses": "N/A",
        "The interests of minority shareholders": "N/A",
        "Total Cost of profits": 5138,
        "Profit after tax corporate income": 12157,
        "Volume": 17000000,
        "Close of Quarter": 3.3,
        "EPS": 825.5,
        "Non-adjusted EPS": 3295,
        "PE": 1,
        "Book Price": 7.9
      }
    },
    {
      "quarter": "Q3 2008",
      "income status": {
        "Net sales": 228716,
        "Cost of goods sold": 203281,
        "Gross Profit": 25435,
        "Financial expenses": 10964,
        "Of which: Interest expense": 10964,
        "Cost of sales": 1216,
        "Enterprise cost management": 6383,
        "Total Operating Expenses": 18563,
        "Total revenue financing activities": 318,
        "Net profit from business activities": 7191,
        "Profit": 7957,
        "Profit before tax": 15147,
        "Present corporate income tax expenses": 4241,
        "Deferred income taxes expenses": "N/A",
        "The interests of minority shareholders": "N/A",
        "Total Cost of profits": 4241,
        "Profit after tax corporate income": 10906,
        "Volume": 17000000,
        "Close of Quarter": 4.1,
        "EPS": 705.2,
        "Non-adjusted EPS": 2815,
        "PE": 1.4,
        "Book Price": 8.2
      }
    },
    {
      "quarter": "Q2 2008",
      "income status": {
        "Net sales": 193981,
        "Cost of goods sold": 168342,
        "Gross Profit": 25639,
        "Financial expenses": 5342,
        "Of which: Interest expense": 5342,
        "Cost of sales": 1228,
        "Enterprise cost management": 6363,
        "Total Operating Expenses": 12933,
        "Total revenue financing activities": 971,
        "Net profit from business activities": 13678,
        "Profit": 9032,
        "Profit before tax": 22710,
        "Present corporate income tax expenses": 6359,
        "Deferred income taxes expenses": "N/A",
        "The interests of minority shareholders": "N/A",
        "Total Cost of profits": 6359,
        "Profit after tax corporate income": 16351,
        "Volume": 17000000,
        "Close of Quarter": "N/A",
        "EPS": 574.9,
        "Non-adjusted EPS": 2295,
        "PE": "N/A",
        "Book Price": 8.0
      }
    },
    {
      "quarter": "Q1 2008",
      "income status": {
        "Net sales": 176153,
        "Cost of goods sold": 152848,
        "Gross Profit": 23305,
        "Financial expenses": 3001,
        "Of which: Interest expense": 3001,
        "Cost of sales": 677,
        "Enterprise cost management": 6004,
        "Total Operating Expenses": 9682,
        "Total revenue financing activities": 603,
        "Net profit from business activities": 14225,
        "Profit": 8825,
        "Profit before tax": 23050,
        "Present corporate income tax expenses": 6454,
        "Deferred income taxes expenses": "N/A",
        "The interests of minority shareholders": "N/A",
        "Total Cost of profits": 6454,
        "Profit after tax corporate income": 16596,
        "Volume": 17000000,
        "Close of Quarter": "N/A",
        "EPS": 333.9,
        "Non-adjusted EPS": 1333,
        "PE": "N/A",
        "Book Price": 8.1
      }
    },
    {
      "quarter": "Q2 2007",
      "income status": {
        "Net sales": 111930,
        "Cost of goods sold": 96302,
        "Gross Profit": 15627,
        "Financial expenses": 5222,
        "Of which: Interest expense": 5222,
        "Cost of sales": 498,
        "Enterprise cost management": 4403,
        "Total Operating Expenses": 10123,
        "Total revenue financing activities": 43,
        "Net profit from business activities": 5547,
        "Profit": 4,
        "Profit before tax": 5552,
        "Present corporate income tax expenses": 1554,
        "Deferred income taxes expenses": "N/A",
        "The interests of minority shareholders": "N/A",
        "Total Cost of profits": 1554,
        "Profit after tax corporate income": 3997,
        "Volume": 17000000,
        "Close of Quarter": "N/A",
        "EPS": 89.4,
        "Non-adjusted EPS": 357,
        "PE": "N/A",
        "Book Price": "N/A"
      }
    },
    {
      "quarter": "Q1 2007",
      "income status": {
        "Net sales": 103179,
        "Cost of goods sold": 89574,
        "Gross Profit": 13605,
        "Financial expenses": 6408,
        "Of which: Interest expense": 6408,
        "Cost of sales": 419,
        "Enterprise cost management": 4003,
        "Total Operating Expenses": 10830,
        "Total revenue financing activities": 50,
        "Net profit from business activities": 2825,
        "Profit": 50,
        "Profit before tax": 2875,
        "Present corporate income tax expenses": 805,
        "Deferred income taxes expenses": "N/A",
        "The interests of minority shareholders": "N/A",
        "Total Cost of profits": 805,
        "Profit after tax corporate income": 2070,
        "Volume": 17000000,
        "Close of Quarter": "N/A",
        "EPS": 30.6,
        "Non-adjusted EPS": 122,
        "PE": "N/A",
        "Book Price": "N/A"
      }
    }
  ]
}