{
  "ticker": "MBB",
  "data": [
    {
      "quarter": "Q1 2017",
      "income status": {
        "Net sales": 2406612,
        "Cost of goods sold": 4455444,
        "Gross Profit": -2048832,
        "Financial expenses": "N/A",
        "Of which: Interest expense": "N/A",
        "Cost of sales": 615559,
        "Enterprise cost management": 1210618,
        "Total Operating Expenses": 1826177,
        "Total revenue financing activities": 495112,
        "Net profit from business activities": 1691106,
        "Profit": -579164,
        "Profit before tax": 1111942,
        "Present corporate income tax expenses": -222283,
        "Deferred income taxes expenses": "N/A",
        "The interests of minority shareholders": "N/A",
        "Total Cost of profits": -222283,
        "Profit after tax corporate income": 889659,
        "Volume": 1712740909,
        "Close of Quarter": 15.4,
        "EPS": 1806,
        "Non-adjusted EPS": 1806,
        "PE": 8.5,
        "Book Price": 14.6
      }
    },
    {
      "quarter": "Q4 2016",
      "income status": {
        "Net sales": 2282639,
        "Cost of goods sold": 4248194,
        "Gross Profit": -1965555,
        "Financial expenses": 461577,
        "Of which: Interest expense": "N/A",
        "Cost of sales": 600027,
        "Enterprise cost management": 1289514,
        "Total Operating Expenses": 2351118,
        "Total revenue financing activities": 771181,
        "Net profit from business activities": 1764306,
        "Profit": -902173,
        "Profit before tax": 862133,
        "Present corporate income tax expenses": -221708,
        "Deferred income taxes expenses": "N/A",
        "The interests of minority shareholders": -54647,
        "Total Cost of profits": -276355,
        "Profit after tax corporate income": 695072,
        "Volume": 1712740909,
        "Close of Quarter": 13.4,
        "EPS": 1700,
        "Non-adjusted EPS": 1700,
        "PE": 7.9,
        "Book Price": 14.8
      }
    },
    {
      "quarter": "Q3 2016",
      "income status": {
        "Net sales": 2070999,
        "Cost of goods sold": 4091465,
        "Gross Profit": -2020466,
        "Financial expenses": "N/A",
        "Of which: Interest expense": "N/A",
        "Cost of sales": 281394,
        "Enterprise cost management": 1075937,
        "Total Operating Expenses": 1357331,
        "Total revenue financing activities": 476945,
        "Net profit from business activities": 1472007,
        "Profit": -545765,
        "Profit before tax": 926242,
        "Present corporate income tax expenses": -191552,
        "Deferred income taxes expenses": "N/A",
        "The interests of minority shareholders": 22378,
        "Total Cost of profits": -169174,
        "Profit after tax corporate income": 712312,
        "Volume": 1631181818,
        "Close of Quarter": 13.6,
        "EPS": 1556.2,
        "Non-adjusted EPS": 1634,
        "PE": 8.3,
        "Book Price": 14.4
      }
    },
    {
      "quarter": "Q2 2016",
      "income status": {
        "Net sales": 1857205,
        "Cost of goods sold": 3741095,
        "Gross Profit": -1883890,
        "Financial expenses": "N/A",
        "Of which: Interest expense": "N/A",
        "Cost of sales": 237428,
        "Enterprise cost management": 887160,
        "Total Operating Expenses": 1124588,
        "Total revenue financing activities": 352576,
        "Net profit from business activities": 1322621,
        "Profit": -342740,
        "Profit before tax": 979881,
        "Present corporate income tax expenses": -178220,
        "Deferred income taxes expenses": "N/A",
        "The interests of minority shareholders": 5635,
        "Total Cost of profits": -172585,
        "Profit after tax corporate income": 796026,
        "Volume": 1631181818,
        "Close of Quarter": 13.6,
        "EPS": 1492.4,
        "Non-adjusted EPS": 1567,
        "PE": 8.7,
        "Book Price": 14
      }
    },
    {
      "quarter": "Q1 2016",
      "income status": {
        "Net sales": 1768101,
        "Cost of goods sold": 3471723,
        "Gross Profit": -1703622,
        "Financial expenses": "N/A",
        "Of which: Interest expense": "N/A",
        "Cost of sales": 179041,
        "Enterprise cost management": 922057,
        "Total Operating Expenses": 1101098,
        "Total revenue financing activities": 275711,
        "Net profit from business activities": 1121755,
        "Profit": -239426,
        "Profit before tax": 882329,
        "Present corporate income tax expenses": -175554,
        "Deferred income taxes expenses": "N/A",
        "The interests of minority shareholders": -1618,
        "Total Cost of profits": -177172,
        "Profit after tax corporate income": 708393,
        "Volume": 1631181818,
        "Close of Quarter": 13.1,
        "EPS": 1500,
        "Non-adjusted EPS": 1575,
        "PE": 8.3,
        "Book Price": 13.6
      }
    },
    {
      "quarter": "Q4 2015",
      "income status": {
        "Net sales": 1841778,
        "Cost of goods sold": 3420705,
        "Gross Profit": -1578927,
        "Financial expenses": "N/A",
        "Of which: Interest expense": "N/A",
        "Cost of sales": 861179,
        "Enterprise cost management": 1102522,
        "Total Operating Expenses": 1963701,
        "Total revenue financing activities": 315333,
        "Net profit from business activities": 1054589,
        "Profit": -402259,
        "Profit before tax": 652330,
        "Present corporate income tax expenses": -165352,
        "Deferred income taxes expenses": "N/A",
        "The interests of minority shareholders": 38528,
        "Total Cost of profits": -126824,
        "Profit after tax corporate income": 448450,
        "Volume": 1600000000,
        "Close of Quarter": 13.3,
        "EPS": 1448.0,
        "Non-adjusted EPS": 1550,
        "PE": 8.6,
        "Book Price": 13.2
      }
    },
    {
      "quarter": "Q3 2015",
      "income status": {
        "Net sales": 1590881,
        "Cost of goods sold": 3130201,
        "Gross Profit": -1539320,
        "Financial expenses": "N/A",
        "Of which: Interest expense": "N/A",
        "Cost of sales": 294037,
        "Enterprise cost management": 803701,
        "Total Operating Expenses": 1097738,
        "Total revenue financing activities": 450083,
        "Net profit from business activities": 1237263,
        "Profit": -512308,
        "Profit before tax": 724955,
        "Present corporate income tax expenses": -153701,
        "Deferred income taxes expenses": "N/A",
        "The interests of minority shareholders": -31835,
        "Total Cost of profits": -185536,
        "Profit after tax corporate income": 603089,
        "Volume": 1194175562,
        "Close of Quarter": 13.7,
        "EPS": 1497.7,
        "Non-adjusted EPS": 2148,
        "PE": 6.4,
        "Book Price": 12.9
      }
    },
    {
      "quarter": "Q2 2015",
      "income status": {
        "Net sales": 3397274,
        "Cost of goods sold": 1512695,
        "Gross Profit": 1884579,
        "Financial expenses": "N/A",
        "Of which: Interest expense": "N/A",
        "Cost of sales": 60515,
        "Enterprise cost management": 821828,
        "Total Operating Expenses": 882343,
        "Total revenue financing activities": 245698,
        "Net profit from business activities": 1455336,
        "Profit": -424686,
        "Profit before tax": 1030650,
        "Present corporate income tax expenses": -211361,
        "Deferred income taxes expenses": "N/A",
        "The interests of minority shareholders": 8970,
        "Total Cost of profits": -202391,
        "Profit after tax corporate income": 809180,
        "Volume": 1159393750,
        "Close of Quarter": 13.0,
        "EPS": 1507.5,
        "Non-adjusted EPS": 2227,
        "PE": 5.8,
        "Book Price": 10.4
      }
    },
    {
      "quarter": "Q1 2015",
      "income status": {
        "Net sales": 3589449,
        "Cost of goods sold": 1588156,
        "Gross Profit": 2001293,
        "Financial expenses": "N/A",
        "Of which: Interest expense": "N/A",
        "Cost of sales": 72822,
        "Enterprise cost management": 721080,
        "Total Operating Expenses": 793902,
        "Total revenue financing activities": 244761,
        "Net profit from business activities": 1560182,
        "Profit": -762815,
        "Profit before tax": 797367,
        "Present corporate income tax expenses": -176985,
        "Deferred income taxes expenses": "N/A",
        "The interests of minority shareholders": 476,
        "Total Cost of profits": -176509,
        "Profit after tax corporate income": 619906,
        "Volume": 1159393750,
        "Close of Quarter": 11.8,
        "EPS": 1440.5,
        "Non-adjusted EPS": 2128,
        "PE": 5.5,
        "Book Price": 10.0
      }
    },
    {
      "quarter": "Q4 2014",
      "income status": {
        "Net sales": 3356391,
        "Cost of goods sold": 1706354,
        "Gross Profit": 1650038,
        "Financial expenses": "N/A",
        "Of which: Interest expense": "N/A",
        "Cost of sales": 210305,
        "Enterprise cost management": 869372,
        "Total Operating Expenses": 1079677,
        "Total revenue financing activities": 625738,
        "Net profit from business activities": 1279953,
        "Profit": -530691,
        "Profit before tax": 749263,
        "Present corporate income tax expenses": -160613,
        "Deferred income taxes expenses": "N/A",
        "The interests of minority shareholders": 52505,
        "Total Cost of profits": -108108,
        "Profit after tax corporate income": 533481,
        "Volume": 1159393750,
        "Close of Quarter": 11.2,
        "EPS": 1445.9,
        "Non-adjusted EPS": 2136,
        "PE": 5.3,
        "Book Price": 9.7
      }
    },
    {
      "quarter": "Q3 2014",
      "income status": {
        "Net sales": 3188134,
        "Cost of goods sold": 1631698,
        "Gross Profit": 1556437,
        "Financial expenses": "N/A",
        "Of which: Interest expense": "N/A",
        "Cost of sales": 131856,
        "Enterprise cost management": 786238,
        "Total Operating Expenses": 918094,
        "Total revenue financing activities": 580020,
        "Net profit from business activities": 1270763,
        "Profit": -548470,
        "Profit before tax": 722293,
        "Present corporate income tax expenses": -143703,
        "Deferred income taxes expenses": "N/A",
        "The interests of minority shareholders": -41249,
        "Total Cost of profits": -184952,
        "Profit after tax corporate income": 619839,
        "Volume": 1125625000,
        "Close of Quarter": 11.1,
        "EPS": 1364.4,
        "Non-adjusted EPS": 2076,
        "PE": 5.3,
        "Book Price": 9.8
      }
    },
    {
      "quarter": "Q2 2014",
      "income status": {
        "Net sales": 3473781,
        "Cost of goods sold": 1574323,
        "Gross Profit": 1899457,
        "Financial expenses": "N/A",
        "Of which: Interest expense": "N/A",
        "Cost of sales": 63026,
        "Enterprise cost management": 802215,
        "Total Operating Expenses": 865241,
        "Total revenue financing activities": 291650,
        "Net profit from business activities": 1466280,
        "Profit": -573583,
        "Profit before tax": 892697,
        "Present corporate income tax expenses": -190534,
        "Deferred income taxes expenses": "N/A",
        "The interests of minority shareholders": 7725,
        "Total Cost of profits": -182809,
        "Profit after tax corporate income": 694438,
        "Volume": 1125625000,
        "Close of Quarter": 10.9,
        "EPS": 1311.8,
        "Non-adjusted EPS": 1996,
        "PE": 5.5,
        "Book Price": 9.5
      }
    },
    {
      "quarter": "Q1 2014",
      "income status": {
        "Net sales": 3130297,
        "Cost of goods sold": 1696154,
        "Gross Profit": 1434143,
        "Financial expenses": "N/A",
        "Of which: Interest expense": "N/A",
        "Cost of sales": 52603,
        "Enterprise cost management": 656377,
        "Total Operating Expenses": 708980,
        "Total revenue financing activities": 385441,
        "Net profit from business activities": 1175696,
        "Profit": -365946,
        "Profit before tax": 809750,
        "Present corporate income tax expenses": -173500,
        "Deferred income taxes expenses": "N/A",
        "The interests of minority shareholders": 8037,
        "Total Cost of profits": -165463,
        "Profit after tax corporate income": 628213,
        "Volume": 1125625000,
        "Close of Quarter": 12.6,
        "EPS": 1326.9,
        "Non-adjusted EPS": 2019,
        "PE": 6.2,
        "Book Price": 9.2
      }
    },
    {
      "quarter": "Q4 2013",
      "income status": {
        "Net sales": 3188579,
        "Cost of goods sold": 1572762,
        "Gross Profit": 1615816,
        "Financial expenses": "N/A",
        "Of which: Interest expense": "N/A",
        "Cost of sales": 42553,
        "Enterprise cost management": 682374,
        "Total Operating Expenses": 724927,
        "Total revenue financing activities": -18306,
        "Net profit from business activities": 872582,
        "Profit": -318015,
        "Profit before tax": 554567,
        "Present corporate income tax expenses": -79963,
        "Deferred income taxes expenses": "N/A",
        "The interests of minority shareholders": 80350,
        "Total Cost of profits": 387,
        "Profit after tax corporate income": 394254,
        "Volume": 1125625000,
        "Close of Quarter": 10.1,
        "EPS": 1323.6,
        "Non-adjusted EPS": 2014,
        "PE": 5.0,
        "Book Price": 8.9
      }
    },
    {
      "quarter": "Q3 2013",
      "income status": {
        "Net sales": 3083954,
        "Cost of goods sold": 1697988,
        "Gross Profit": 1385966,
        "Financial expenses": "N/A",
        "Of which: Interest expense": "N/A",
        "Cost of sales": 121873,
        "Enterprise cost management": 733722,
        "Total Operating Expenses": 855595,
        "Total revenue financing activities": 533525,
        "Net profit from business activities": 1439011,
        "Profit": -779070,
        "Profit before tax": 659941,
        "Present corporate income tax expenses": -213774,
        "Deferred income taxes expenses": -574,
        "The interests of minority shareholders": -83144,
        "Total Cost of profits": -297492,
        "Profit after tax corporate income": 529885,
        "Volume": 1062500000,
        "Close of Quarter": 10.0,
        "EPS": 1248.8,
        "Non-adjusted EPS": 2013,
        "PE": 4.9,
        "Book Price": 8.8
      }
    },
    {
      "quarter": "Q2 2013",
      "income status": {
        "Net sales": 3517269,
        "Cost of goods sold": 1959158,
        "Gross Profit": 1558111,
        "Financial expenses": "N/A",
        "Of which: Interest expense": "N/A",
        "Cost of sales": 82452,
        "Enterprise cost management": 670838,
        "Total Operating Expenses": 753290,
        "Total revenue financing activities": 398437,
        "Net profit from business activities": 1370780,
        "Profit": -402822,
        "Profit before tax": 967957,
        "Present corporate income tax expenses": -237416,
        "Deferred income taxes expenses": 995,
        "The interests of minority shareholders": 9471,
        "Total Cost of profits": -226950,
        "Profit after tax corporate income": 720076,
        "Volume": 1062500000,
        "Close of Quarter": 9.7,
        "EPS": 1318.3,
        "Non-adjusted EPS": 2125,
        "PE": 4.6,
        "Book Price": 8.4
      }
    },
    {
      "quarter": "Q1 2013",
      "income status": {
        "Net sales": 3673133,
        "Cost of goods sold": 2109495,
        "Gross Profit": 1563638,
        "Financial expenses": "N/A",
        "Of which: Interest expense": "N/A",
        "Cost of sales": 64836,
        "Enterprise cost management": 616180,
        "Total Operating Expenses": 681016,
        "Total revenue financing activities": 325683,
        "Net profit from business activities": 1228179,
        "Profit": 396688,
        "Profit before tax": 831491,
        "Present corporate income tax expenses": 204064,
        "Deferred income taxes expenses": "N/A",
        "The interests of minority shareholders": 4318,
        "Total Cost of profits": 208382,
        "Profit after tax corporate income": 623109,
        "Volume": 1062500000,
        "Close of Quarter": 9.4,
        "EPS": 1315.8,
        "Non-adjusted EPS": 2121,
        "PE": 4.4,
        "Book Price": 8.3
      }
    },
    {
      "quarter": "Q4 2012",
      "income status": {
        "Net sales": 4218355,
        "Cost of goods sold": 2440546,
        "Gross Profit": 1777810,
        "Financial expenses": "N/A",
        "Of which: Interest expense": "N/A",
        "Cost of sales": 60125,
        "Enterprise cost management": "N/A",
        "Total Operating Expenses": 60125,
        "Total revenue financing activities": 657149,
        "Net profit from business activities": 1440887,
        "Profit": 1078120,
        "Profit before tax": 364605,
        "Present corporate income tax expenses": 95926,
        "Deferred income taxes expenses": -2465,
        "The interests of minority shareholders": 5285,
        "Total Cost of profits": 98746,
        "Profit after tax corporate income": 265859,
        "Volume": 1000000000,
        "Close of Quarter": 9.1,
        "EPS": 1349.3,
        "Non-adjusted EPS": 2311,
        "PE": 3.9,
        "Book Price": 7.5
      }
    },
    {
      "quarter": "Q3 2012",
      "income status": {
        "Net sales": 3384525,
        "Cost of goods sold": 1686694,
        "Gross Profit": 1697831,
        "Financial expenses": "N/A",
        "Of which: Interest expense": "N/A",
        "Cost of sales": 43817,
        "Enterprise cost management": 656287,
        "Total Operating Expenses": 700104,
        "Total revenue financing activities": 105878,
        "Net profit from business activities": 1210216,
        "Profit": 345869,
        "Profit before tax": 864347,
        "Present corporate income tax expenses": 212379,
        "Deferred income taxes expenses": "N/A",
        "The interests of minority shareholders": 3055,
        "Total Cost of profits": 215434,
        "Profit after tax corporate income": 648913,
        "Volume": 1000000000,
        "Close of Quarter": 8.8,
        "EPS": 1629.0,
        "Non-adjusted EPS": 2790,
        "PE": 3.2,
        "Book Price": 8
      }
    },
    {
      "quarter": "Q2 2012",
      "income status": {
        "Net sales": 3740237,
        "Cost of goods sold": 2214491,
        "Gross Profit": 1525746,
        "Financial expenses": "N/A",
        "Of which: Interest expense": "N/A",
        "Cost of sales": 42180,
        "Enterprise cost management": 608962,
        "Total Operating Expenses": 651142,
        "Total revenue financing activities": 222950,
        "Net profit from business activities": 1192853,
        "Profit": 235331,
        "Profit before tax": 957522,
        "Present corporate income tax expenses": 238432,
        "Deferred income taxes expenses": "N/A",
        "The interests of minority shareholders": 3436,
        "Total Cost of profits": 241868,
        "Profit after tax corporate income": 715654,
        "Volume": 1000000000,
        "Close of Quarter": 9.3,
        "EPS": 2066.3,
        "Non-adjusted EPS": 3539,
        "PE": 2.6,
        "Book Price": 7.6
      }
    },
    {
      "quarter": "Q1 2012",
      "income status": {
        "Net sales": 4097159,
        "Cost of goods sold": 2493852,
        "Gross Profit": 1603306,
        "Financial expenses": "N/A",
        "Of which: Interest expense": "N/A",
        "Cost of sales": 25182,
        "Enterprise cost management": 498990,
        "Total Operating Expenses": 524172,
        "Total revenue financing activities": 188364,
        "Net profit from business activities": 1273096,
        "Profit": 369543,
        "Profit before tax": 903553,
        "Present corporate income tax expenses": 220438,
        "Deferred income taxes expenses": "N/A",
        "The interests of minority shareholders": 2380,
        "Total Cost of profits": 222818,
        "Profit after tax corporate income": 680736,
        "Volume": 730000000,
        "Close of Quarter": 9.5,
        "EPS": 1884.7,
        "Non-adjusted EPS": 4422,
        "PE": 2.2,
        "Book Price": 7.7
      }
    },
    {
      "quarter": "Q4 2011",
      "income status": {
        "Net sales": 4048838,
        "Cost of goods sold": 2483864,
        "Gross Profit": 1564974,
        "Financial expenses": 160146,
        "Of which: Interest expense": "N/A",
        "Cost of sales": 460293,
        "Enterprise cost management": 834753,
        "Total Operating Expenses": 1455192,
        "Total revenue financing activities": 843554,
        "Net profit from business activities": 953336,
        "Profit": 91500,
        "Profit before tax": 861836,
        "Present corporate income tax expenses": 169098,
        "Deferred income taxes expenses": "N/A",
        "The interests of minority shareholders": -52372,
        "Total Cost of profits": 116726,
        "Profit after tax corporate income": 745110,
        "Volume": 730000000,
        "Close of Quarter": 6.7,
        "EPS": 1753.0,
        "Non-adjusted EPS": 4113,
        "PE": 1.6,
        "Book Price": 6.3
      }
    },
    {
      "quarter": "Q3 2011",
      "income status": {
        "Net sales": 10280042,
        "Cost of goods sold": 6565282,
        "Gross Profit": 3714760,
        "Financial expenses": 174579,
        "Of which: Interest expense": "N/A",
        "Cost of sales": 68396,
        "Enterprise cost management": 1522700,
        "Total Operating Expenses": 1765675,
        "Total revenue financing activities": 705461,
        "Net profit from business activities": 2654547,
        "Profit": 878645,
        "Profit before tax": 1775901,
        "Present corporate income tax expenses": 538774,
        "Deferred income taxes expenses": "N/A",
        "The interests of minority shareholders": -159893,
        "Total Cost of profits": 378881,
        "Profit after tax corporate income": 1397020,
        "Volume": 730000000,
        "Close of Quarter": "N/A",
        "EPS": 1536.9,
        "Non-adjusted EPS": 3606,
        "PE": "N/A",
        "Book Price": 6.0
      }
    },
    {
      "quarter": "Q2 2011",
      "income status": {
        "Net sales": 3424832,
        "Cost of goods sold": 2179867,
        "Gross Profit": 1244965,
        "Financial expenses": "N/A",
        "Of which: Interest expense": "N/A",
        "Cost of sales": 18042,
        "Enterprise cost management": 410645,
        "Total Operating Expenses": 428687,
        "Total revenue financing activities": 270978,
        "Net profit from business activities": 611291,
        "Profit": -183925,
        "Profit before tax": 427366,
        "Present corporate income tax expenses": -189572,
        "Deferred income taxes expenses": "N/A",
        "The interests of minority shareholders": -166768,
        "Total Cost of profits": -356340,
        "Profit after tax corporate income": 405010,
        "Volume": 730000000,
        "Close of Quarter": "N/A",
        "EPS": 721.2,
        "Non-adjusted EPS": 1692,
        "PE": "N/A",
        "Book Price": 5.6
      }
    },
    {
      "quarter": "Q1 2011",
      "income status": {
        "Net sales": 3236620,
        "Cost of goods sold": 2071748,
        "Gross Profit": 1164872,
        "Financial expenses": 43375,
        "Of which: Interest expense": "N/A",
        "Cost of sales": 27052,
        "Enterprise cost management": 444199,
        "Total Operating Expenses": 514626,
        "Total revenue financing activities": 198978,
        "Net profit from business activities": 849226,
        "Profit": -188216,
        "Profit before tax": 661010,
        "Present corporate income tax expenses": -178411,
        "Deferred income taxes expenses": "N/A",
        "The interests of minority shareholders": 27558,
        "Total Cost of profits": -150853,
        "Profit after tax corporate income": 455040,
        "Volume": 730000000,
        "Close of Quarter": "N/A",
        "EPS": 484.6,
        "Non-adjusted EPS": 1137,
        "PE": "N/A",
        "Book Price": "N/A"
      }
    },
    {
      "quarter": "Q4 2010",
      "income status": {
        "Net sales": 2788918,
        "Cost of goods sold": 1745259,
        "Gross Profit": 1043659,
        "Financial expenses": 236717,
        "Of which: Interest expense": "N/A",
        "Cost of sales": 67442,
        "Enterprise cost management": 383944,
        "Total Operating Expenses": 688103,
        "Total revenue financing activities": 307479,
        "Net profit from business activities": 664035,
        "Profit": -210035,
        "Profit before tax": 454000,
        "Present corporate income tax expenses": -98286,
        "Deferred income taxes expenses": "N/A",
        "The interests of minority shareholders": -19424,
        "Total Cost of profits": -117710,
        "Profit after tax corporate income": 375138,
        "Volume": 730000000,
        "Close of Quarter": "N/A",
        "EPS": 219.1,
        "Non-adjusted EPS": 514,
        "PE": "N/A",
        "Book Price": "N/A"
      }
    }
  ]
}