{
  "ticker": "PMS",
  "data": [
    {
      "quarter": "Q1 2017",
      "income status": {
        "Net sales": 150448,
        "Cost of goods sold": 127132,
        "Gross Profit": 23315,
        "Financial expenses": 930,
        "Of which: Interest expense": 924,
        "Cost of sales": 4456,
        "Enterprise cost management": 13745,
        "Total Operating Expenses": 19131,
        "Total revenue financing activities": 7864,
        "Net profit from business activities": 7681,
        "Profit": 138,
        "Profit before tax": 7819,
        "Present corporate income tax expenses": 205,
        "Deferred income taxes expenses": "N/A",
        "The interests of minority shareholders": "N/A",
        "Total Cost of profits": 205,
        "Profit after tax corporate income": 7614,
        "Volume": 7227662,
        "Close of Quarter": 29.0,
        "EPS": 5324,
        "Non-adjusted EPS": 5324,
        "PE": 5.4,
        "Book Price": 23.9
      }
    },
    {
      "quarter": "Q4 2016",
      "income status": {
        "Net sales": 229989,
        "Cost of goods sold": 208149,
        "Gross Profit": 21840,
        "Financial expenses": 997,
        "Of which: Interest expense": 907,
        "Cost of sales": 5087,
        "Enterprise cost management": 9203,
        "Total Operating Expenses": 15287,
        "Total revenue financing activities": 7964,
        "Net profit from business activities": 16651,
        "Profit": -240,
        "Profit before tax": 16411,
        "Present corporate income tax expenses": 1288,
        "Deferred income taxes expenses": "N/A",
        "The interests of minority shareholders": "N/A",
        "Total Cost of profits": 1288,
        "Profit after tax corporate income": 15123,
        "Volume": 7227662,
        "Close of Quarter": 21.5,
        "EPS": 4902,
        "Non-adjusted EPS": 4902,
        "PE": 4.4,
        "Book Price": 23.2
      }
    },
    {
      "quarter": "Q3 2016",
      "income status": {
        "Net sales": 179216,
        "Cost of goods sold": 155241,
        "Gross Profit": 23975,
        "Financial expenses": 814,
        "Of which: Interest expense": 814,
        "Cost of sales": 4322,
        "Enterprise cost management": 9117,
        "Total Operating Expenses": 14253,
        "Total revenue financing activities": 38,
        "Net profit from business activities": 9759,
        "Profit": -74,
        "Profit before tax": 9685,
        "Present corporate income tax expenses": 1937,
        "Deferred income taxes expenses": "N/A",
        "The interests of minority shareholders": "N/A",
        "Total Cost of profits": 1937,
        "Profit after tax corporate income": 7748,
        "Volume": 7227662,
        "Close of Quarter": 17.1,
        "EPS": 3789,
        "Non-adjusted EPS": 3789,
        "PE": 4.5,
        "Book Price": 20.8
      }
    },
    {
      "quarter": "Q2 2016",
      "income status": {
        "Net sales": 180480,
        "Cost of goods sold": 154858,
        "Gross Profit": 25622,
        "Financial expenses": 842,
        "Of which: Interest expense": 805,
        "Cost of sales": 3832,
        "Enterprise cost management": 11692,
        "Total Operating Expenses": 16366,
        "Total revenue financing activities": 632,
        "Net profit from business activities": 9888,
        "Profit": "N/A",
        "Profit before tax": 9888,
        "Present corporate income tax expenses": 1895,
        "Deferred income taxes expenses": "N/A",
        "The interests of minority shareholders": "N/A",
        "Total Cost of profits": 1895,
        "Profit after tax corporate income": 7993,
        "Volume": 7227662,
        "Close of Quarter": 14.8,
        "EPS": 3025,
        "Non-adjusted EPS": 3025,
        "PE": 4.9,
        "Book Price": 19.8
      }
    },
    {
      "quarter": "Q1 2016",
      "income status": {
        "Net sales": 160343,
        "Cost of goods sold": 144349,
        "Gross Profit": 15994,
        "Financial expenses": 537,
        "Of which: Interest expense": 536,
        "Cost of sales": 2452,
        "Enterprise cost management": 7928,
        "Total Operating Expenses": 10917,
        "Total revenue financing activities": 627,
        "Net profit from business activities": 5704,
        "Profit": "N/A",
        "Profit before tax": 5704,
        "Present corporate income tax expenses": 1141,
        "Deferred income taxes expenses": "N/A",
        "The interests of minority shareholders": "N/A",
        "Total Cost of profits": 1141,
        "Profit after tax corporate income": 4563,
        "Volume": 7227662,
        "Close of Quarter": 13.0,
        "EPS": 4770,
        "Non-adjusted EPS": 4770,
        "PE": 2.7,
        "Book Price": 20.5
      }
    },
    {
      "quarter": "Q4 2015",
      "income status": {
        "Net sales": 208952,
        "Cost of goods sold": 194783,
        "Gross Profit": 14169,
        "Financial expenses": 138,
        "Of which: Interest expense": 134,
        "Cost of sales": 5995,
        "Enterprise cost management": 6902,
        "Total Operating Expenses": 13035,
        "Total revenue financing activities": 6345,
        "Net profit from business activities": 7481,
        "Profit": 14,
        "Profit before tax": 7495,
        "Present corporate income tax expenses": 410,
        "Deferred income taxes expenses": "N/A",
        "The interests of minority shareholders": "N/A",
        "Total Cost of profits": 410,
        "Profit after tax corporate income": 7085,
        "Volume": 7227662,
        "Close of Quarter": 10.1,
        "EPS": 4554,
        "Non-adjusted EPS": 4554,
        "PE": 2.2,
        "Book Price": 19.9
      }
    },
    {
      "quarter": "Q3 2015",
      "income status": {
        "Net sales": 228902,
        "Cost of goods sold": 214128,
        "Gross Profit": 14774,
        "Financial expenses": 23,
        "Of which: Interest expense": 23,
        "Cost of sales": 3737,
        "Enterprise cost management": 8595,
        "Total Operating Expenses": 12355,
        "Total revenue financing activities": 556,
        "Net profit from business activities": 2974,
        "Profit": -134,
        "Profit before tax": 2840,
        "Present corporate income tax expenses": 620,
        "Deferred income taxes expenses": "N/A",
        "The interests of minority shareholders": "N/A",
        "Total Cost of profits": 620,
        "Profit after tax corporate income": 2220,
        "Volume": 7227662,
        "Close of Quarter": 10.0,
        "EPS": 3836,
        "Non-adjusted EPS": 3836,
        "PE": 2.6,
        "Book Price": 19
      }
    },
    {
      "quarter": "Q2 2015",
      "income status": {
        "Net sales": 263847,
        "Cost of goods sold": 226165,
        "Gross Profit": 37682,
        "Financial expenses": 8,
        "Of which: Interest expense": 24,
        "Cost of sales": 4681,
        "Enterprise cost management": 7130,
        "Total Operating Expenses": 11819,
        "Total revenue financing activities": 485,
        "Net profit from business activities": 26347,
        "Profit": 32,
        "Profit before tax": 26379,
        "Present corporate income tax expenses": 5769,
        "Deferred income taxes expenses": "N/A",
        "The interests of minority shareholders": "N/A",
        "Total Cost of profits": 5769,
        "Profit after tax corporate income": 20610,
        "Volume": 7227662,
        "Close of Quarter": 8.6,
        "EPS": 3906,
        "Non-adjusted EPS": 3906,
        "PE": 2.2,
        "Book Price": 18.8
      }
    },
    {
      "quarter": "Q1 2015",
      "income status": {
        "Net sales": 174610,
        "Cost of goods sold": 162765,
        "Gross Profit": 11845,
        "Financial expenses": 123,
        "Of which: Interest expense": 120,
        "Cost of sales": 2982,
        "Enterprise cost management": 4951,
        "Total Operating Expenses": 8056,
        "Total revenue financing activities": 58,
        "Net profit from business activities": 3848,
        "Profit": -4,
        "Profit before tax": 3843,
        "Present corporate income tax expenses": 846,
        "Deferred income taxes expenses": "N/A",
        "The interests of minority shareholders": "N/A",
        "Total Cost of profits": 846,
        "Profit after tax corporate income": 2998,
        "Volume": 7227662,
        "Close of Quarter": 6.9,
        "EPS": 1518,
        "Non-adjusted EPS": 1518,
        "PE": 4.6,
        "Book Price": 16
      }
    },
    {
      "quarter": "Q4 2014",
      "income status": {
        "Net sales": 230827,
        "Cost of goods sold": 218980,
        "Gross Profit": 11847,
        "Financial expenses": 110,
        "Of which: Interest expense": 110,
        "Cost of sales": 2782,
        "Enterprise cost management": 7562,
        "Total Operating Expenses": 10454,
        "Total revenue financing activities": 972,
        "Net profit from business activities": 2366,
        "Profit": -60,
        "Profit before tax": 2305,
        "Present corporate income tax expenses": 408,
        "Deferred income taxes expenses": -2,
        "The interests of minority shareholders": "N/A",
        "Total Cost of profits": 406,
        "Profit after tax corporate income": 1900,
        "Volume": 7227662,
        "Close of Quarter": 8.3,
        "EPS": 1326,
        "Non-adjusted EPS": 1326,
        "PE": 6.2,
        "Book Price": 16.6
      }
    },
    {
      "quarter": "Q3 2014",
      "income status": {
        "Net sales": 250099,
        "Cost of goods sold": 236430,
        "Gross Profit": 13669,
        "Financial expenses": 25,
        "Of which: Interest expense": 25,
        "Cost of sales": 3465,
        "Enterprise cost management": 6903,
        "Total Operating Expenses": 10393,
        "Total revenue financing activities": 214,
        "Net profit from business activities": 3490,
        "Profit": "N/A",
        "Profit before tax": 3490,
        "Present corporate income tax expenses": 765,
        "Deferred income taxes expenses": 1,
        "The interests of minority shareholders": "N/A",
        "Total Cost of profits": 766,
        "Profit after tax corporate income": 2724,
        "Volume": 7227662,
        "Close of Quarter": 6.8,
        "EPS": 1307,
        "Non-adjusted EPS": 1307,
        "PE": 5.2,
        "Book Price": 16.5
      }
    },
    {
      "quarter": "Q2 2014",
      "income status": {
        "Net sales": 214614,
        "Cost of goods sold": 202179,
        "Gross Profit": 12435,
        "Financial expenses": 4,
        "Of which: Interest expense": "N/A",
        "Cost of sales": 3588,
        "Enterprise cost management": 5070,
        "Total Operating Expenses": 8662,
        "Total revenue financing activities": 443,
        "Net profit from business activities": 4217,
        "Profit": "N/A",
        "Profit before tax": 4217,
        "Present corporate income tax expenses": 869,
        "Deferred income taxes expenses": "N/A",
        "The interests of minority shareholders": "N/A",
        "Total Cost of profits": 869,
        "Profit after tax corporate income": 3348,
        "Volume": 7227662,
        "Close of Quarter": 8.6,
        "EPS": 1155,
        "Non-adjusted EPS": 1155,
        "PE": 7.5,
        "Book Price": 16.1
      }
    },
    {
      "quarter": "Q1 2014",
      "income status": {
        "Net sales": 175890,
        "Cost of goods sold": 168015,
        "Gross Profit": 7875,
        "Financial expenses": 54,
        "Of which: Interest expense": 54,
        "Cost of sales": 2172,
        "Enterprise cost management": 3987,
        "Total Operating Expenses": 6213,
        "Total revenue financing activities": 336,
        "Net profit from business activities": 1998,
        "Profit": "N/A",
        "Profit before tax": 1998,
        "Present corporate income tax expenses": 388,
        "Deferred income taxes expenses": -1,
        "The interests of minority shareholders": "N/A",
        "Total Cost of profits": 387,
        "Profit after tax corporate income": 1610,
        "Volume": 7227662,
        "Close of Quarter": 7.9,
        "EPS": 987,
        "Non-adjusted EPS": 987,
        "PE": 8.0,
        "Book Price": 15.7
      }
    },
    {
      "quarter": "Q4 2013",
      "income status": {
        "Net sales": 217542,
        "Cost of goods sold": 205536,
        "Gross Profit": 12006,
        "Financial expenses": 12,
        "Of which: Interest expense": "N/A",
        "Cost of sales": 3885,
        "Enterprise cost management": 5196,
        "Total Operating Expenses": 9093,
        "Total revenue financing activities": 754,
        "Net profit from business activities": 3667,
        "Profit": -793,
        "Profit before tax": 2874,
        "Present corporate income tax expenses": 1113,
        "Deferred income taxes expenses": -3,
        "The interests of minority shareholders": "N/A",
        "Total Cost of profits": 1110,
        "Profit after tax corporate income": 1765,
        "Volume": 7227662,
        "Close of Quarter": 14.9,
        "EPS": 889,
        "Non-adjusted EPS": 889,
        "PE": 16.7,
        "Book Price": 16.2
      }
    },
    {
      "quarter": "Q3 2013",
      "income status": {
        "Net sales": 186714,
        "Cost of goods sold": 176774,
        "Gross Profit": 9940,
        "Financial expenses": 122,
        "Of which: Interest expense": 122,
        "Cost of sales": 2666,
        "Enterprise cost management": 5162,
        "Total Operating Expenses": 7950,
        "Total revenue financing activities": 189,
        "Net profit from business activities": 2179,
        "Profit": -12,
        "Profit before tax": 2167,
        "Present corporate income tax expenses": 545,
        "Deferred income taxes expenses": -1,
        "The interests of minority shareholders": "N/A",
        "Total Cost of profits": 544,
        "Profit after tax corporate income": 1624,
        "Volume": 7227662,
        "Close of Quarter": 12.6,
        "EPS": 675,
        "Non-adjusted EPS": 675,
        "PE": 18.6,
        "Book Price": 16
      }
    },
    {
      "quarter": "Q2 2013",
      "income status": {
        "Net sales": 180763,
        "Cost of goods sold": 168545,
        "Gross Profit": 12218,
        "Financial expenses": 315,
        "Of which: Interest expense": 312,
        "Cost of sales": 4054,
        "Enterprise cost management": 5387,
        "Total Operating Expenses": 9756,
        "Total revenue financing activities": 233,
        "Net profit from business activities": 2697,
        "Profit": "N/A",
        "Profit before tax": 2848,
        "Present corporate income tax expenses": 712,
        "Deferred income taxes expenses": "N/A",
        "The interests of minority shareholders": "N/A",
        "Total Cost of profits": 712,
        "Profit after tax corporate income": 2135,
        "Volume": 7227662,
        "Close of Quarter": 6.2,
        "EPS": 777,
        "Non-adjusted EPS": 777,
        "PE": 7.9,
        "Book Price": 15.8
      }
    },
    {
      "quarter": "Q1 2013",
      "income status": {
        "Net sales": 166126,
        "Cost of goods sold": 158762,
        "Gross Profit": 7364,
        "Financial expenses": 326,
        "Of which: Interest expense": 326,
        "Cost of sales": 2576,
        "Enterprise cost management": 3832,
        "Total Operating Expenses": 6734,
        "Total revenue financing activities": 475,
        "Net profit from business activities": 1104,
        "Profit": "N/A",
        "Profit before tax": 1104,
        "Present corporate income tax expenses": 201,
        "Deferred income taxes expenses": "N/A",
        "The interests of minority shareholders": "N/A",
        "Total Cost of profits": 201,
        "Profit after tax corporate income": 903,
        "Volume": 7227662,
        "Close of Quarter": 4.0,
        "EPS": 693,
        "Non-adjusted EPS": 693,
        "PE": 5.7,
        "Book Price": 15.6
      }
    },
    {
      "quarter": "Q4 2012",
      "income status": {
        "Net sales": 179397,
        "Cost of goods sold": 172306,
        "Gross Profit": 7091,
        "Financial expenses": 595,
        "Of which: Interest expense": 587,
        "Cost of sales": 3106,
        "Enterprise cost management": 4115,
        "Total Operating Expenses": 7816,
        "Total revenue financing activities": 874,
        "Net profit from business activities": 150,
        "Profit": -2,
        "Profit before tax": 149,
        "Present corporate income tax expenses": -65,
        "Deferred income taxes expenses": -3,
        "The interests of minority shareholders": "N/A",
        "Total Cost of profits": -68,
        "Profit after tax corporate income": 217,
        "Volume": 7227662,
        "Close of Quarter": 3.6,
        "EPS": 823,
        "Non-adjusted EPS": 823,
        "PE": 4.4,
        "Book Price": 16.2
      }
    },
    {
      "quarter": "Q3 2012",
      "income status": {
        "Net sales": 153154,
        "Cost of goods sold": 143782,
        "Gross Profit": 9373,
        "Financial expenses": 532,
        "Of which: Interest expense": 532,
        "Cost of sales": 2444,
        "Enterprise cost management": 3897,
        "Total Operating Expenses": 6873,
        "Total revenue financing activities": 326,
        "Net profit from business activities": 2826,
        "Profit": -300,
        "Profit before tax": 2526,
        "Present corporate income tax expenses": 164,
        "Deferred income taxes expenses": "N/A",
        "The interests of minority shareholders": "N/A",
        "Total Cost of profits": 164,
        "Profit after tax corporate income": 2362,
        "Volume": 7227662,
        "Close of Quarter": 4.2,
        "EPS": 1328,
        "Non-adjusted EPS": 1328,
        "PE": 3.2,
        "Book Price": 16.2
      }
    },
    {
      "quarter": "Q2 2012",
      "income status": {
        "Net sales": 144134,
        "Cost of goods sold": 135543,
        "Gross Profit": 8591,
        "Financial expenses": 1209,
        "Of which: Interest expense": 1209,
        "Cost of sales": 2808,
        "Enterprise cost management": 3851,
        "Total Operating Expenses": 7868,
        "Total revenue financing activities": 1039,
        "Net profit from business activities": 1762,
        "Profit": -25,
        "Profit before tax": 1736,
        "Present corporate income tax expenses": 209,
        "Deferred income taxes expenses": "N/A",
        "The interests of minority shareholders": "N/A",
        "Total Cost of profits": 209,
        "Profit after tax corporate income": 1527,
        "Volume": 7227662,
        "Close of Quarter": 4.8,
        "EPS": 1386,
        "Non-adjusted EPS": 1386,
        "PE": 3.4,
        "Book Price": 15.8
      }
    },
    {
      "quarter": "Q1 2012",
      "income status": {
        "Net sales": 121673,
        "Cost of goods sold": 114569,
        "Gross Profit": 7104,
        "Financial expenses": 994,
        "Of which: Interest expense": 994,
        "Cost of sales": 1262,
        "Enterprise cost management": 3014,
        "Total Operating Expenses": 5270,
        "Total revenue financing activities": 552,
        "Net profit from business activities": 2386,
        "Profit": "N/A",
        "Profit before tax": 2386,
        "Present corporate income tax expenses": 542,
        "Deferred income taxes expenses": "N/A",
        "The interests of minority shareholders": "N/A",
        "Total Cost of profits": 542,
        "Profit after tax corporate income": 1844,
        "Volume": 7227662,
        "Close of Quarter": 4.8,
        "EPS": 1657,
        "Non-adjusted EPS": 1657,
        "PE": 2.9,
        "Book Price": 15.7
      }
    },
    {
      "quarter": "Q4 2011",
      "income status": {
        "Net sales": 208255,
        "Cost of goods sold": 195547,
        "Gross Profit": 12709,
        "Financial expenses": -155,
        "Of which: Interest expense": 684,
        "Cost of sales": 2278,
        "Enterprise cost management": 7235,
        "Total Operating Expenses": 9358,
        "Total revenue financing activities": 1633,
        "Net profit from business activities": 4983,
        "Profit": -331,
        "Profit before tax": 4652,
        "Present corporate income tax expenses": 788,
        "Deferred income taxes expenses": "N/A",
        "The interests of minority shareholders": "N/A",
        "Total Cost of profits": 788,
        "Profit after tax corporate income": 3864,
        "Volume": 5200000,
        "Close of Quarter": 3.9,
        "EPS": 1816.6,
        "Non-adjusted EPS": 2525,
        "PE": 1.5,
        "Book Price": 15.5
      }
    },
    {
      "quarter": "Q3 2011",
      "income status": {
        "Net sales": 159146,
        "Cost of goods sold": 143803,
        "Gross Profit": 15343,
        "Financial expenses": 1336,
        "Of which: Interest expense": 1334,
        "Cost of sales": 6508,
        "Enterprise cost management": 4478,
        "Total Operating Expenses": 12322,
        "Total revenue financing activities": 547,
        "Net profit from business activities": 3568,
        "Profit": 137,
        "Profit before tax": 12355,
        "Present corporate income tax expenses": 926,
        "Deferred income taxes expenses": "N/A",
        "The interests of minority shareholders": "N/A",
        "Total Cost of profits": 926,
        "Profit after tax corporate income": 2779,
        "Volume": 5200000,
        "Close of Quarter": 4.4,
        "EPS": 1600.8,
        "Non-adjusted EPS": 2225,
        "PE": 2.0,
        "Book Price": 13.2
      }
    },
    {
      "quarter": "Q2 2011",
      "income status": {
        "Net sales": 169307,
        "Cost of goods sold": 154936,
        "Gross Profit": 14371,
        "Financial expenses": 1401,
        "Of which: Interest expense": 1261,
        "Cost of sales": 4006,
        "Enterprise cost management": 4686,
        "Total Operating Expenses": 10093,
        "Total revenue financing activities": 378,
        "Net profit from business activities": 4656,
        "Profit": -2,
        "Profit before tax": 4654,
        "Present corporate income tax expenses": 1163,
        "Deferred income taxes expenses": "N/A",
        "The interests of minority shareholders": "N/A",
        "Total Cost of profits": 1163,
        "Profit after tax corporate income": 3490,
        "Volume": 5200000,
        "Close of Quarter": 6.1,
        "EPS": 1487.8,
        "Non-adjusted EPS": 2068,
        "PE": 2.9,
        "Book Price": 13.0
      }
    },
    {
      "quarter": "Q1 2011",
      "income status": {
        "Net sales": 129498,
        "Cost of goods sold": 117975,
        "Gross Profit": 11522,
        "Financial expenses": 1563,
        "Of which: Interest expense": 1146,
        "Cost of sales": 2828,
        "Enterprise cost management": 4167,
        "Total Operating Expenses": 8558,
        "Total revenue financing activities": 609,
        "Net profit from business activities": 3573,
        "Profit": 423,
        "Profit before tax": 3996,
        "Present corporate income tax expenses": 999,
        "Deferred income taxes expenses": "N/A",
        "The interests of minority shareholders": "N/A",
        "Total Cost of profits": 999,
        "Profit after tax corporate income": 2997,
        "Volume": 5200000,
        "Close of Quarter": 6.5,
        "EPS": 1450.4,
        "Non-adjusted EPS": 2016,
        "PE": 3.2,
        "Book Price": 12.5
      }
    },
    {
      "quarter": "Q4 2010",
      "income status": {
        "Net sales": 118554,
        "Cost of goods sold": 108784,
        "Gross Profit": 9770,
        "Financial expenses": 1685,
        "Of which: Interest expense": 1065,
        "Cost of sales": 2625,
        "Enterprise cost management": 3149,
        "Total Operating Expenses": 7459,
        "Total revenue financing activities": 761,
        "Net profit from business activities": 3071,
        "Profit": "N/A",
        "Profit before tax": 3072,
        "Present corporate income tax expenses": 795,
        "Deferred income taxes expenses": -27,
        "The interests of minority shareholders": "N/A",
        "Total Cost of profits": 768,
        "Profit after tax corporate income": 2304,
        "Volume": 5200000,
        "Close of Quarter": 10.5,
        "EPS": 1277.8,
        "Non-adjusted EPS": 1776,
        "PE": 5.9,
        "Book Price": 12.3
      }
    },
    {
      "quarter": "Q3 2010",
      "income status": {
        "Net sales": 97163,
        "Cost of goods sold": 86964,
        "Gross Profit": 10199,
        "Financial expenses": 1122,
        "Of which: Interest expense": 1061,
        "Cost of sales": 4083,
        "Enterprise cost management": 3166,
        "Total Operating Expenses": 8371,
        "Total revenue financing activities": 668,
        "Net profit from business activities": 2496,
        "Profit": "N/A",
        "Profit before tax": 2496,
        "Present corporate income tax expenses": 532,
        "Deferred income taxes expenses": "N/A",
        "The interests of minority shareholders": "N/A",
        "Total Cost of profits": 532,
        "Profit after tax corporate income": 1964,
        "Volume": 5200000,
        "Close of Quarter": 9.1,
        "EPS": 1412.3,
        "Non-adjusted EPS": 1963,
        "PE": 4.7,
        "Book Price": 12.8
      }
    },
    {
      "quarter": "Q2 2010",
      "income status": {
        "Net sales": 114735,
        "Cost of goods sold": 104686,
        "Gross Profit": 10049,
        "Financial expenses": 1638,
        "Of which: Interest expense": 1527,
        "Cost of sales": 3700,
        "Enterprise cost management": 3664,
        "Total Operating Expenses": 9002,
        "Total revenue financing activities": 2730,
        "Net profit from business activities": 3778,
        "Profit": -124,
        "Profit before tax": 3654,
        "Present corporate income tax expenses": 434,
        "Deferred income taxes expenses": "N/A",
        "The interests of minority shareholders": "N/A",
        "Total Cost of profits": 434,
        "Profit after tax corporate income": 3220,
        "Volume": 5200000,
        "Close of Quarter": 10.1,
        "EPS": 1555.5,
        "Non-adjusted EPS": 2162,
        "PE": 4.7,
        "Book Price": 12.5
      }
    },
    {
      "quarter": "Q1 2010",
      "income status": {
        "Net sales": 101946,
        "Cost of goods sold": 92880,
        "Gross Profit": 9066,
        "Financial expenses": 1220,
        "Of which: Interest expense": 789,
        "Cost of sales": 2620,
        "Enterprise cost management": 3394,
        "Total Operating Expenses": 7234,
        "Total revenue financing activities": 492,
        "Net profit from business activities": 2324,
        "Profit": 6,
        "Profit before tax": 2331,
        "Present corporate income tax expenses": 583,
        "Deferred income taxes expenses": "N/A",
        "The interests of minority shareholders": "N/A",
        "Total Cost of profits": 583,
        "Profit after tax corporate income": 1748,
        "Volume": 5200000,
        "Close of Quarter": 9.5,
        "EPS": 1373.5,
        "Non-adjusted EPS": 1909,
        "PE": 5.0,
        "Book Price": 12.3
      }
    },
    {
      "quarter": "Q4 2009",
      "income status": {
        "Net sales": 120827,
        "Cost of goods sold": 112340,
        "Gross Profit": 8487,
        "Financial expenses": 975,
        "Of which: Interest expense": "N/A",
        "Cost of sales": 3262,
        "Enterprise cost management": 3592,
        "Total Operating Expenses": 7829,
        "Total revenue financing activities": 3986,
        "Net profit from business activities": 4644,
        "Profit": -1191,
        "Profit before tax": 3452,
        "Present corporate income tax expenses": 175,
        "Deferred income taxes expenses": "N/A",
        "The interests of minority shareholders": "N/A",
        "Total Cost of profits": 175,
        "Profit after tax corporate income": 3277,
        "Volume": 5200000,
        "Close of Quarter": 7.9,
        "EPS": 1340.4,
        "Non-adjusted EPS": 1863,
        "PE": 4.2,
        "Book Price": 12.2
      }
    },
    {
      "quarter": "Q3 2009",
      "income status": {
        "Net sales": 76857,
        "Cost of goods sold": 69683,
        "Gross Profit": 7173,
        "Financial expenses": 39,
        "Of which: Interest expense": 406,
        "Cost of sales": 2394,
        "Enterprise cost management": 2461,
        "Total Operating Expenses": 4894,
        "Total revenue financing activities": 200,
        "Net profit from business activities": 2480,
        "Profit": 947,
        "Profit before tax": 3427,
        "Present corporate income tax expenses": 428,
        "Deferred income taxes expenses": "N/A",
        "The interests of minority shareholders": "N/A",
        "Total Cost of profits": 428,
        "Profit after tax corporate income": 2999,
        "Volume": 5200000,
        "Close of Quarter": 8.0,
        "EPS": 157.6,
        "Non-adjusted EPS": 219,
        "PE": 36.4,
        "Book Price": 12.6
      }
    },
    {
      "quarter": "Q2 2009",
      "income status": {
        "Net sales": 72441,
        "Cost of goods sold": 68478,
        "Gross Profit": 3963,
        "Financial expenses": 105,
        "Of which: Interest expense": 390,
        "Cost of sales": 2180,
        "Enterprise cost management": 2118,
        "Total Operating Expenses": 4403,
        "Total revenue financing activities": 2202,
        "Net profit from business activities": 1763,
        "Profit": -5,
        "Profit before tax": 1758,
        "Present corporate income tax expenses": -146,
        "Deferred income taxes expenses": "N/A",
        "The interests of minority shareholders": "N/A",
        "Total Cost of profits": -146,
        "Profit after tax corporate income": 1904,
        "Volume": 5200000,
        "Close of Quarter": 6.9,
        "EPS": 95.0,
        "Non-adjusted EPS": 132,
        "PE": 52.4,
        "Book Price": 12.2
      }
    },
    {
      "quarter": "Q1 2009",
      "income status": {
        "Net sales": 56405,
        "Cost of goods sold": 51072,
        "Gross Profit": 5333,
        "Financial expenses": 804,
        "Of which: Interest expense": 700,
        "Cost of sales": 1720,
        "Enterprise cost management": 1595,
        "Total Operating Expenses": 4119,
        "Total revenue financing activities": 642,
        "Net profit from business activities": 1856,
        "Profit": "N/A",
        "Profit before tax": 1856,
        "Present corporate income tax expenses": 352,
        "Deferred income taxes expenses": "N/A",
        "The interests of minority shareholders": "N/A",
        "Total Cost of profits": 352,
        "Profit after tax corporate income": 1505,
        "Volume": 5200000,
        "Close of Quarter": 6.9,
        "EPS": 287.1,
        "Non-adjusted EPS": 399,
        "PE": 17.3,
        "Book Price": 12.0
      }
    },
    {
      "quarter": "Q4 2008",
      "income status": {
        "Net sales": 53972,
        "Cost of goods sold": 54698,
        "Gross Profit": -726,
        "Financial expenses": 2771,
        "Of which: Interest expense": 926,
        "Cost of sales": 1034,
        "Enterprise cost management": 1578,
        "Total Operating Expenses": 5383,
        "Total revenue financing activities": 911,
        "Net profit from business activities": -5199,
        "Profit": -68,
        "Profit before tax": -5267,
        "Present corporate income tax expenses": "N/A",
        "Deferred income taxes expenses": "N/A",
        "The interests of minority shareholders": "N/A",
        "Total Cost of profits": 0,
        "Profit after tax corporate income": -5267,
        "Volume": 5200000,
        "Close of Quarter": 9.2,
        "EPS": 407.9,
        "Non-adjusted EPS": 567,
        "PE": 16.2,
        "Book Price": 11.8
      }
    },
    {
      "quarter": "Q3 2008",
      "income status": {
        "Net sales": 75752,
        "Cost of goods sold": 65916,
        "Gross Profit": 9836,
        "Financial expenses": 2018,
        "Of which: Interest expense": 1120,
        "Cost of sales": 2063,
        "Enterprise cost management": 2732,
        "Total Operating Expenses": 6813,
        "Total revenue financing activities": 498,
        "Net profit from business activities": 3522,
        "Profit": 12,
        "Profit before tax": 3534,
        "Present corporate income tax expenses": 988,
        "Deferred income taxes expenses": "N/A",
        "The interests of minority shareholders": "N/A",
        "Total Cost of profits": 988,
        "Profit after tax corporate income": 2546,
        "Volume": 5200000,
        "Close of Quarter": 10.8,
        "EPS": 1384.2,
        "Non-adjusted EPS": 1924,
        "PE": 5.6,
        "Book Price": 12.7
      }
    },
    {
      "quarter": "Q2 2008",
      "income status": {
        "Net sales": 80111,
        "Cost of goods sold": 67398,
        "Gross Profit": 12713,
        "Financial expenses": 4182,
        "Of which: Interest expense": 470,
        "Cost of sales": 2031,
        "Enterprise cost management": 2578,
        "Total Operating Expenses": 8791,
        "Total revenue financing activities": 644,
        "Net profit from business activities": 4567,
        "Profit": -7,
        "Profit before tax": 4560,
        "Present corporate income tax expenses": 1271,
        "Deferred income taxes expenses": "N/A",
        "The interests of minority shareholders": "N/A",
        "Total Cost of profits": 1271,
        "Profit after tax corporate income": 3290,
        "Volume": 5200000,
        "Close of Quarter": 12.3,
        "EPS": 1263.4,
        "Non-adjusted EPS": 1756,
        "PE": 7.0,
        "Book Price": 12.5
      }
    },
    {
      "quarter": "Q1 2008",
      "income status": {
        "Net sales": 59939,
        "Cost of goods sold": 53230,
        "Gross Profit": 6710,
        "Financial expenses": 373,
        "Of which: Interest expense": 194,
        "Cost of sales": 1791,
        "Enterprise cost management": 1702,
        "Total Operating Expenses": 3866,
        "Total revenue financing activities": 450,
        "Net profit from business activities": 3293,
        "Profit": 6,
        "Profit before tax": 3300,
        "Present corporate income tax expenses": 922,
        "Deferred income taxes expenses": "N/A",
        "The interests of minority shareholders": "N/A",
        "Total Cost of profits": 922,
        "Profit after tax corporate income": 2378,
        "Volume": 5200000,
        "Close of Quarter": 13.2,
        "EPS": 1143.2,
        "Non-adjusted EPS": 1589,
        "PE": 8.3,
        "Book Price": 12.0
      }
    },
    {
      "quarter": "Q4 2007",
      "income status": {
        "Net sales": 63716,
        "Cost of goods sold": 57391,
        "Gross Profit": 6325,
        "Financial expenses": 999,
        "Of which: Interest expense": "N/A",
        "Cost of sales": 1889,
        "Enterprise cost management": 1966,
        "Total Operating Expenses": 4854,
        "Total revenue financing activities": 1346,
        "Net profit from business activities": 2817,
        "Profit": 68,
        "Profit before tax": 2884,
        "Present corporate income tax expenses": 1095,
        "Deferred income taxes expenses": "N/A",
        "The interests of minority shareholders": "N/A",
        "Total Cost of profits": 1095,
        "Profit after tax corporate income": 1790,
        "Volume": 5200000,
        "Close of Quarter": 13.0,
        "EPS": 1086.4,
        "Non-adjusted EPS": 1510,
        "PE": 8.6,
        "Book Price": 11.7
      }
    },
    {
      "quarter": "Q3 2007",
      "income status": {
        "Net sales": 53110,
        "Cost of goods sold": 48040,
        "Gross Profit": 5070,
        "Financial expenses": 496,
        "Of which: Interest expense": "N/A",
        "Cost of sales": 1099,
        "Enterprise cost management": 1546,
        "Total Operating Expenses": 3141,
        "Total revenue financing activities": 394,
        "Net profit from business activities": 2323,
        "Profit": "N/A",
        "Profit before tax": 2323,
        "Present corporate income tax expenses": 651,
        "Deferred income taxes expenses": "N/A",
        "The interests of minority shareholders": "N/A",
        "Total Cost of profits": 651,
        "Profit after tax corporate income": 1673,
        "Volume": 5200000,
        "Close of Quarter": 13.6,
        "EPS": 1033.9,
        "Non-adjusted EPS": 1437,
        "PE": 9.5,
        "Book Price": 12.5
      }
    },
    {
      "quarter": "Q2 2007",
      "income status": {
        "Net sales": 56541,
        "Cost of goods sold": 50723,
        "Gross Profit": 5818,
        "Financial expenses": 308,
        "Of which: Interest expense": 199,
        "Cost of sales": 1372,
        "Enterprise cost management": 1659,
        "Total Operating Expenses": 3339,
        "Total revenue financing activities": 755,
        "Net profit from business activities": 3235,
        "Profit": 1,
        "Profit before tax": 3236,
        "Present corporate income tax expenses": 812,
        "Deferred income taxes expenses": "N/A",
        "The interests of minority shareholders": "N/A",
        "Total Cost of profits": 812,
        "Profit after tax corporate income": 2424,
        "Volume": 5200000,
        "Close of Quarter": 13.6,
        "EPS": 1078.5,
        "Non-adjusted EPS": 1499,
        "PE": 9.1,
        "Book Price": 12.2
      }
    },
    {
      "quarter": "Q1 2007",
      "income status": {
        "Net sales": 42514,
        "Cost of goods sold": 38269,
        "Gross Profit": 4244,
        "Financial expenses": 413,
        "Of which: Interest expense": 413,
        "Cost of sales": 1197,
        "Enterprise cost management": 1097,
        "Total Operating Expenses": 2707,
        "Total revenue financing activities": 908,
        "Net profit from business activities": 2445,
        "Profit": "N/A",
        "Profit before tax": 2445,
        "Present corporate income tax expenses": 482,
        "Deferred income taxes expenses": "N/A",
        "The interests of minority shareholders": "N/A",
        "Total Cost of profits": 482,
        "Profit after tax corporate income": 1964,
        "Volume": 3200000,
        "Close of Quarter": 16.8,
        "EPS": 942.2,
        "Non-adjusted EPS": 2128,
        "PE": 7.9,
        "Book Price": 5.8
      }
    },
    {
      "quarter": "Q4 2006",
      "income status": {
        "Net sales": 46798,
        "Cost of goods sold": 41994,
        "Gross Profit": 4804,
        "Financial expenses": 565,
        "Of which: Interest expense": 565,
        "Cost of sales": 1220,
        "Enterprise cost management": 1549,
        "Total Operating Expenses": 3334,
        "Total revenue financing activities": 234,
        "Net profit from business activities": 1704,
        "Profit": 196,
        "Profit before tax": 1900,
        "Present corporate income tax expenses": 488,
        "Deferred income taxes expenses": "N/A",
        "The interests of minority shareholders": "N/A",
        "Total Cost of profits": 488,
        "Profit after tax corporate income": 1412,
        "Volume": 3200000,
        "Close of Quarter": 11.7,
        "EPS": 845.2,
        "Non-adjusted EPS": 1909,
        "PE": 6.1,
        "Book Price": 5.6
      }
    },
    {
      "quarter": "Q3 2006",
      "income status": {
        "Net sales": 46087,
        "Cost of goods sold": 40152,
        "Gross Profit": 5934,
        "Financial expenses": 469,
        "Of which: Interest expense": 433,
        "Cost of sales": 1335,
        "Enterprise cost management": 1573,
        "Total Operating Expenses": 3377,
        "Total revenue financing activities": 141,
        "Net profit from business activities": 2698,
        "Profit": 39,
        "Profit before tax": 2737,
        "Present corporate income tax expenses": 740,
        "Deferred income taxes expenses": "N/A",
        "The interests of minority shareholders": "N/A",
        "Total Cost of profits": 740,
        "Profit after tax corporate income": 1996,
        "Volume": 3200000,
        "Close of Quarter": 12.8,
        "EPS": 650.0,
        "Non-adjusted EPS": 1468,
        "PE": 8.7,
        "Book Price": 6.0
      }
    },
    {
      "quarter": "Q2 2006",
      "income status": {
        "Net sales": 43105,
        "Cost of goods sold": 37936,
        "Gross Profit": 5170,
        "Financial expenses": 638,
        "Of which: Interest expense": 638,
        "Cost of sales": 1227,
        "Enterprise cost management": 1489,
        "Total Operating Expenses": 3354,
        "Total revenue financing activities": 76,
        "Net profit from business activities": 1892,
        "Profit": 62,
        "Profit before tax": 1954,
        "Present corporate income tax expenses": 515,
        "Deferred income taxes expenses": "N/A",
        "The interests of minority shareholders": "N/A",
        "Total Cost of profits": 515,
        "Profit after tax corporate income": 1439,
        "Volume": 3200000,
        "Close of Quarter": 9.7,
        "EPS": 373.7,
        "Non-adjusted EPS": 844,
        "PE": 11.5,
        "Book Price": 5.7
      }
    },
    {
      "quarter": "Q1 2006",
      "income status": {
        "Net sales": 36889,
        "Cost of goods sold": 32577,
        "Gross Profit": 4312,
        "Financial expenses": 484,
        "Of which: Interest expense": 484,
        "Cost of sales": 1093,
        "Enterprise cost management": 1167,
        "Total Operating Expenses": 2744,
        "Total revenue financing activities": 183,
        "Net profit from business activities": 1750,
        "Profit": 1,
        "Profit before tax": 1751,
        "Present corporate income tax expenses": 490,
        "Deferred income taxes expenses": "N/A",
        "The interests of minority shareholders": "N/A",
        "Total Cost of profits": 490,
        "Profit after tax corporate income": 1261,
        "Volume": 3200000,
        "Close of Quarter": 9.0,
        "EPS": 174.4,
        "Non-adjusted EPS": 394,
        "PE": 22.8,
        "Book Price": 5.4
      }
    }
  ]
}