{
  "ticker": "NTL",
  "data": [
    {
      "quarter": "Q1 2017",
      "income status": {
        "Net sales": 28730,
        "Cost of goods sold": 18647,
        "Gross Profit": 10083,
        "Financial expenses": 1565,
        "Of which: Interest expense": "N/A",
        "Cost of sales": "N/A",
        "Enterprise cost management": 5409,
        "Total Operating Expenses": 6974,
        "Total revenue financing activities": 173,
        "Net profit from business activities": 3282,
        "Profit": -653,
        "Profit before tax": 2629,
        "Present corporate income tax expenses": 671,
        "Deferred income taxes expenses": "N/A",
        "The interests of minority shareholders": -238,
        "Total Cost of profits": 433,
        "Profit after tax corporate income": 2196,
        "Volume": 60989950,
        "Close of Quarter": 9.9,
        "EPS": 1302,
        "Non-adjusted EPS": 1302,
        "PE": 7.6,
        "Book Price": 15.8
      }
    },
    {
      "quarter": "Q4 2016",
      "income status": {
        "Net sales": 145640,
        "Cost of goods sold": 134617,
        "Gross Profit": 11023,
        "Financial expenses": 2083,
        "Of which: Interest expense": "N/A",
        "Cost of sales": "N/A",
        "Enterprise cost management": 7420,
        "Total Operating Expenses": 9503,
        "Total revenue financing activities": 58901,
        "Net profit from business activities": 60421,
        "Profit": -36,
        "Profit before tax": 60386,
        "Present corporate income tax expenses": 8945,
        "Deferred income taxes expenses": "N/A",
        "The interests of minority shareholders": 671,
        "Total Cost of profits": 9616,
        "Profit after tax corporate income": 50769,
        "Volume": 60989950,
        "Close of Quarter": 9.4,
        "EPS": 1300,
        "Non-adjusted EPS": 1300,
        "PE": 7.2,
        "Book Price": 15.7
      }
    },
    {
      "quarter": "Q3 2016",
      "income status": {
        "Net sales": 44523,
        "Cost of goods sold": 28125,
        "Gross Profit": 16398,
        "Financial expenses": 993,
        "Of which: Interest expense": "N/A",
        "Cost of sales": "N/A",
        "Enterprise cost management": 4483,
        "Total Operating Expenses": 5476,
        "Total revenue financing activities": 11889,
        "Net profit from business activities": 22811,
        "Profit": -4,
        "Profit before tax": 22807,
        "Present corporate income tax expenses": 2298,
        "Deferred income taxes expenses": "N/A",
        "The interests of minority shareholders": -45,
        "Total Cost of profits": 2253,
        "Profit after tax corporate income": 20555,
        "Volume": 60989950,
        "Close of Quarter": 9.4,
        "EPS": 1267,
        "Non-adjusted EPS": 1267,
        "PE": 7.4,
        "Book Price": 15
      }
    },
    {
      "quarter": "Q2 2016",
      "income status": {
        "Net sales": 111647,
        "Cost of goods sold": 98791,
        "Gross Profit": 12856,
        "Financial expenses": 670,
        "Of which: Interest expense": "N/A",
        "Cost of sales": "N/A",
        "Enterprise cost management": 4553,
        "Total Operating Expenses": 5223,
        "Total revenue financing activities": 451,
        "Net profit from business activities": 8084,
        "Profit": -690,
        "Profit before tax": 7394,
        "Present corporate income tax expenses": 1811,
        "Deferred income taxes expenses": "N/A",
        "The interests of minority shareholders": -317,
        "Total Cost of profits": 1494,
        "Profit after tax corporate income": 5900,
        "Volume": 60989950,
        "Close of Quarter": 10.3,
        "EPS": 1319,
        "Non-adjusted EPS": 1319,
        "PE": 7.8,
        "Book Price": 14.7
      }
    },
    {
      "quarter": "Q1 2016",
      "income status": {
        "Net sales": 36430,
        "Cost of goods sold": 29683,
        "Gross Profit": 6747,
        "Financial expenses": -1319,
        "Of which: Interest expense": "N/A",
        "Cost of sales": "N/A",
        "Enterprise cost management": 5685,
        "Total Operating Expenses": 4366,
        "Total revenue financing activities": 192,
        "Net profit from business activities": 2573,
        "Profit": -34,
        "Profit before tax": 2539,
        "Present corporate income tax expenses": 525,
        "Deferred income taxes expenses": "N/A",
        "The interests of minority shareholders": -31,
        "Total Cost of profits": 494,
        "Profit after tax corporate income": 2045,
        "Volume": 60989950,
        "Close of Quarter": 10.5,
        "EPS": 1552,
        "Non-adjusted EPS": 1552,
        "PE": 6.8,
        "Book Price": 14.7
      }
    },
    {
      "quarter": "Q4 2015",
      "income status": {
        "Net sales": 255012,
        "Cost of goods sold": 183856,
        "Gross Profit": 71156,
        "Financial expenses": 2057,
        "Of which: Interest expense": "N/A",
        "Cost of sales": "N/A",
        "Enterprise cost management": 6434,
        "Total Operating Expenses": 8491,
        "Total revenue financing activities": 1110,
        "Net profit from business activities": 63776,
        "Profit": -344,
        "Profit before tax": 63431,
        "Present corporate income tax expenses": 14224,
        "Deferred income taxes expenses": "N/A",
        "The interests of minority shareholders": 450,
        "Total Cost of profits": 14674,
        "Profit after tax corporate income": 48757,
        "Volume": 60989950,
        "Close of Quarter": 12.5,
        "EPS": 1549,
        "Non-adjusted EPS": 1549,
        "PE": 8.1,
        "Book Price": 14.6
      }
    },
    {
      "quarter": "Q3 2015",
      "income status": {
        "Net sales": 109896,
        "Cost of goods sold": 75031,
        "Gross Profit": 34866,
        "Financial expenses": 158,
        "Of which: Interest expense": "N/A",
        "Cost of sales": "N/A",
        "Enterprise cost management": 5231,
        "Total Operating Expenses": 5389,
        "Total revenue financing activities": 938,
        "Net profit from business activities": 30415,
        "Profit": -433,
        "Profit before tax": 29982,
        "Present corporate income tax expenses": 6519,
        "Deferred income taxes expenses": "N/A",
        "The interests of minority shareholders": -308,
        "Total Cost of profits": 6211,
        "Profit after tax corporate income": 23771,
        "Volume": 60989950,
        "Close of Quarter": 13.1,
        "EPS": 998,
        "Non-adjusted EPS": 998,
        "PE": 13.1,
        "Book Price": 14.8
      }
    },
    {
      "quarter": "Q2 2015",
      "income status": {
        "Net sales": 99129,
        "Cost of goods sold": 67072,
        "Gross Profit": 32057,
        "Financial expenses": -143,
        "Of which: Interest expense": "N/A",
        "Cost of sales": "N/A",
        "Enterprise cost management": 5099,
        "Total Operating Expenses": 4956,
        "Total revenue financing activities": 705,
        "Net profit from business activities": 27806,
        "Profit": -1548,
        "Profit before tax": 26258,
        "Present corporate income tax expenses": 5790,
        "Deferred income taxes expenses": "N/A",
        "The interests of minority shareholders": 400,
        "Total Cost of profits": 6190,
        "Profit after tax corporate income": 20069,
        "Volume": 60989950,
        "Close of Quarter": 13.0,
        "EPS": 813,
        "Non-adjusted EPS": 813,
        "PE": 16,
        "Book Price": 14.5
      }
    },
    {
      "quarter": "Q1 2015",
      "income status": {
        "Net sales": 22042,
        "Cost of goods sold": 17037,
        "Gross Profit": 5005,
        "Financial expenses": -968,
        "Of which: Interest expense": "N/A",
        "Cost of sales": "N/A",
        "Enterprise cost management": 4379,
        "Total Operating Expenses": 3411,
        "Total revenue financing activities": 199,
        "Net profit from business activities": 1793,
        "Profit": 403,
        "Profit before tax": 2196,
        "Present corporate income tax expenses": 597,
        "Deferred income taxes expenses": "N/A",
        "The interests of minority shareholders": -265,
        "Total Cost of profits": 332,
        "Profit after tax corporate income": 1864,
        "Volume": 60989950,
        "Close of Quarter": 12.4,
        "EPS": 489,
        "Non-adjusted EPS": 489,
        "PE": 25.3,
        "Book Price": 14.2
      }
    },
    {
      "quarter": "Q4 2014",
      "income status": {
        "Net sales": 65257,
        "Cost of goods sold": 43793,
        "Gross Profit": 21464,
        "Financial expenses": 1387,
        "Of which: Interest expense": "N/A",
        "Cost of sales": "N/A",
        "Enterprise cost management": 4867,
        "Total Operating Expenses": 6254,
        "Total revenue financing activities": 4614,
        "Net profit from business activities": 19823,
        "Profit": 731,
        "Profit before tax": 20554,
        "Present corporate income tax expenses": 4672,
        "Deferred income taxes expenses": "N/A",
        "The interests of minority shareholders": 717,
        "Total Cost of profits": 5389,
        "Profit after tax corporate income": 15165,
        "Volume": 60989950,
        "Close of Quarter": 13.0,
        "EPS": 606,
        "Non-adjusted EPS": 606,
        "PE": 21.5,
        "Book Price": 14.1
      }
    },
    {
      "quarter": "Q3 2014",
      "income status": {
        "Net sales": 58664,
        "Cost of goods sold": 46573,
        "Gross Profit": 12091,
        "Financial expenses": 4,
        "Of which: Interest expense": "N/A",
        "Cost of sales": "N/A",
        "Enterprise cost management": 3875,
        "Total Operating Expenses": 3879,
        "Total revenue financing activities": 7275,
        "Net profit from business activities": 15487,
        "Profit": 316,
        "Profit before tax": 15803,
        "Present corporate income tax expenses": 3334,
        "Deferred income taxes expenses": 198,
        "The interests of minority shareholders": -243,
        "Total Cost of profits": 3289,
        "Profit after tax corporate income": 12514,
        "Volume": 60989950,
        "Close of Quarter": 13.3,
        "EPS": 1258,
        "Non-adjusted EPS": 1258,
        "PE": 10.6,
        "Book Price": 14
      }
    },
    {
      "quarter": "Q2 2014",
      "income status": {
        "Net sales": 59140,
        "Cost of goods sold": 46926,
        "Gross Profit": 12214,
        "Financial expenses": 7997,
        "Of which: Interest expense": "N/A",
        "Cost of sales": "N/A",
        "Enterprise cost management": 4989,
        "Total Operating Expenses": 12986,
        "Total revenue financing activities": 1264,
        "Net profit from business activities": 492,
        "Profit": -65,
        "Profit before tax": 427,
        "Present corporate income tax expenses": 314,
        "Deferred income taxes expenses": -198,
        "The interests of minority shareholders": 45,
        "Total Cost of profits": 161,
        "Profit after tax corporate income": 266,
        "Volume": 60989950,
        "Close of Quarter": 13.3,
        "EPS": 1230,
        "Non-adjusted EPS": 1230,
        "PE": 10.8,
        "Book Price": 13.8
      }
    },
    {
      "quarter": "Q1 2014",
      "income status": {
        "Net sales": 40911,
        "Cost of goods sold": 34068,
        "Gross Profit": 6843,
        "Financial expenses": -7147,
        "Of which: Interest expense": "N/A",
        "Cost of sales": "N/A",
        "Enterprise cost management": 4274,
        "Total Operating Expenses": -2873,
        "Total revenue financing activities": 1289,
        "Net profit from business activities": 11006,
        "Profit": 462,
        "Profit before tax": 11467,
        "Present corporate income tax expenses": 2600,
        "Deferred income taxes expenses": "N/A",
        "The interests of minority shareholders": -138,
        "Total Cost of profits": 2462,
        "Profit after tax corporate income": 9005,
        "Volume": 60989950,
        "Close of Quarter": 16.3,
        "EPS": 1547,
        "Non-adjusted EPS": 1547,
        "PE": 10.5,
        "Book Price": 13.8
      }
    },
    {
      "quarter": "Q4 2013",
      "income status": {
        "Net sales": 151414,
        "Cost of goods sold": 110997,
        "Gross Profit": 40417,
        "Financial expenses": -8531,
        "Of which: Interest expense": "N/A",
        "Cost of sales": "N/A",
        "Enterprise cost management": 5696,
        "Total Operating Expenses": -2835,
        "Total revenue financing activities": 26042,
        "Net profit from business activities": 69295,
        "Profit": -3059,
        "Profit before tax": 66235,
        "Present corporate income tax expenses": 10352,
        "Deferred income taxes expenses": "N/A",
        "The interests of minority shareholders": 935,
        "Total Cost of profits": 11287,
        "Profit after tax corporate income": 54948,
        "Volume": 60989950,
        "Close of Quarter": 12.4,
        "EPS": 1494,
        "Non-adjusted EPS": 1494,
        "PE": 8.3,
        "Book Price": 13.9
      }
    },
    {
      "quarter": "Q3 2013",
      "income status": {
        "Net sales": 72703,
        "Cost of goods sold": 55006,
        "Gross Profit": 17697,
        "Financial expenses": 3546,
        "Of which: Interest expense": "N/A",
        "Cost of sales": "N/A",
        "Enterprise cost management": 3804,
        "Total Operating Expenses": 7350,
        "Total revenue financing activities": 2759,
        "Net profit from business activities": 13106,
        "Profit": 776,
        "Profit before tax": 13882,
        "Present corporate income tax expenses": 3564,
        "Deferred income taxes expenses": "N/A",
        "The interests of minority shareholders": -486,
        "Total Cost of profits": 3078,
        "Profit after tax corporate income": 10804,
        "Volume": 60989950,
        "Close of Quarter": 10.5,
        "EPS": 1115,
        "Non-adjusted EPS": 1115,
        "PE": 9.4,
        "Book Price": 13.4
      }
    },
    {
      "quarter": "Q2 2013",
      "income status": {
        "Net sales": 153967,
        "Cost of goods sold": 122023,
        "Gross Profit": 31945,
        "Financial expenses": -2525,
        "Of which: Interest expense": "N/A",
        "Cost of sales": "N/A",
        "Enterprise cost management": 5590,
        "Total Operating Expenses": 3065,
        "Total revenue financing activities": 5059,
        "Net profit from business activities": 33939,
        "Profit": -7492,
        "Profit before tax": 26447,
        "Present corporate income tax expenses": 7124,
        "Deferred income taxes expenses": "N/A",
        "The interests of minority shareholders": -293,
        "Total Cost of profits": 6831,
        "Profit after tax corporate income": 19616,
        "Volume": 60989950,
        "Close of Quarter": 10.8,
        "EPS": 902,
        "Non-adjusted EPS": 902,
        "PE": 11.9,
        "Book Price": 13.2
      }
    },
    {
      "quarter": "Q1 2013",
      "income status": {
        "Net sales": 71777,
        "Cost of goods sold": 60547,
        "Gross Profit": 11229,
        "Financial expenses": 1768,
        "Of which: Interest expense": "N/A",
        "Cost of sales": "N/A",
        "Enterprise cost management": 5093,
        "Total Operating Expenses": 6861,
        "Total revenue financing activities": 2850,
        "Net profit from business activities": 7219,
        "Profit": 510,
        "Profit before tax": 7729,
        "Present corporate income tax expenses": 1903,
        "Deferred income taxes expenses": "N/A",
        "The interests of minority shareholders": 105,
        "Total Cost of profits": 2008,
        "Profit after tax corporate income": 5721,
        "Volume": 60989950,
        "Close of Quarter": 12.4,
        "EPS": 784,
        "Non-adjusted EPS": 784,
        "PE": 15.8,
        "Book Price": 13.1
      }
    },
    {
      "quarter": "Q4 2012",
      "income status": {
        "Net sales": 194598,
        "Cost of goods sold": 153227,
        "Gross Profit": 41371,
        "Financial expenses": 1151,
        "Of which: Interest expense": 1,
        "Cost of sales": "N/A",
        "Enterprise cost management": 6229,
        "Total Operating Expenses": 7380,
        "Total revenue financing activities": 6155,
        "Net profit from business activities": 40147,
        "Profit": 378,
        "Profit before tax": 40524,
        "Present corporate income tax expenses": 8457,
        "Deferred income taxes expenses": "N/A",
        "The interests of minority shareholders": 179,
        "Total Cost of profits": 8636,
        "Profit after tax corporate income": 31888,
        "Volume": 60989950,
        "Close of Quarter": 13.2,
        "EPS": 887,
        "Non-adjusted EPS": 887,
        "PE": 14.9,
        "Book Price": 14.2
      }
    },
    {
      "quarter": "Q3 2012",
      "income status": {
        "Net sales": 136116,
        "Cost of goods sold": 109154,
        "Gross Profit": 26961,
        "Financial expenses": 24489,
        "Of which: Interest expense": "N/A",
        "Cost of sales": "N/A",
        "Enterprise cost management": 5525,
        "Total Operating Expenses": 30014,
        "Total revenue financing activities": 3302,
        "Net profit from business activities": 250,
        "Profit": -77,
        "Profit before tax": 173,
        "Present corporate income tax expenses": 2100,
        "Deferred income taxes expenses": "N/A",
        "The interests of minority shareholders": 281,
        "Total Cost of profits": 2381,
        "Profit after tax corporate income": -2208,
        "Volume": 60989950,
        "Close of Quarter": 11.3,
        "EPS": 575,
        "Non-adjusted EPS": 575,
        "PE": 19.6,
        "Book Price": 13.7
      }
    },
    {
      "quarter": "Q2 2012",
      "income status": {
        "Net sales": 121347,
        "Cost of goods sold": 101909,
        "Gross Profit": 19438,
        "Financial expenses": -1411,
        "Of which: Interest expense": 267,
        "Cost of sales": "N/A",
        "Enterprise cost management": 5263,
        "Total Operating Expenses": 3852,
        "Total revenue financing activities": 7990,
        "Net profit from business activities": 23576,
        "Profit": -2255,
        "Profit before tax": 21321,
        "Present corporate income tax expenses": 8761,
        "Deferred income taxes expenses": "N/A",
        "The interests of minority shareholders": 150,
        "Total Cost of profits": 8911,
        "Profit after tax corporate income": 12410,
        "Volume": 60989950,
        "Close of Quarter": 17.0,
        "EPS": 957,
        "Non-adjusted EPS": 957,
        "PE": 17.7,
        "Book Price": 13.7
      }
    },
    {
      "quarter": "Q1 2012",
      "income status": {
        "Net sales": 363168,
        "Cost of goods sold": 330081,
        "Gross Profit": 33087,
        "Financial expenses": -1136,
        "Of which: Interest expense": 2341,
        "Cost of sales": "N/A",
        "Enterprise cost management": 17477,
        "Total Operating Expenses": 16341,
        "Total revenue financing activities": 6625,
        "Net profit from business activities": 23371,
        "Profit": -750,
        "Profit before tax": 22622,
        "Present corporate income tax expenses": 4596,
        "Deferred income taxes expenses": "N/A",
        "The interests of minority shareholders": 6033,
        "Total Cost of profits": 10629,
        "Profit after tax corporate income": 11993,
        "Volume": 60989950,
        "Close of Quarter": 14.0,
        "EPS": 949,
        "Non-adjusted EPS": 949,
        "PE": 14.8,
        "Book Price": 13.6
      }
    },
    {
      "quarter": "Q4 2011",
      "income status": {
        "Net sales": 199399,
        "Cost of goods sold": 173933,
        "Gross Profit": 25466,
        "Financial expenses": 8992,
        "Of which: Interest expense": 1224,
        "Cost of sales": "N/A",
        "Enterprise cost management": 11534,
        "Total Operating Expenses": 20526,
        "Total revenue financing activities": 15999,
        "Net profit from business activities": 20939,
        "Profit": -2009,
        "Profit before tax": 18930,
        "Present corporate income tax expenses": 2504,
        "Deferred income taxes expenses": "N/A",
        "The interests of minority shareholders": 3561,
        "Total Cost of profits": 6065,
        "Profit after tax corporate income": 12865,
        "Volume": 61500000,
        "Close of Quarter": 10.4,
        "EPS": 1387.5,
        "Non-adjusted EPS": 1376,
        "PE": 7.5,
        "Book Price": 13.6
      }
    },
    {
      "quarter": "Q3 2011",
      "income status": {
        "Net sales": 100976,
        "Cost of goods sold": 84328,
        "Gross Profit": 16647,
        "Financial expenses": 105,
        "Of which: Interest expense": 105,
        "Cost of sales": "N/A",
        "Enterprise cost management": 8602,
        "Total Operating Expenses": 8707,
        "Total revenue financing activities": 22459,
        "Net profit from business activities": 30399,
        "Profit": 7,
        "Profit before tax": 30406,
        "Present corporate income tax expenses": 5915,
        "Deferred income taxes expenses": 785,
        "The interests of minority shareholders": 2633,
        "Total Cost of profits": 9333,
        "Profit after tax corporate income": 21073,
        "Volume": 61600000,
        "Close of Quarter": 14.6,
        "EPS": 5186.4,
        "Non-adjusted EPS": 5135,
        "PE": 2.9,
        "Book Price": 15.8
      }
    },
    {
      "quarter": "Q2 2011",
      "income status": {
        "Net sales": 183751,
        "Cost of goods sold": 143352,
        "Gross Profit": 40399,
        "Financial expenses": 37194,
        "Of which: Interest expense": 577,
        "Cost of sales": "N/A",
        "Enterprise cost management": 10371,
        "Total Operating Expenses": 47565,
        "Total revenue financing activities": 29536,
        "Net profit from business activities": 22370,
        "Profit": -4619,
        "Profit before tax": 17751,
        "Present corporate income tax expenses": 4625,
        "Deferred income taxes expenses": "N/A",
        "The interests of minority shareholders": 1204,
        "Total Cost of profits": 5829,
        "Profit after tax corporate income": 11922,
        "Volume": 30800000,
        "Close of Quarter": 15.9,
        "EPS": 6339.8,
        "Non-adjusted EPS": 12554,
        "PE": 1.3,
        "Book Price": 15.5
      }
    },
    {
      "quarter": "Q1 2011",
      "income status": {
        "Net sales": 93806,
        "Cost of goods sold": 46450,
        "Gross Profit": 47356,
        "Financial expenses": 436,
        "Of which: Interest expense": 435,
        "Cost of sales": "N/A",
        "Enterprise cost management": 6908,
        "Total Operating Expenses": 7344,
        "Total revenue financing activities": 11889,
        "Net profit from business activities": 51902,
        "Profit": 1109,
        "Profit before tax": 53011,
        "Present corporate income tax expenses": 13112,
        "Deferred income taxes expenses": "N/A",
        "The interests of minority shareholders": 1122,
        "Total Cost of profits": 14234,
        "Profit after tax corporate income": 38777,
        "Volume": 30800000,
        "Close of Quarter": 20.1,
        "EPS": 9990.9,
        "Non-adjusted EPS": 19784,
        "PE": 1.0,
        "Book Price": 15.2
      }
    },
    {
      "quarter": "Q4 2010",
      "income status": {
        "Net sales": 579292,
        "Cost of goods sold": 249625,
        "Gross Profit": 329667,
        "Financial expenses": -139,
        "Of which: Interest expense": 149,
        "Cost of sales": 214,
        "Enterprise cost management": 11489,
        "Total Operating Expenses": 11564,
        "Total revenue financing activities": 26339,
        "Net profit from business activities": 344443,
        "Profit": -1887,
        "Profit before tax": 342555,
        "Present corporate income tax expenses": 91020,
        "Deferred income taxes expenses": "N/A",
        "The interests of minority shareholders": 6971,
        "Total Cost of profits": 97991,
        "Profit after tax corporate income": 244565,
        "Volume": 32500000,
        "Close of Quarter": 22.6,
        "EPS": 9421.2,
        "Non-adjusted EPS": 17680,
        "PE": 1.3,
        "Book Price": 15.4
      }
    },
    {
      "quarter": "Q3 2010",
      "income status": {
        "Net sales": 324038,
        "Cost of goods sold": 208848,
        "Gross Profit": 115190,
        "Financial expenses": "N/A",
        "Of which: Interest expense": "N/A",
        "Cost of sales": 4035,
        "Enterprise cost management": 8523,
        "Total Operating Expenses": 12558,
        "Total revenue financing activities": 18120,
        "Net profit from business activities": 120751,
        "Profit": 681,
        "Profit before tax": 121432,
        "Present corporate income tax expenses": 29435,
        "Deferred income taxes expenses": "N/A",
        "The interests of minority shareholders": 612,
        "Total Cost of profits": 30047,
        "Profit after tax corporate income": 91385,
        "Volume": 32800000,
        "Close of Quarter": 22.3,
        "EPS": 9495.3,
        "Non-adjusted EPS": 17656,
        "PE": 1.3,
        "Book Price": 14.4
      }
    },
    {
      "quarter": "Q2 2010",
      "income status": {
        "Net sales": 469444,
        "Cost of goods sold": 156292,
        "Gross Profit": 313152,
        "Financial expenses": -1124,
        "Of which: Interest expense": 34,
        "Cost of sales": "N/A",
        "Enterprise cost management": 8691,
        "Total Operating Expenses": 7567,
        "Total revenue financing activities": 8837,
        "Net profit from business activities": 314422,
        "Profit": 156,
        "Profit before tax": 314577,
        "Present corporate income tax expenses": 79314,
        "Deferred income taxes expenses": "N/A",
        "The interests of minority shareholders": 651,
        "Total Cost of profits": 79965,
        "Profit after tax corporate income": 234612,
        "Volume": 16400000,
        "Close of Quarter": 27.0,
        "EPS": 9422.7,
        "Non-adjusted EPS": 35042,
        "PE": 0.8,
        "Book Price": 13.1
      }
    },
    {
      "quarter": "Q1 2010",
      "income status": {
        "Net sales": 27244,
        "Cost of goods sold": 25277,
        "Gross Profit": 1967,
        "Financial expenses": 1464,
        "Of which: Interest expense": 18,
        "Cost of sales": "N/A",
        "Enterprise cost management": 4689,
        "Total Operating Expenses": 6153,
        "Total revenue financing activities": 10366,
        "Net profit from business activities": 6180,
        "Profit": -788,
        "Profit before tax": 5392,
        "Present corporate income tax expenses": 1348,
        "Deferred income taxes expenses": "N/A",
        "The interests of minority shareholders": "N/A",
        "Total Cost of profits": 1348,
        "Profit after tax corporate income": 4044,
        "Volume": 16316660,
        "Close of Quarter": 24.8,
        "EPS": 7024.8,
        "Non-adjusted EPS": 26258,
        "PE": 1.0,
        "Book Price": 9.2
      }
    },
    {
      "quarter": "Q4 2009",
      "income status": {
        "Net sales": 641034,
        "Cost of goods sold": 315786,
        "Gross Profit": 325248,
        "Financial expenses": -3686,
        "Of which: Interest expense": 103,
        "Cost of sales": "N/A",
        "Enterprise cost management": 10770,
        "Total Operating Expenses": 7084,
        "Total revenue financing activities": 17346,
        "Net profit from business activities": 335510,
        "Profit": -1257,
        "Profit before tax": 334253,
        "Present corporate income tax expenses": 85162,
        "Deferred income taxes expenses": "N/A",
        "The interests of minority shareholders": "N/A",
        "Total Cost of profits": 85162,
        "Profit after tax corporate income": 249091,
        "Volume": 16316660,
        "Close of Quarter": 24.0,
        "EPS": 7045.1,
        "Non-adjusted EPS": 26334,
        "PE": 0.9,
        "Book Price": 8.7
      }
    },
    {
      "quarter": "Q3 2009",
      "income status": {
        "Net sales": 434814,
        "Cost of goods sold": 176558,
        "Gross Profit": 258257,
        "Financial expenses": 33,
        "Of which: Interest expense": 33,
        "Cost of sales": "N/A",
        "Enterprise cost management": 4599,
        "Total Operating Expenses": 4632,
        "Total revenue financing activities": 3676,
        "Net profit from business activities": 257301,
        "Profit": -409,
        "Profit before tax": 256892,
        "Present corporate income tax expenses": 80180,
        "Deferred income taxes expenses": "N/A",
        "The interests of minority shareholders": 89768,
        "Total Cost of profits": 169948,
        "Profit after tax corporate income": 86943,
        "Volume": 16316660,
        "Close of Quarter": 21.2,
        "EPS": 4440.5,
        "Non-adjusted EPS": 16598,
        "PE": 1.3,
        "Book Price": 5.7
      }
    },
    {
      "quarter": "Q2 2009",
      "income status": {
        "Net sales": 277983,
        "Cost of goods sold": 160405,
        "Gross Profit": 117577,
        "Financial expenses": 5314,
        "Of which: Interest expense": 184,
        "Cost of sales": "N/A",
        "Enterprise cost management": 5825,
        "Total Operating Expenses": 11139,
        "Total revenue financing activities": 10642,
        "Net profit from business activities": 117080,
        "Profit": -115,
        "Profit before tax": 116965,
        "Present corporate income tax expenses": 28594,
        "Deferred income taxes expenses": "N/A",
        "The interests of minority shareholders": "N/A",
        "Total Cost of profits": 28594,
        "Profit after tax corporate income": 88370,
        "Volume": 16316660,
        "Close of Quarter": 12.6,
        "EPS": 3118.3,
        "Non-adjusted EPS": 11656,
        "PE": 1.1,
        "Book Price": 5.0
      }
    },
    {
      "quarter": "Q1 2009",
      "income status": {
        "Net sales": 19839,
        "Cost of goods sold": 11363,
        "Gross Profit": 8477,
        "Financial expenses": "N/A",
        "Of which: Interest expense": "N/A",
        "Cost of sales": "N/A",
        "Enterprise cost management": 2078,
        "Total Operating Expenses": 2078,
        "Total revenue financing activities": 639,
        "Net profit from business activities": 7038,
        "Profit": "N/A",
        "Profit before tax": 7038,
        "Present corporate income tax expenses": 1759,
        "Deferred income taxes expenses": "N/A",
        "The interests of minority shareholders": "N/A",
        "Total Cost of profits": 1759,
        "Profit after tax corporate income": 5278,
        "Volume": 16316660,
        "Close of Quarter": 5.2,
        "EPS": 1698.8,
        "Non-adjusted EPS": 6350,
        "PE": 0.8,
        "Book Price": 4.3
      }
    },
    {
      "quarter": "Q4 2008",
      "income status": {
        "Net sales": 311453,
        "Cost of goods sold": 182528,
        "Gross Profit": 128925,
        "Financial expenses": -2466,
        "Of which: Interest expense": 296,
        "Cost of sales": "N/A",
        "Enterprise cost management": 7056,
        "Total Operating Expenses": 4590,
        "Total revenue financing activities": 1141,
        "Net profit from business activities": 125476,
        "Profit": 626,
        "Profit before tax": 126101,
        "Present corporate income tax expenses": 35871,
        "Deferred income taxes expenses": "N/A",
        "The interests of minority shareholders": "N/A",
        "Total Cost of profits": 35871,
        "Profit after tax corporate income": 90230,
        "Volume": 16316660,
        "Close of Quarter": 5.2,
        "EPS": 1618.8,
        "Non-adjusted EPS": 6051,
        "PE": 0.9,
        "Book Price": 4.9
      }
    },
    {
      "quarter": "Q3 2008",
      "income status": {
        "Net sales": 53171,
        "Cost of goods sold": 44689,
        "Gross Profit": 8482,
        "Financial expenses": 247,
        "Of which: Interest expense": 247,
        "Cost of sales": "N/A",
        "Enterprise cost management": 2511,
        "Total Operating Expenses": 2758,
        "Total revenue financing activities": 1618,
        "Net profit from business activities": 7342,
        "Profit": "N/A",
        "Profit before tax": 7342,
        "Present corporate income tax expenses": 2056,
        "Deferred income taxes expenses": -1028,
        "The interests of minority shareholders": "N/A",
        "Total Cost of profits": 1028,
        "Profit after tax corporate income": 6314,
        "Volume": 16400000,
        "Close of Quarter": 8.5,
        "EPS": 2509.3,
        "Non-adjusted EPS": 9332,
        "PE": 0.9,
        "Book Price": 3.5
      }
    },
    {
      "quarter": "Q2 2008",
      "income status": {
        "Net sales": 64502,
        "Cost of goods sold": 19446,
        "Gross Profit": 45056,
        "Financial expenses": 42184,
        "Of which: Interest expense": "N/A",
        "Cost of sales": "N/A",
        "Enterprise cost management": 1240,
        "Total Operating Expenses": 43424,
        "Total revenue financing activities": 438,
        "Net profit from business activities": 2071,
        "Profit": "N/A",
        "Profit before tax": 2071,
        "Present corporate income tax expenses": 290,
        "Deferred income taxes expenses": "N/A",
        "The interests of minority shareholders": "N/A",
        "Total Cost of profits": 290,
        "Profit after tax corporate income": 1781,
        "Volume": 8200000,
        "Close of Quarter": 4.0,
        "EPS": 2642.9,
        "Non-adjusted EPS": 19657,
        "PE": 0.2,
        "Book Price": 3.4
      }
    },
    {
      "quarter": "Q1 2008",
      "income status": {
        "Net sales": 6376,
        "Cost of goods sold": 6007,
        "Gross Profit": 370,
        "Financial expenses": 69,
        "Of which: Interest expense": "N/A",
        "Cost of sales": "N/A",
        "Enterprise cost management": 744,
        "Total Operating Expenses": 813,
        "Total revenue financing activities": 915,
        "Net profit from business activities": 472,
        "Profit": -2,
        "Profit before tax": 470,
        "Present corporate income tax expenses": 66,
        "Deferred income taxes expenses": "N/A",
        "The interests of minority shareholders": "N/A",
        "Total Cost of profits": 66,
        "Profit after tax corporate income": 404,
        "Volume": 8200000,
        "Close of Quarter": 8.9,
        "EPS": 2828.4,
        "Non-adjusted EPS": 21037,
        "PE": 0.4,
        "Book Price": 4.1
      }
    },
    {
      "quarter": "Q4 2007",
      "income status": {
        "Net sales": 330888,
        "Cost of goods sold": 161207,
        "Gross Profit": 169681,
        "Financial expenses": 323,
        "Of which: Interest expense": 323,
        "Cost of sales": "N/A",
        "Enterprise cost management": 3294,
        "Total Operating Expenses": 3617,
        "Total revenue financing activities": 2003,
        "Net profit from business activities": 168068,
        "Profit": -1,
        "Profit before tax": 168067,
        "Present corporate income tax expenses": 47059,
        "Deferred income taxes expenses": -23529,
        "The interests of minority shareholders": "N/A",
        "Total Cost of profits": 23530,
        "Profit after tax corporate income": 144538,
        "Volume": 8200000,
        "Close of Quarter": 22.9,
        "EPS": 3001.6,
        "Non-adjusted EPS": 22325,
        "PE": 1.0,
        "Book Price": 5.6
      }
    },
    {
      "quarter": "Q3 2007",
      "income status": {
        "Net sales": 42484,
        "Cost of goods sold": 24747,
        "Gross Profit": 17737,
        "Financial expenses": "N/A",
        "Of which: Interest expense": "N/A",
        "Cost of sales": "N/A",
        "Enterprise cost management": 1018,
        "Total Operating Expenses": 1018,
        "Total revenue financing activities": 103,
        "Net profit from business activities": 16822,
        "Profit": "N/A",
        "Profit before tax": 16822,
        "Present corporate income tax expenses": 4710,
        "Deferred income taxes expenses": -2355,
        "The interests of minority shareholders": "N/A",
        "Total Cost of profits": 2355,
        "Profit after tax corporate income": 14467,
        "Volume": 8200000,
        "Close of Quarter": "N/A",
        "EPS": 2308.5,
        "Non-adjusted EPS": 17170,
        "PE": "N/A",
        "Book Price": 3.4
      }
    },
    {
      "quarter": "Q2 2007",
      "income status": {
        "Net sales": 59357,
        "Cost of goods sold": 43786,
        "Gross Profit": 15571,
        "Financial expenses": "N/A",
        "Of which: Interest expense": "N/A",
        "Cost of sales": "N/A",
        "Enterprise cost management": 913,
        "Total Operating Expenses": 913,
        "Total revenue financing activities": 478,
        "Net profit from business activities": 15136,
        "Profit": 86,
        "Profit before tax": 15223,
        "Present corporate income tax expenses": 2131,
        "Deferred income taxes expenses": "N/A",
        "The interests of minority shareholders": "N/A",
        "Total Cost of profits": 2131,
        "Profit after tax corporate income": 13091,
        "Volume": 8200000,
        "Close of Quarter": "N/A",
        "EPS": 2071.3,
        "Non-adjusted EPS": 15406,
        "PE": "N/A",
        "Book Price": "N/A"
      }
    },
    {
      "quarter": "Q1 2007",
      "income status": {
        "Net sales": 54336,
        "Cost of goods sold": 41628,
        "Gross Profit": 12708,
        "Financial expenses": 39,
        "Of which: Interest expense": 39,
        "Cost of sales": "N/A",
        "Enterprise cost management": 715,
        "Total Operating Expenses": 754,
        "Total revenue financing activities": 730,
        "Net profit from business activities": 12683,
        "Profit": 72,
        "Profit before tax": 12755,
        "Present corporate income tax expenses": 1786,
        "Deferred income taxes expenses": "N/A",
        "The interests of minority shareholders": "N/A",
        "Total Cost of profits": 1786,
        "Profit after tax corporate income": 10969,
        "Volume": 8200000,
        "Close of Quarter": "N/A",
        "EPS": 1856.7,
        "Non-adjusted EPS": 13810,
        "PE": "N/A",
        "Book Price": "N/A"
      }
    },
    {
      "quarter": "Q4 2006",
      "income status": {
        "Net sales": 164864,
        "Cost of goods sold": 60709,
        "Gross Profit": 104154,
        "Financial expenses": "N/A",
        "Of which: Interest expense": "N/A",
        "Cost of sales": "N/A",
        "Enterprise cost management": 1993,
        "Total Operating Expenses": 1993,
        "Total revenue financing activities": 172,
        "Net profit from business activities": 102333,
        "Profit": -64,
        "Profit before tax": 102269,
        "Present corporate income tax expenses": "N/A",
        "Deferred income taxes expenses": "N/A",
        "The interests of minority shareholders": "N/A",
        "Total Cost of profits": 0,
        "Profit after tax corporate income": 102269,
        "Volume": 8200000,
        "Close of Quarter": "N/A",
        "EPS": 1676.8,
        "Non-adjusted EPS": 12472,
        "PE": "N/A",
        "Book Price": "N/A"
      }
    }
  ]
}