{
  "ticker": "LCG",
  "data": [
    {
      "quarter": "Q1 2017",
      "income status": {
        "Net sales": 223573,
        "Cost of goods sold": 181112,
        "Gross Profit": 42461,
        "Financial expenses": 6368,
        "Of which: Interest expense": 7777,
        "Cost of sales": 12147,
        "Enterprise cost management": 7432,
        "Total Operating Expenses": 25947,
        "Total revenue financing activities": 1632,
        "Net profit from business activities": 18120,
        "Profit": -308,
        "Profit before tax": 17812,
        "Present corporate income tax expenses": 4319,
        "Deferred income taxes expenses": -3025,
        "The interests of minority shareholders": 3422,
        "Total Cost of profits": 4716,
        "Profit after tax corporate income": 13096,
        "Volume": 76249956,
        "Close of Quarter": 7.7,
        "EPS": 932,
        "Non-adjusted EPS": 932,
        "PE": 8.3,
        "Book Price": 14.3
      }
    },
    {
      "quarter": "Q4 2016",
      "income status": {
        "Net sales": 667946,
        "Cost of goods sold": 543782,
        "Gross Profit": 124164,
        "Financial expenses": 8726,
        "Of which: Interest expense": 8726,
        "Cost of sales": 38787,
        "Enterprise cost management": 27942,
        "Total Operating Expenses": 75455,
        "Total revenue financing activities": 22321,
        "Net profit from business activities": 72870,
        "Profit": -13656,
        "Profit before tax": 59215,
        "Present corporate income tax expenses": 9524,
        "Deferred income taxes expenses": "N/A",
        "The interests of minority shareholders": 7619,
        "Total Cost of profits": 17143,
        "Profit after tax corporate income": 42072,
        "Volume": 76249956,
        "Close of Quarter": 4.0,
        "EPS": 889,
        "Non-adjusted EPS": 889,
        "PE": 4.5,
        "Book Price": 14
      }
    },
    {
      "quarter": "Q3 2016",
      "income status": {
        "Net sales": 128355,
        "Cost of goods sold": 118614,
        "Gross Profit": 9741,
        "Financial expenses": 10024,
        "Of which: Interest expense": 7655,
        "Cost of sales": 105,
        "Enterprise cost management": 6477,
        "Total Operating Expenses": 16606,
        "Total revenue financing activities": 13156,
        "Net profit from business activities": 5408,
        "Profit": 336,
        "Profit before tax": 5744,
        "Present corporate income tax expenses": "N/A",
        "Deferred income taxes expenses": "N/A",
        "The interests of minority shareholders": "N/A",
        "Total Cost of profits": 0,
        "Profit after tax corporate income": 5744,
        "Volume": 76249956,
        "Close of Quarter": 5.1,
        "EPS": 104,
        "Non-adjusted EPS": 104,
        "PE": 49.4,
        "Book Price": 13.3
      }
    },
    {
      "quarter": "Q2 2016",
      "income status": {
        "Net sales": 202386,
        "Cost of goods sold": 193727,
        "Gross Profit": 8659,
        "Financial expenses": 10094,
        "Of which: Interest expense": 8487,
        "Cost of sales": 1314,
        "Enterprise cost management": 10177,
        "Total Operating Expenses": 21585,
        "Total revenue financing activities": 2466,
        "Net profit from business activities": -9533,
        "Profit": 19709,
        "Profit before tax": 10176,
        "Present corporate income tax expenses": "N/A",
        "Deferred income taxes expenses": "N/A",
        "The interests of minority shareholders": "N/A",
        "Total Cost of profits": 0,
        "Profit after tax corporate income": 10176,
        "Volume": 76249956,
        "Close of Quarter": 5.2,
        "EPS": 98,
        "Non-adjusted EPS": 98,
        "PE": 53.1,
        "Book Price": 13.2
      }
    },
    {
      "quarter": "Q1 2016",
      "income status": {
        "Net sales": 133669,
        "Cost of goods sold": 122687,
        "Gross Profit": 10983,
        "Financial expenses": 8741,
        "Of which: Interest expense": 8741,
        "Cost of sales": 175,
        "Enterprise cost management": 4208,
        "Total Operating Expenses": 13124,
        "Total revenue financing activities": 2573,
        "Net profit from business activities": 344,
        "Profit": 9486,
        "Profit before tax": 9830,
        "Present corporate income tax expenses": "N/A",
        "Deferred income taxes expenses": "N/A",
        "The interests of minority shareholders": "N/A",
        "Total Cost of profits": 0,
        "Profit after tax corporate income": 9830,
        "Volume": 76249956,
        "Close of Quarter": 5.8,
        "EPS": 156,
        "Non-adjusted EPS": 156,
        "PE": 37.2,
        "Book Price": 13
      }
    },
    {
      "quarter": "Q4 2015",
      "income status": {
        "Net sales": 213199,
        "Cost of goods sold": 251161,
        "Gross Profit": -37962,
        "Financial expenses": 8864,
        "Of which: Interest expense": 8864,
        "Cost of sales": 212,
        "Enterprise cost management": 7543,
        "Total Operating Expenses": 16619,
        "Total revenue financing activities": 38729,
        "Net profit from business activities": -17343,
        "Profit": -507,
        "Profit before tax": -17851,
        "Present corporate income tax expenses": "N/A",
        "Deferred income taxes expenses": "N/A",
        "The interests of minority shareholders": "N/A",
        "Total Cost of profits": 0,
        "Profit after tax corporate income": -17851,
        "Volume": 76249956,
        "Close of Quarter": 7,
        "EPS": 205,
        "Non-adjusted EPS": 205,
        "PE": 34.2,
        "Book Price": 12.9
      }
    },
    {
      "quarter": "Q3 2015",
      "income status": {
        "Net sales": 188195,
        "Cost of goods sold": 164621,
        "Gross Profit": 23574,
        "Financial expenses": 13653,
        "Of which: Interest expense": 8783,
        "Cost of sales": 2214,
        "Enterprise cost management": 4452,
        "Total Operating Expenses": 20319,
        "Total revenue financing activities": 1080,
        "Net profit from business activities": 7760,
        "Profit": -2407,
        "Profit before tax": 5353,
        "Present corporate income tax expenses": "N/A",
        "Deferred income taxes expenses": "N/A",
        "The interests of minority shareholders": 7,
        "Total Cost of profits": 7,
        "Profit after tax corporate income": 5346,
        "Volume": 76249956,
        "Close of Quarter": 6.8,
        "EPS": 208,
        "Non-adjusted EPS": 208,
        "PE": 32.7,
        "Book Price": 13.1
      }
    },
    {
      "quarter": "Q2 2015",
      "income status": {
        "Net sales": 352259,
        "Cost of goods sold": 309248,
        "Gross Profit": 43012,
        "Financial expenses": 10477,
        "Of which: Interest expense": 10477,
        "Cost of sales": 6762,
        "Enterprise cost management": 8415,
        "Total Operating Expenses": 25654,
        "Total revenue financing activities": 1039,
        "Net profit from business activities": 15283,
        "Profit": -188,
        "Profit before tax": 15094,
        "Present corporate income tax expenses": -28,
        "Deferred income taxes expenses": -407,
        "The interests of minority shareholders": 924,
        "Total Cost of profits": 489,
        "Profit after tax corporate income": 14605,
        "Volume": 76249956,
        "Close of Quarter": 8,
        "EPS": 235,
        "Non-adjusted EPS": 235,
        "PE": 34.0,
        "Book Price": 13.3
      }
    },
    {
      "quarter": "Q1 2015",
      "income status": {
        "Net sales": 279846,
        "Cost of goods sold": 240197,
        "Gross Profit": 39649,
        "Financial expenses": 8518,
        "Of which: Interest expense": 8518,
        "Cost of sales": 2360,
        "Enterprise cost management": 6768,
        "Total Operating Expenses": 17646,
        "Total revenue financing activities": 1740,
        "Net profit from business activities": 14189,
        "Profit": -1456,
        "Profit before tax": 12733,
        "Present corporate income tax expenses": 28,
        "Deferred income taxes expenses": "N/A",
        "The interests of minority shareholders": -832,
        "Total Cost of profits": -804,
        "Profit after tax corporate income": 13537,
        "Volume": 76249956,
        "Close of Quarter": 7,
        "EPS": 215,
        "Non-adjusted EPS": 215,
        "PE": 32.6,
        "Book Price": 13.1
      }
    },
    {
      "quarter": "Q4 2014",
      "income status": {
        "Net sales": 518856,
        "Cost of goods sold": 521673,
        "Gross Profit": -2817,
        "Financial expenses": 10441,
        "Of which: Interest expense": 10441,
        "Cost of sales": 10601,
        "Enterprise cost management": 15609,
        "Total Operating Expenses": 36651,
        "Total revenue financing activities": 2446,
        "Net profit from business activities": -40712,
        "Profit": 10447,
        "Profit before tax": -30265,
        "Present corporate income tax expenses": "N/A",
        "Deferred income taxes expenses": 1505,
        "The interests of minority shareholders": -14129,
        "Total Cost of profits": -12624,
        "Profit after tax corporate income": -17641,
        "Volume": 76249956,
        "Close of Quarter": 8.5,
        "EPS": 39,
        "Non-adjusted EPS": 39,
        "PE": 218.0,
        "Book Price": 12.9
      }
    },
    {
      "quarter": "Q3 2014",
      "income status": {
        "Net sales": 310724,
        "Cost of goods sold": 275735,
        "Gross Profit": 34990,
        "Financial expenses": 13315,
        "Of which: Interest expense": 13315,
        "Cost of sales": 7319,
        "Enterprise cost management": 7959,
        "Total Operating Expenses": 28593,
        "Total revenue financing activities": 2162,
        "Net profit from business activities": 10902,
        "Profit": -4648,
        "Profit before tax": 6254,
        "Present corporate income tax expenses": "N/A",
        "Deferred income taxes expenses": "N/A",
        "The interests of minority shareholders": -1138,
        "Total Cost of profits": -1138,
        "Profit after tax corporate income": 7392,
        "Volume": 56249956,
        "Close of Quarter": 9.1,
        "EPS": -1874.5,
        "Non-adjusted EPS": -2541,
        "PE": -3.6,
        "Book Price": 11.4
      }
    },
    {
      "quarter": "Q2 2014",
      "income status": {
        "Net sales": 203046,
        "Cost of goods sold": 162298,
        "Gross Profit": 40747,
        "Financial expenses": 13939,
        "Of which: Interest expense": 13939,
        "Cost of sales": 7606,
        "Enterprise cost management": 8356,
        "Total Operating Expenses": 29901,
        "Total revenue financing activities": 1464,
        "Net profit from business activities": 12224,
        "Profit": -1771,
        "Profit before tax": 10453,
        "Present corporate income tax expenses": -20,
        "Deferred income taxes expenses": -1505,
        "The interests of minority shareholders": -1109,
        "Total Cost of profits": -2634,
        "Profit after tax corporate income": 13087,
        "Volume": 56249956,
        "Close of Quarter": 7.2,
        "EPS": -2378.4,
        "Non-adjusted EPS": -3224,
        "PE": -2.2,
        "Book Price": 11.3
      }
    },
    {
      "quarter": "Q1 2014",
      "income status": {
        "Net sales": 233144,
        "Cost of goods sold": 209954,
        "Gross Profit": 23189,
        "Financial expenses": 18492,
        "Of which: Interest expense": 14664,
        "Cost of sales": 1463,
        "Enterprise cost management": 9308,
        "Total Operating Expenses": 29263,
        "Total revenue financing activities": 5580,
        "Net profit from business activities": -506,
        "Profit": 744,
        "Profit before tax": 238,
        "Present corporate income tax expenses": 34,
        "Deferred income taxes expenses": "N/A",
        "The interests of minority shareholders": 44,
        "Total Cost of profits": 78,
        "Profit after tax corporate income": 160,
        "Volume": 56249956,
        "Close of Quarter": 8,
        "EPS": -2905.1,
        "Non-adjusted EPS": -3938,
        "PE": -2.0,
        "Book Price": 11.1
      }
    },
    {
      "quarter": "Q4 2013",
      "income status": {
        "Net sales": 104448,
        "Cost of goods sold": 103089,
        "Gross Profit": 1358,
        "Financial expenses": 25113,
        "Of which: Interest expense": 15999,
        "Cost of sales": 2036,
        "Enterprise cost management": 29972,
        "Total Operating Expenses": 57121,
        "Total revenue financing activities": 2408,
        "Net profit from business activities": -53354,
        "Profit": -82651,
        "Profit before tax": -148693,
        "Present corporate income tax expenses": 31,
        "Deferred income taxes expenses": 14834,
        "The interests of minority shareholders": 30,
        "Total Cost of profits": 14895,
        "Profit after tax corporate income": -163588,
        "Volume": 56249956,
        "Close of Quarter": 6.4,
        "EPS": -3342.5,
        "Non-adjusted EPS": -4531,
        "PE": -1.4,
        "Book Price": 11.1
      }
    },
    {
      "quarter": "Q3 2013",
      "income status": {
        "Net sales": 96084,
        "Cost of goods sold": 86345,
        "Gross Profit": 9740,
        "Financial expenses": 14560,
        "Of which: Interest expense": 14693,
        "Cost of sales": 2000,
        "Enterprise cost management": 11926,
        "Total Operating Expenses": 28486,
        "Total revenue financing activities": 1955,
        "Net profit from business activities": -16791,
        "Profit": 1727,
        "Profit before tax": -30424,
        "Present corporate income tax expenses": 86,
        "Deferred income taxes expenses": 412,
        "The interests of minority shareholders": 61,
        "Total Cost of profits": 559,
        "Profit after tax corporate income": -30983,
        "Volume": 56249956,
        "Close of Quarter": 5.2,
        "EPS": -1588.3,
        "Non-adjusted EPS": -2153,
        "PE": -2.4,
        "Book Price": 13.1
      }
    },
    {
      "quarter": "Q2 2013",
      "income status": {
        "Net sales": 51863,
        "Cost of goods sold": 44243,
        "Gross Profit": 7620,
        "Financial expenses": 11034,
        "Of which: Interest expense": 14105,
        "Cost of sales": 1280,
        "Enterprise cost management": 11387,
        "Total Operating Expenses": 23701,
        "Total revenue financing activities": 2750,
        "Net profit from business activities": -13331,
        "Profit": 459,
        "Profit before tax": -31217,
        "Present corporate income tax expenses": 38,
        "Deferred income taxes expenses": -4660,
        "The interests of minority shareholders": 498,
        "Total Cost of profits": -4124,
        "Profit after tax corporate income": -27093,
        "Volume": 56249956,
        "Close of Quarter": 6.3,
        "EPS": -1448.9,
        "Non-adjusted EPS": -1964,
        "PE": -3.2,
        "Book Price": 13.6
      }
    },
    {
      "quarter": "Q1 2013",
      "income status": {
        "Net sales": 30443,
        "Cost of goods sold": 24641,
        "Gross Profit": 5802,
        "Financial expenses": 14461,
        "Of which: Interest expense": 14461,
        "Cost of sales": 972,
        "Enterprise cost management": 12913,
        "Total Operating Expenses": 28346,
        "Total revenue financing activities": 1204,
        "Net profit from business activities": -21340,
        "Profit": 149,
        "Profit before tax": -35911,
        "Present corporate income tax expenses": 41,
        "Deferred income taxes expenses": -2797,
        "The interests of minority shareholders": 45,
        "Total Cost of profits": -2711,
        "Profit after tax corporate income": -33200,
        "Volume": 56249956,
        "Close of Quarter": 7.1,
        "EPS": -988.5,
        "Non-adjusted EPS": -1340,
        "PE": -5.3,
        "Book Price": 13.9
      }
    },
    {
      "quarter": "Q4 2012",
      "income status": {
        "Net sales": 169240,
        "Cost of goods sold": 144578,
        "Gross Profit": 24661,
        "Financial expenses": 47588,
        "Of which: Interest expense": 16781,
        "Cost of sales": 127,
        "Enterprise cost management": 14535,
        "Total Operating Expenses": 62250,
        "Total revenue financing activities": 1523,
        "Net profit from business activities": -36066,
        "Profit": 1034,
        "Profit before tax": -30433,
        "Present corporate income tax expenses": -916,
        "Deferred income taxes expenses": 161,
        "The interests of minority shareholders": 142,
        "Total Cost of profits": -613,
        "Profit after tax corporate income": -29820,
        "Volume": 56249956,
        "Close of Quarter": 7.9,
        "EPS": -497.2,
        "Non-adjusted EPS": -674,
        "PE": -11.7,
        "Book Price": 14.3
      }
    },
    {
      "quarter": "Q3 2012",
      "income status": {
        "Net sales": 75036,
        "Cost of goods sold": 72654,
        "Gross Profit": 2382,
        "Financial expenses": 18049,
        "Of which: Interest expense": 17604,
        "Cost of sales": 217,
        "Enterprise cost management": 10793,
        "Total Operating Expenses": 29059,
        "Total revenue financing activities": 1531,
        "Net profit from business activities": -25145,
        "Profit": 653,
        "Profit before tax": -19886,
        "Present corporate income tax expenses": 75,
        "Deferred income taxes expenses": 751,
        "The interests of minority shareholders": -352,
        "Total Cost of profits": 474,
        "Profit after tax corporate income": -20360,
        "Volume": 56249956,
        "Close of Quarter": 6.9,
        "EPS": -15.5,
        "Non-adjusted EPS": -21,
        "PE": -328.6,
        "Book Price": 14.8
      }
    },
    {
      "quarter": "Q2 2012",
      "income status": {
        "Net sales": 235428,
        "Cost of goods sold": 182673,
        "Gross Profit": 52755,
        "Financial expenses": 24607,
        "Of which: Interest expense": 24653,
        "Cost of sales": 377,
        "Enterprise cost management": 29022,
        "Total Operating Expenses": 54006,
        "Total revenue financing activities": 1906,
        "Net profit from business activities": 656,
        "Profit": 2113,
        "Profit before tax": 8619,
        "Present corporate income tax expenses": 2926,
        "Deferred income taxes expenses": -4073,
        "The interests of minority shareholders": 1768,
        "Total Cost of profits": 621,
        "Profit after tax corporate income": 7997,
        "Volume": 56249956,
        "Close of Quarter": 11.1,
        "EPS": 599.8,
        "Non-adjusted EPS": 813,
        "PE": 13.7,
        "Book Price": 15.0
      }
    },
    {
      "quarter": "Q1 2012",
      "income status": {
        "Net sales": 209358,
        "Cost of goods sold": 172836,
        "Gross Profit": 36521,
        "Financial expenses": 21873,
        "Of which: Interest expense": 21873,
        "Cost of sales": 318,
        "Enterprise cost management": 7776,
        "Total Operating Expenses": 29967,
        "Total revenue financing activities": 1701,
        "Net profit from business activities": 8255,
        "Profit": -2064,
        "Profit before tax": 8189,
        "Present corporate income tax expenses": 2028,
        "Deferred income taxes expenses": -41,
        "The interests of minority shareholders": 1953,
        "Total Cost of profits": 3940,
        "Profit after tax corporate income": 4248,
        "Volume": 56249956,
        "Close of Quarter": 9.5,
        "EPS": 2114.3,
        "Non-adjusted EPS": 2866,
        "PE": 3.3,
        "Book Price": 15.2
      }
    },
    {
      "quarter": "Q4 2011",
      "income status": {
        "Net sales": 261790,
        "Cost of goods sold": 221509,
        "Gross Profit": 40281,
        "Financial expenses": 32092,
        "Of which: Interest expense": "N/A",
        "Cost of sales": "N/A",
        "Enterprise cost management": 14902,
        "Total Operating Expenses": 46994,
        "Total revenue financing activities": 3426,
        "Net profit from business activities": -3287,
        "Profit": -6384,
        "Profit before tax": -1224,
        "Present corporate income tax expenses": -11772,
        "Deferred income taxes expenses": -15,
        "The interests of minority shareholders": 3649,
        "Total Cost of profits": -8138,
        "Profit after tax corporate income": 6914,
        "Volume": 56249956,
        "Close of Quarter": 8.0,
        "EPS": 2750.9,
        "Non-adjusted EPS": 3729,
        "PE": 2.2,
        "Book Price": 15.3
      }
    },
    {
      "quarter": "Q3 2011",
      "income status": {
        "Net sales": 175555,
        "Cost of goods sold": 143629,
        "Gross Profit": 31926,
        "Financial expenses": 18678,
        "Of which: Interest expense": "N/A",
        "Cost of sales": -95,
        "Enterprise cost management": 1660,
        "Total Operating Expenses": 20243,
        "Total revenue financing activities": 5981,
        "Net profit from business activities": 17663,
        "Profit": -1799,
        "Profit before tax": 26248,
        "Present corporate income tax expenses": 4407,
        "Deferred income taxes expenses": 15,
        "The interests of minority shareholders": -4724,
        "Total Cost of profits": -302,
        "Profit after tax corporate income": 26551,
        "Volume": 56249956,
        "Close of Quarter": 12.6,
        "EPS": 3303.4,
        "Non-adjusted EPS": 4478,
        "PE": 2.8,
        "Book Price": 16.2
      }
    },
    {
      "quarter": "Q2 2011",
      "income status": {
        "Net sales": 481895,
        "Cost of goods sold": 434111,
        "Gross Profit": 47784,
        "Financial expenses": 17454,
        "Of which: Interest expense": "N/A",
        "Cost of sales": "N/A",
        "Enterprise cost management": 11832,
        "Total Operating Expenses": 29286,
        "Total revenue financing activities": 35179,
        "Net profit from business activities": 53678,
        "Profit": 85627,
        "Profit before tax": 139306,
        "Present corporate income tax expenses": 15343,
        "Deferred income taxes expenses": 488,
        "The interests of minority shareholders": "N/A",
        "Total Cost of profits": 15831,
        "Profit after tax corporate income": 123474,
        "Volume": 56249956,
        "Close of Quarter": 13.1,
        "EPS": 3603.7,
        "Non-adjusted EPS": 4885,
        "PE": 2.7,
        "Book Price": 15.9
      }
    },
    {
      "quarter": "Q1 2011",
      "income status": {
        "Net sales": 454611,
        "Cost of goods sold": 369296,
        "Gross Profit": 85316,
        "Financial expenses": 12605,
        "Of which: Interest expense": 12605,
        "Cost of sales": "N/A",
        "Enterprise cost management": 4874,
        "Total Operating Expenses": 17479,
        "Total revenue financing activities": 2778,
        "Net profit from business activities": 70614,
        "Profit": 13,
        "Profit before tax": 70627,
        "Present corporate income tax expenses": 17814,
        "Deferred income taxes expenses": "N/A",
        "The interests of minority shareholders": "N/A",
        "Total Cost of profits": 17814,
        "Profit after tax corporate income": 52813,
        "Volume": 37499997,
        "Close of Quarter": 14.6,
        "EPS": 2795.4,
        "Non-adjusted EPS": 5684,
        "PE": 2.6,
        "Book Price": 16.2
      }
    },
    {
      "quarter": "Q4 2010",
      "income status": {
        "Net sales": 354583,
        "Cost of goods sold": 270091,
        "Gross Profit": 84492,
        "Financial expenses": 17685,
        "Of which: Interest expense": 8113,
        "Cost of sales": "N/A",
        "Enterprise cost management": 4896,
        "Total Operating Expenses": 22581,
        "Total revenue financing activities": 3496,
        "Net profit from business activities": 65407,
        "Profit": 166,
        "Profit before tax": 65573,
        "Present corporate income tax expenses": 16545,
        "Deferred income taxes expenses": "N/A",
        "The interests of minority shareholders": "N/A",
        "Total Cost of profits": 16545,
        "Profit after tax corporate income": 49028,
        "Volume": 37499997,
        "Close of Quarter": 20.1,
        "EPS": 2911.0,
        "Non-adjusted EPS": 5919,
        "PE": 3.4,
        "Book Price": 15.5
      }
    },
    {
      "quarter": "Q3 2010",
      "income status": {
        "Net sales": 168792,
        "Cost of goods sold": 101878,
        "Gross Profit": 66914,
        "Financial expenses": 3695,
        "Of which: Interest expense": 3695,
        "Cost of sales": "N/A",
        "Enterprise cost management": 6390,
        "Total Operating Expenses": 10085,
        "Total revenue financing activities": 1861,
        "Net profit from business activities": 58690,
        "Profit": 1398,
        "Profit before tax": 60088,
        "Present corporate income tax expenses": 10618,
        "Deferred income taxes expenses": "N/A",
        "The interests of minority shareholders": "N/A",
        "Total Cost of profits": 10618,
        "Profit after tax corporate income": 49469,
        "Volume": 37499997,
        "Close of Quarter": 20.7,
        "EPS": 3088.5,
        "Non-adjusted EPS": 6280,
        "PE": 3.3,
        "Book Price": 15.1
      }
    },
    {
      "quarter": "Q2 2010",
      "income status": {
        "Net sales": 296743,
        "Cost of goods sold": 301264,
        "Gross Profit": -4521,
        "Financial expenses": 8166,
        "Of which: Interest expense": 6179,
        "Cost of sales": "N/A",
        "Enterprise cost management": 9312,
        "Total Operating Expenses": 17478,
        "Total revenue financing activities": 19487,
        "Net profit from business activities": -2511,
        "Profit": 85296,
        "Profit before tax": 82784,
        "Present corporate income tax expenses": 20934,
        "Deferred income taxes expenses": "N/A",
        "The interests of minority shareholders": "N/A",
        "Total Cost of profits": 20934,
        "Profit after tax corporate income": 61850,
        "Volume": 25000000,
        "Close of Quarter": 23.6,
        "EPS": 3197.4,
        "Non-adjusted EPS": 9752,
        "PE": 2.4,
        "Book Price": 14.5
      }
    },
    {
      "quarter": "Q1 2010",
      "income status": {
        "Net sales": 185152,
        "Cost of goods sold": 132847,
        "Gross Profit": 52305,
        "Financial expenses": 7953,
        "Of which: Interest expense": 7953,
        "Cost of sales": "N/A",
        "Enterprise cost management": 3855,
        "Total Operating Expenses": 11808,
        "Total revenue financing activities": 15692,
        "Net profit from business activities": 56190,
        "Profit": 332,
        "Profit before tax": 56521,
        "Present corporate income tax expenses": -5103,
        "Deferred income taxes expenses": "N/A",
        "The interests of minority shareholders": "N/A",
        "Total Cost of profits": -5103,
        "Profit after tax corporate income": 61624,
        "Volume": 25000000,
        "Close of Quarter": 29.2,
        "EPS": 3068.5,
        "Non-adjusted EPS": 9359,
        "PE": 3.1,
        "Book Price": 13.7
      }
    },
    {
      "quarter": "Q4 2009",
      "income status": {
        "Net sales": 121158,
        "Cost of goods sold": 107153,
        "Gross Profit": 14004,
        "Financial expenses": 2704,
        "Of which: Interest expense": 2704,
        "Cost of sales": "N/A",
        "Enterprise cost management": 3785,
        "Total Operating Expenses": 6489,
        "Total revenue financing activities": -747,
        "Net profit from business activities": 6767,
        "Profit": 69277,
        "Profit before tax": 76044,
        "Present corporate income tax expenses": 13498,
        "Deferred income taxes expenses": "N/A",
        "The interests of minority shareholders": "N/A",
        "Total Cost of profits": 13498,
        "Profit after tax corporate income": 62546,
        "Volume": 25000000,
        "Close of Quarter": 29.6,
        "EPS": 2722.3,
        "Non-adjusted EPS": 8303,
        "PE": 3.6,
        "Book Price": 13.7
      }
    },
    {
      "quarter": "Q3 2009",
      "income status": {
        "Net sales": 122863,
        "Cost of goods sold": 72316,
        "Gross Profit": 50547,
        "Financial expenses": 20221,
        "Of which: Interest expense": 9853,
        "Cost of sales": "N/A",
        "Enterprise cost management": 3765,
        "Total Operating Expenses": 23986,
        "Total revenue financing activities": 2019,
        "Net profit from business activities": 28581,
        "Profit": 41526,
        "Profit before tax": 70107,
        "Present corporate income tax expenses": 12335,
        "Deferred income taxes expenses": "N/A",
        "The interests of minority shareholders": "N/A",
        "Total Cost of profits": 12335,
        "Profit after tax corporate income": 57772,
        "Volume": 20400000,
        "Close of Quarter": 31.4,
        "EPS": 2816.1,
        "Non-adjusted EPS": 10526,
        "PE": 3.0,
        "Book Price": 8.7
      }
    },
    {
      "quarter": "Q2 2009",
      "income status": {
        "Net sales": 164638,
        "Cost of goods sold": 92898,
        "Gross Profit": 71740,
        "Financial expenses": 6639,
        "Of which: Interest expense": 6617,
        "Cost of sales": "N/A",
        "Enterprise cost management": 7563,
        "Total Operating Expenses": 14202,
        "Total revenue financing activities": 2681,
        "Net profit from business activities": 60219,
        "Profit": 2944,
        "Profit before tax": 63162,
        "Present corporate income tax expenses": 11130,
        "Deferred income taxes expenses": "N/A",
        "The interests of minority shareholders": "N/A",
        "Total Cost of profits": 11130,
        "Profit after tax corporate income": 52032,
        "Volume": 13600000,
        "Close of Quarter": 19.1,
        "EPS": 2334.4,
        "Non-adjusted EPS": 13088,
        "PE": 1.5,
        "Book Price": 7.9
      }
    },
    {
      "quarter": "Q1 2009",
      "income status": {
        "Net sales": 22881,
        "Cost of goods sold": 22493,
        "Gross Profit": 388,
        "Financial expenses": 310,
        "Of which: Interest expense": 310,
        "Cost of sales": "N/A",
        "Enterprise cost management": 994,
        "Total Operating Expenses": 1304,
        "Total revenue financing activities": 646,
        "Net profit from business activities": -270,
        "Profit": 43032,
        "Profit before tax": 42762,
        "Present corporate income tax expenses": 7539,
        "Deferred income taxes expenses": "N/A",
        "The interests of minority shareholders": "N/A",
        "Total Cost of profits": 7539,
        "Profit after tax corporate income": 35223,
        "Volume": 13600000,
        "Close of Quarter": 7.9,
        "EPS": 2265.5,
        "Non-adjusted EPS": 12702,
        "PE": 0.6,
        "Book Price": 7.1
      }
    },
    {
      "quarter": "Q4 2008",
      "income status": {
        "Net sales": 110492,
        "Cost of goods sold": 53825,
        "Gross Profit": 56667,
        "Financial expenses": 3356,
        "Of which: Interest expense": 3301,
        "Cost of sales": "N/A",
        "Enterprise cost management": 5899,
        "Total Operating Expenses": 9255,
        "Total revenue financing activities": 31801,
        "Net profit from business activities": 79213,
        "Profit": 41752,
        "Profit before tax": 120965,
        "Present corporate income tax expenses": 51260,
        "Deferred income taxes expenses": "N/A",
        "The interests of minority shareholders": "N/A",
        "Total Cost of profits": 51260,
        "Profit after tax corporate income": 69705,
        "Volume": 13600000,
        "Close of Quarter": 10.6,
        "EPS": 1988.2,
        "Non-adjusted EPS": 11147,
        "PE": 1.0,
        "Book Price": 6.9
      }
    },
    {
      "quarter": "Q3 2008",
      "income status": {
        "Net sales": 134473,
        "Cost of goods sold": 117419,
        "Gross Profit": 17054,
        "Financial expenses": 335,
        "Of which: Interest expense": 335,
        "Cost of sales": "N/A",
        "Enterprise cost management": 2697,
        "Total Operating Expenses": 3032,
        "Total revenue financing activities": 6812,
        "Net profit from business activities": 20834,
        "Profit": 200,
        "Profit before tax": 21034,
        "Present corporate income tax expenses": "N/A",
        "Deferred income taxes expenses": "N/A",
        "The interests of minority shareholders": "N/A",
        "Total Cost of profits": 0,
        "Profit after tax corporate income": 21034,
        "Volume": 13600000,
        "Close of Quarter": "N/A",
        "EPS": 1446.0,
        "Non-adjusted EPS": 8107,
        "PE": "N/A",
        "Book Price": 6.1
      }
    },
    {
      "quarter": "Q2 2008",
      "income status": {
        "Net sales": 168760,
        "Cost of goods sold": 125222,
        "Gross Profit": 43538,
        "Financial expenses": 3394,
        "Of which: Interest expense": 3394,
        "Cost of sales": "N/A",
        "Enterprise cost management": 3808,
        "Total Operating Expenses": 7202,
        "Total revenue financing activities": 9900,
        "Net profit from business activities": 46235,
        "Profit": "N/A",
        "Profit before tax": 46786,
        "Present corporate income tax expenses": "N/A",
        "Deferred income taxes expenses": "N/A",
        "The interests of minority shareholders": "N/A",
        "Total Cost of profits": 0,
        "Profit after tax corporate income": 46786,
        "Volume": 13600000,
        "Close of Quarter": "N/A",
        "EPS": 1410.3,
        "Non-adjusted EPS": 7907,
        "PE": "N/A",
        "Book Price": 6.1
      }
    },
    {
      "quarter": "Q1 2008",
      "income status": {
        "Net sales": 25270,
        "Cost of goods sold": 15909,
        "Gross Profit": 9361,
        "Financial expenses": 1239,
        "Of which: Interest expense": 1239,
        "Cost of sales": "N/A",
        "Enterprise cost management": 3232,
        "Total Operating Expenses": 4471,
        "Total revenue financing activities": 2146,
        "Net profit from business activities": 7037,
        "Profit": 7041,
        "Profit before tax": 14078,
        "Present corporate income tax expenses": "N/A",
        "Deferred income taxes expenses": "N/A",
        "The interests of minority shareholders": "N/A",
        "Total Cost of profits": 0,
        "Profit after tax corporate income": 14078,
        "Volume": 13600000,
        "Close of Quarter": "N/A",
        "EPS": 1028.1,
        "Non-adjusted EPS": 5764,
        "PE": "N/A",
        "Book Price": 5.6
      }
    },
    {
      "quarter": "Q4 2007",
      "income status": {
        "Net sales": 123222,
        "Cost of goods sold": 93060,
        "Gross Profit": 30162,
        "Financial expenses": 2443,
        "Of which: Interest expense": 2443,
        "Cost of sales": "N/A",
        "Enterprise cost management": 1953,
        "Total Operating Expenses": 4396,
        "Total revenue financing activities": 424,
        "Net profit from business activities": 26191,
        "Profit": 2167,
        "Profit before tax": 28357,
        "Present corporate income tax expenses": "N/A",
        "Deferred income taxes expenses": "N/A",
        "The interests of minority shareholders": "N/A",
        "Total Cost of profits": 0,
        "Profit after tax corporate income": 28357,
        "Volume": 13600000,
        "Close of Quarter": "N/A",
        "EPS": 843.7,
        "Non-adjusted EPS": 4730,
        "PE": "N/A",
        "Book Price": "N/A"
      }
    },
    {
      "quarter": "Q3 2007",
      "income status": {
        "Net sales": 66434,
        "Cost of goods sold": 47714,
        "Gross Profit": 18720,
        "Financial expenses": 1980,
        "Of which: Interest expense": 980,
        "Cost of sales": "N/A",
        "Enterprise cost management": 2545,
        "Total Operating Expenses": 4525,
        "Total revenue financing activities": 165,
        "Net profit from business activities": 14360,
        "Profit": 3953,
        "Profit before tax": 18313,
        "Present corporate income tax expenses": "N/A",
        "Deferred income taxes expenses": "N/A",
        "The interests of minority shareholders": "N/A",
        "Total Cost of profits": 0,
        "Profit after tax corporate income": 18313,
        "Volume": 13600000,
        "Close of Quarter": "N/A",
        "EPS": 471.8,
        "Non-adjusted EPS": 2645,
        "PE": "N/A",
        "Book Price": 2.0
      }
    },
    {
      "quarter": "Q2 2007",
      "income status": {
        "Net sales": 116904,
        "Cost of goods sold": 96789,
        "Gross Profit": 20115,
        "Financial expenses": 2349,
        "Of which: Interest expense": 2349,
        "Cost of sales": "N/A",
        "Enterprise cost management": 3061,
        "Total Operating Expenses": 5410,
        "Total revenue financing activities": 60,
        "Net profit from business activities": 14764,
        "Profit": "N/A",
        "Profit before tax": 17637,
        "Present corporate income tax expenses": "N/A",
        "Deferred income taxes expenses": "N/A",
        "The interests of minority shareholders": "N/A",
        "Total Cost of profits": 0,
        "Profit after tax corporate income": 17637,
        "Volume": 13600000,
        "Close of Quarter": "N/A",
        "EPS": 231.5,
        "Non-adjusted EPS": 1298,
        "PE": "N/A",
        "Book Price": "N/A"
      }
    },
    {
      "quarter": "Q1 2007",
      "income status": {
        "Net sales": 8999,
        "Cost of goods sold": 4678,
        "Gross Profit": 4320,
        "Financial expenses": 3931,
        "Of which: Interest expense": 3931,
        "Cost of sales": "N/A",
        "Enterprise cost management": 404,
        "Total Operating Expenses": 4335,
        "Total revenue financing activities": 22,
        "Net profit from business activities": 7,
        "Profit": "N/A",
        "Profit before tax": 18,
        "Present corporate income tax expenses": "N/A",
        "Deferred income taxes expenses": "N/A",
        "The interests of minority shareholders": "N/A",
        "Total Cost of profits": 0,
        "Profit after tax corporate income": 18,
        "Volume": 13600000,
        "Close of Quarter": "N/A",
        "EPS": 0.2,
        "Non-adjusted EPS": 1,
        "PE": "N/A",
        "Book Price": "N/A"
      }
    }
  ]
}