{
  "ticker": "PAC",
  "data": [
    {
      "quarter": "Q1 2017",
      "income status": {
        "Net sales": 691757,
        "Cost of goods sold": 617037,
        "Gross Profit": 74720,
        "Financial expenses": 6322,
        "Of which: Interest expense": 4126,
        "Cost of sales": 34450,
        "Enterprise cost management": 7927,
        "Total Operating Expenses": 48699,
        "Total revenue financing activities": 10820,
        "Net profit from business activities": 36841,
        "Profit": 12,
        "Profit before tax": 36852,
        "Present corporate income tax expenses": 16035,
        "Deferred income taxes expenses": "N/A",
        "The interests of minority shareholders": "N/A",
        "Total Cost of profits": 16035,
        "Profit after tax corporate income": 20817,
        "Volume": 46475609,
        "Close of Quarter": 36.3,
        "EPS": 2588,
        "Non-adjusted EPS": 2588,
        "PE": 14.0,
        "Book Price": 12.2
      }
    },
    {
      "quarter": "Q4 2016",
      "income status": {
        "Net sales": 603327,
        "Cost of goods sold": 446282,
        "Gross Profit": 157046,
        "Financial expenses": 12167,
        "Of which: Interest expense": 3729,
        "Cost of sales": 73821,
        "Enterprise cost management": 24740,
        "Total Operating Expenses": 110728,
        "Total revenue financing activities": 8263,
        "Net profit from business activities": 54579,
        "Profit": 378,
        "Profit before tax": 54957,
        "Present corporate income tax expenses": 24418,
        "Deferred income taxes expenses": -8853,
        "The interests of minority shareholders": "N/A",
        "Total Cost of profits": 15565,
        "Profit after tax corporate income": 39392,
        "Volume": 46475609,
        "Close of Quarter": 32.4,
        "EPS": 2611,
        "Non-adjusted EPS": 2611,
        "PE": 12.4,
        "Book Price": 12.2
      }
    },
    {
      "quarter": "Q3 2016",
      "income status": {
        "Net sales": 552165,
        "Cost of goods sold": 496076,
        "Gross Profit": 56089,
        "Financial expenses": 3719,
        "Of which: Interest expense": 3445,
        "Cost of sales": 15375,
        "Enterprise cost management": 5738,
        "Total Operating Expenses": 24832,
        "Total revenue financing activities": 7750,
        "Net profit from business activities": 39007,
        "Profit": 783,
        "Profit before tax": 39790,
        "Present corporate income tax expenses": 6318,
        "Deferred income taxes expenses": 1569,
        "The interests of minority shareholders": "N/A",
        "Total Cost of profits": 7887,
        "Profit after tax corporate income": 31903,
        "Volume": 46475609,
        "Close of Quarter": 39.4,
        "EPS": 2293,
        "Non-adjusted EPS": 2293,
        "PE": 17.2,
        "Book Price": 11.6
      }
    },
    {
      "quarter": "Q2 2016",
      "income status": {
        "Net sales": 592883,
        "Cost of goods sold": 486300,
        "Gross Profit": 106583,
        "Financial expenses": 2705,
        "Of which: Interest expense": 3024,
        "Cost of sales": 48182,
        "Enterprise cost management": 24354,
        "Total Operating Expenses": 75241,
        "Total revenue financing activities": 4166,
        "Net profit from business activities": 35510,
        "Profit": -111,
        "Profit before tax": 35399,
        "Present corporate income tax expenses": 6737,
        "Deferred income taxes expenses": 518,
        "The interests of minority shareholders": "N/A",
        "Total Cost of profits": 7255,
        "Profit after tax corporate income": 28144,
        "Volume": 30985195,
        "Close of Quarter": 37.1,
        "EPS": 2005.4,
        "Non-adjusted EPS": 3008,
        "PE": 12.3,
        "Book Price": 11.6
      }
    },
    {
      "quarter": "Q1 2016",
      "income status": {
        "Net sales": 542532,
        "Cost of goods sold": 467572,
        "Gross Profit": 74960,
        "Financial expenses": 5562,
        "Of which: Interest expense": 3511,
        "Cost of sales": 35803,
        "Enterprise cost management": 10450,
        "Total Operating Expenses": 51815,
        "Total revenue financing activities": 6703,
        "Net profit from business activities": 29848,
        "Profit": 378,
        "Profit before tax": 30227,
        "Present corporate income tax expenses": 8324,
        "Deferred income taxes expenses": "N/A",
        "The interests of minority shareholders": "N/A",
        "Total Cost of profits": 8324,
        "Profit after tax corporate income": 21903,
        "Volume": 30622383,
        "Close of Quarter": 21.2,
        "EPS": 1997.1,
        "Non-adjusted EPS": 3031,
        "PE": 7,
        "Book Price": 11.3
      }
    },
    {
      "quarter": "Q4 2015",
      "income status": {
        "Net sales": 540147,
        "Cost of goods sold": 456079,
        "Gross Profit": 84068,
        "Financial expenses": 3586,
        "Of which: Interest expense": 3431,
        "Cost of sales": 39943,
        "Enterprise cost management": 10374,
        "Total Operating Expenses": 53903,
        "Total revenue financing activities": 6088,
        "Net profit from business activities": 36253,
        "Profit": -1872,
        "Profit before tax": 34381,
        "Present corporate income tax expenses": 7415,
        "Deferred income taxes expenses": 2325,
        "The interests of minority shareholders": "N/A",
        "Total Cost of profits": 9740,
        "Profit after tax corporate income": 24641,
        "Volume": 30622383,
        "Close of Quarter": 21.0,
        "EPS": 1947.0,
        "Non-adjusted EPS": 2955,
        "PE": 7.1,
        "Book Price": 10.9
      }
    },
    {
      "quarter": "Q3 2015",
      "income status": {
        "Net sales": 484226,
        "Cost of goods sold": 411592,
        "Gross Profit": 72633,
        "Financial expenses": 20522,
        "Of which: Interest expense": 2332,
        "Cost of sales": 25874,
        "Enterprise cost management": 8593,
        "Total Operating Expenses": 54989,
        "Total revenue financing activities": 5812,
        "Net profit from business activities": 23457,
        "Profit": 332,
        "Profit before tax": 23789,
        "Present corporate income tax expenses": 5797,
        "Deferred income taxes expenses": -521,
        "The interests of minority shareholders": "N/A",
        "Total Cost of profits": 5276,
        "Profit after tax corporate income": 18513,
        "Volume": 30622383,
        "Close of Quarter": 17.9,
        "EPS": 1955.6,
        "Non-adjusted EPS": 2968,
        "PE": 6.0,
        "Book Price": 11
      }
    },
    {
      "quarter": "Q2 2015",
      "income status": {
        "Net sales": 601193,
        "Cost of goods sold": 479749,
        "Gross Profit": 121445,
        "Financial expenses": 8910,
        "Of which: Interest expense": 1656,
        "Cost of sales": 68320,
        "Enterprise cost management": 13609,
        "Total Operating Expenses": 90839,
        "Total revenue financing activities": 4251,
        "Net profit from business activities": 34856,
        "Profit": 771,
        "Profit before tax": 35627,
        "Present corporate income tax expenses": 14643,
        "Deferred income taxes expenses": -6784,
        "The interests of minority shareholders": "N/A",
        "Total Cost of profits": 7859,
        "Profit after tax corporate income": 27768,
        "Volume": 26628933,
        "Close of Quarter": 15.9,
        "EPS": 1900.0,
        "Non-adjusted EPS": 3316,
        "PE": 4.8,
        "Book Price": 11.2
      }
    },
    {
      "quarter": "Q1 2015",
      "income status": {
        "Net sales": 491236,
        "Cost of goods sold": 394572,
        "Gross Profit": 96663,
        "Financial expenses": 6171,
        "Of which: Interest expense": 2172,
        "Cost of sales": 61553,
        "Enterprise cost management": 5853,
        "Total Operating Expenses": 73577,
        "Total revenue financing activities": 3721,
        "Net profit from business activities": 26808,
        "Profit": 348,
        "Profit before tax": 27155,
        "Present corporate income tax expenses": 7602,
        "Deferred income taxes expenses": "N/A",
        "The interests of minority shareholders": "N/A",
        "Total Cost of profits": 7602,
        "Profit after tax corporate income": 19554,
        "Volume": 26628933,
        "Close of Quarter": 13.0,
        "EPS": 1768.2,
        "Non-adjusted EPS": 3086,
        "PE": 4.2,
        "Book Price": 11.4
      }
    },
    {
      "quarter": "Q4 2014",
      "income status": {
        "Net sales": 549786,
        "Cost of goods sold": 444904,
        "Gross Profit": 104882,
        "Financial expenses": 5789,
        "Of which: Interest expense": 4071,
        "Cost of sales": 61800,
        "Enterprise cost management": 11279,
        "Total Operating Expenses": 78868,
        "Total revenue financing activities": 4078,
        "Net profit from business activities": 30092,
        "Profit": 180,
        "Profit before tax": 30272,
        "Present corporate income tax expenses": 5829,
        "Deferred income taxes expenses": -612,
        "The interests of minority shareholders": "N/A",
        "Total Cost of profits": 5217,
        "Profit after tax corporate income": 25054,
        "Volume": 26628933,
        "Close of Quarter": 11.2,
        "EPS": 1604.3,
        "Non-adjusted EPS": 2800,
        "PE": 4,
        "Book Price": 11
      }
    },
    {
      "quarter": "Q3 2014",
      "income status": {
        "Net sales": 526552,
        "Cost of goods sold": 426697,
        "Gross Profit": 99855,
        "Financial expenses": 7435,
        "Of which: Interest expense": 4905,
        "Cost of sales": 68112,
        "Enterprise cost management": 9173,
        "Total Operating Expenses": 84720,
        "Total revenue financing activities": 6403,
        "Net profit from business activities": 21539,
        "Profit": 305,
        "Profit before tax": 21844,
        "Present corporate income tax expenses": 5407,
        "Deferred income taxes expenses": 523,
        "The interests of minority shareholders": "N/A",
        "Total Cost of profits": 5930,
        "Profit after tax corporate income": 15914,
        "Volume": 26628933,
        "Close of Quarter": 11.5,
        "EPS": 1428.4,
        "Non-adjusted EPS": 2493,
        "PE": 4.6,
        "Book Price": 11.1
      }
    },
    {
      "quarter": "Q2 2014",
      "income status": {
        "Net sales": 535193,
        "Cost of goods sold": 429824,
        "Gross Profit": 105369,
        "Financial expenses": 10819,
        "Of which: Interest expense": 4908,
        "Cost of sales": 64274,
        "Enterprise cost management": 9523,
        "Total Operating Expenses": 84616,
        "Total revenue financing activities": 7128,
        "Net profit from business activities": 27881,
        "Profit": 285,
        "Profit before tax": 28166,
        "Present corporate income tax expenses": 5969,
        "Deferred income taxes expenses": 530,
        "The interests of minority shareholders": 6,
        "Total Cost of profits": 6505,
        "Profit after tax corporate income": 21661,
        "Volume": 26628933,
        "Close of Quarter": 10.1,
        "EPS": 1474.8,
        "Non-adjusted EPS": 2574,
        "PE": 3.9,
        "Book Price": 11.2
      }
    },
    {
      "quarter": "Q1 2014",
      "income status": {
        "Net sales": 414799,
        "Cost of goods sold": 347407,
        "Gross Profit": 67392,
        "Financial expenses": 5849,
        "Of which: Interest expense": 4821,
        "Cost of sales": 43250,
        "Enterprise cost management": 6713,
        "Total Operating Expenses": 55812,
        "Total revenue financing activities": 3782,
        "Net profit from business activities": 15362,
        "Profit": -81,
        "Profit before tax": 15281,
        "Present corporate income tax expenses": 3391,
        "Deferred income taxes expenses": "N/A",
        "The interests of minority shareholders": -53,
        "Total Cost of profits": 3338,
        "Profit after tax corporate income": 11943,
        "Volume": 26628933,
        "Close of Quarter": 10.5,
        "EPS": 1429.0,
        "Non-adjusted EPS": 2494,
        "PE": 4.2,
        "Book Price": 11
      }
    },
    {
      "quarter": "Q4 2013",
      "income status": {
        "Net sales": 519477,
        "Cost of goods sold": 431564,
        "Gross Profit": 87913,
        "Financial expenses": -855,
        "Of which: Interest expense": 384,
        "Cost of sales": 61657,
        "Enterprise cost management": 11999,
        "Total Operating Expenses": 72801,
        "Total revenue financing activities": 7726,
        "Net profit from business activities": 22837,
        "Profit": 216,
        "Profit before tax": 23054,
        "Present corporate income tax expenses": 8340,
        "Deferred income taxes expenses": -2075,
        "The interests of minority shareholders": -74,
        "Total Cost of profits": 6191,
        "Profit after tax corporate income": 16863,
        "Volume": 26628933,
        "Close of Quarter": 8.5,
        "EPS": 1401.5,
        "Non-adjusted EPS": 2446,
        "PE": 3.5,
        "Book Price": 10.8
      }
    },
    {
      "quarter": "Q3 2013",
      "income status": {
        "Net sales": 479690,
        "Cost of goods sold": 386878,
        "Gross Profit": 92812,
        "Financial expenses": 9089,
        "Of which: Interest expense": 3381,
        "Cost of sales": 57324,
        "Enterprise cost management": 6364,
        "Total Operating Expenses": 72777,
        "Total revenue financing activities": 3692,
        "Net profit from business activities": 23726,
        "Profit": 109,
        "Profit before tax": 23836,
        "Present corporate income tax expenses": 5776,
        "Deferred income taxes expenses": "N/A",
        "The interests of minority shareholders": -22,
        "Total Cost of profits": 5754,
        "Profit after tax corporate income": 18081,
        "Volume": 26628933,
        "Close of Quarter": 7.7,
        "EPS": 1463.9,
        "Non-adjusted EPS": 2555,
        "PE": 3.0,
        "Book Price": 11.7
      }
    },
    {
      "quarter": "Q2 2013",
      "income status": {
        "Net sales": 517551,
        "Cost of goods sold": 416849,
        "Gross Profit": 100702,
        "Financial expenses": 7952,
        "Of which: Interest expense": 3821,
        "Cost of sales": 59241,
        "Enterprise cost management": 11367,
        "Total Operating Expenses": 78560,
        "Total revenue financing activities": 3942,
        "Net profit from business activities": 26084,
        "Profit": 205,
        "Profit before tax": 26289,
        "Present corporate income tax expenses": 6763,
        "Deferred income taxes expenses": "N/A",
        "The interests of minority shareholders": 9,
        "Total Cost of profits": 6772,
        "Profit after tax corporate income": 19517,
        "Volume": 26628933,
        "Close of Quarter": 6.9,
        "EPS": 1380.9,
        "Non-adjusted EPS": 2410,
        "PE": 2.9,
        "Book Price": 11.8
      }
    },
    {
      "quarter": "Q1 2013",
      "income status": {
        "Net sales": 362306,
        "Cost of goods sold": 296867,
        "Gross Profit": 65440,
        "Financial expenses": 5761,
        "Of which: Interest expense": 3942,
        "Cost of sales": 40928,
        "Enterprise cost management": 7319,
        "Total Operating Expenses": 54008,
        "Total revenue financing activities": 2704,
        "Net profit from business activities": 14136,
        "Profit": 97,
        "Profit before tax": 14233,
        "Present corporate income tax expenses": 3558,
        "Deferred income taxes expenses": "N/A",
        "The interests of minority shareholders": 1,
        "Total Cost of profits": 3559,
        "Profit after tax corporate income": 10674,
        "Volume": 26628933,
        "Close of Quarter": 7.7,
        "EPS": 1274.3,
        "Non-adjusted EPS": 2224,
        "PE": 3.5,
        "Book Price": 11.6
      }
    },
    {
      "quarter": "Q4 2012",
      "income status": {
        "Net sales": 509676,
        "Cost of goods sold": 400561,
        "Gross Profit": 109115,
        "Financial expenses": 4082,
        "Of which: Interest expense": 3041,
        "Cost of sales": 73858,
        "Enterprise cost management": 10099,
        "Total Operating Expenses": 88039,
        "Total revenue financing activities": 3317,
        "Net profit from business activities": 24392,
        "Profit": 1033,
        "Profit before tax": 25426,
        "Present corporate income tax expenses": 7263,
        "Deferred income taxes expenses": -1599,
        "The interests of minority shareholders": "N/A",
        "Total Cost of profits": 5664,
        "Profit after tax corporate income": 19762,
        "Volume": 26628933,
        "Close of Quarter": 6.1,
        "EPS": 1313.8,
        "Non-adjusted EPS": 2293,
        "PE": 2.7,
        "Book Price": 11.3
      }
    },
    {
      "quarter": "Q3 2012",
      "income status": {
        "Net sales": 470277,
        "Cost of goods sold": 370556,
        "Gross Profit": 99722,
        "Financial expenses": 5236,
        "Of which: Interest expense": 4329,
        "Cost of sales": 66831,
        "Enterprise cost management": 10475,
        "Total Operating Expenses": 82542,
        "Total revenue financing activities": 2802,
        "Net profit from business activities": 19981,
        "Profit": 113,
        "Profit before tax": 20095,
        "Present corporate income tax expenses": 4758,
        "Deferred income taxes expenses": 1111,
        "The interests of minority shareholders": "N/A",
        "Total Cost of profits": 5869,
        "Profit after tax corporate income": 14225,
        "Volume": 26628933,
        "Close of Quarter": 5.7,
        "EPS": 1309.8,
        "Non-adjusted EPS": 2286,
        "PE": 2.5,
        "Book Price": 11.5
      }
    },
    {
      "quarter": "Q2 2012",
      "income status": {
        "Net sales": 478161,
        "Cost of goods sold": 378129,
        "Gross Profit": 100032,
        "Financial expenses": 6932,
        "Of which: Interest expense": 6911,
        "Cost of sales": 69378,
        "Enterprise cost management": 8031,
        "Total Operating Expenses": 84341,
        "Total revenue financing activities": 2396,
        "Net profit from business activities": 18087,
        "Profit": 213,
        "Profit before tax": 18300,
        "Present corporate income tax expenses": 4840,
        "Deferred income taxes expenses": -1111,
        "The interests of minority shareholders": "N/A",
        "Total Cost of profits": 3729,
        "Profit after tax corporate income": 14571,
        "Volume": 26628933,
        "Close of Quarter": 6.0,
        "EPS": 1344.2,
        "Non-adjusted EPS": 2346,
        "PE": 2.6,
        "Book Price": 11.6
      }
    },
    {
      "quarter": "Q1 2012",
      "income status": {
        "Net sales": 342360,
        "Cost of goods sold": 275084,
        "Gross Profit": 67276,
        "Financial expenses": 10892,
        "Of which: Interest expense": 7699,
        "Cost of sales": 33718,
        "Enterprise cost management": 7465,
        "Total Operating Expenses": 52075,
        "Total revenue financing activities": 1338,
        "Net profit from business activities": 16539,
        "Profit": 127,
        "Profit before tax": 16666,
        "Present corporate income tax expenses": 4170,
        "Deferred income taxes expenses": "N/A",
        "The interests of minority shareholders": -6,
        "Total Cost of profits": 4164,
        "Profit after tax corporate income": 12502,
        "Volume": 26628933,
        "Close of Quarter": 6.7,
        "EPS": 1749.3,
        "Non-adjusted EPS": 3053,
        "PE": 2.2,
        "Book Price": 12.1
      }
    },
    {
      "quarter": "Q4 2011",
      "income status": {
        "Net sales": 478332,
        "Cost of goods sold": 376360,
        "Gross Profit": 101972,
        "Financial expenses": 14723,
        "Of which: Interest expense": 9676,
        "Cost of sales": 56078,
        "Enterprise cost management": 5668,
        "Total Operating Expenses": 76469,
        "Total revenue financing activities": 401,
        "Net profit from business activities": 25904,
        "Profit": -238,
        "Profit before tax": 110771,
        "Present corporate income tax expenses": 4752,
        "Deferred income taxes expenses": 1339,
        "The interests of minority shareholders": -9,
        "Total Cost of profits": 6082,
        "Profit after tax corporate income": 19584,
        "Volume": 26628933,
        "Close of Quarter": 5.3,
        "EPS": 2045.5,
        "Non-adjusted EPS": 3570,
        "PE": 1.5,
        "Book Price": 11.8
      }
    },
    {
      "quarter": "Q3 2011",
      "income status": {
        "Net sales": 456989,
        "Cost of goods sold": 379041,
        "Gross Profit": 77947,
        "Financial expenses": 14525,
        "Of which: Interest expense": 7819,
        "Cost of sales": 40363,
        "Enterprise cost management": 8629,
        "Total Operating Expenses": 63517,
        "Total revenue financing activities": 3410,
        "Net profit from business activities": 17840,
        "Profit": 93,
        "Profit before tax": 85105,
        "Present corporate income tax expenses": 2136,
        "Deferred income taxes expenses": "N/A",
        "The interests of minority shareholders": -9,
        "Total Cost of profits": 2127,
        "Profit after tax corporate income": 15806,
        "Volume": 26628933,
        "Close of Quarter": 9.8,
        "EPS": 2044.3,
        "Non-adjusted EPS": 3568,
        "PE": 2.8,
        "Book Price": 11.8
      }
    },
    {
      "quarter": "Q2 2011",
      "income status": {
        "Net sales": 479831,
        "Cost of goods sold": 375482,
        "Gross Profit": 104350,
        "Financial expenses": 9048,
        "Of which: Interest expense": 6794,
        "Cost of sales": 55821,
        "Enterprise cost management": 11446,
        "Total Operating Expenses": 76315,
        "Total revenue financing activities": 9993,
        "Net profit from business activities": 38028,
        "Profit": 8,
        "Profit before tax": 38036,
        "Present corporate income tax expenses": 4622,
        "Deferred income taxes expenses": "N/A",
        "The interests of minority shareholders": "N/A",
        "Total Cost of profits": 4622,
        "Profit after tax corporate income": 33414,
        "Volume": 22191212,
        "Close of Quarter": 11.9,
        "EPS": 2870.6,
        "Non-adjusted EPS": 6012,
        "PE": 2.0,
        "Book Price": 11.6
      }
    },
    {
      "quarter": "Q1 2011",
      "income status": {
        "Net sales": 574231,
        "Cost of goods sold": 439377,
        "Gross Profit": 134853,
        "Financial expenses": 42639,
        "Of which: Interest expense": 4546,
        "Cost of sales": 51154,
        "Enterprise cost management": 17643,
        "Total Operating Expenses": 111436,
        "Total revenue financing activities": 6487,
        "Net profit from business activities": 29904,
        "Profit": 318,
        "Profit before tax": 30222,
        "Present corporate income tax expenses": 3951,
        "Deferred income taxes expenses": "N/A",
        "The interests of minority shareholders": "N/A",
        "Total Cost of profits": 3951,
        "Profit after tax corporate income": 26271,
        "Volume": 22191212,
        "Close of Quarter": 13.1,
        "EPS": 2972.8,
        "Non-adjusted EPS": 6226,
        "PE": 2.1,
        "Book Price": 10.9
      }
    },
    {
      "quarter": "Q4 2010",
      "income status": {
        "Net sales": 445918,
        "Cost of goods sold": 344107,
        "Gross Profit": 101811,
        "Financial expenses": 57186,
        "Of which: Interest expense": 7783,
        "Cost of sales": 12721,
        "Enterprise cost management": 28541,
        "Total Operating Expenses": 98448,
        "Total revenue financing activities": 17733,
        "Net profit from business activities": 21096,
        "Profit": 1682,
        "Profit before tax": 22778,
        "Present corporate income tax expenses": 3251,
        "Deferred income taxes expenses": "N/A",
        "The interests of minority shareholders": "N/A",
        "Total Cost of profits": 3251,
        "Profit after tax corporate income": 19527,
        "Volume": 22191212,
        "Close of Quarter": 14.9,
        "EPS": 2917.9,
        "Non-adjusted EPS": 6111,
        "PE": 2.4,
        "Book Price": 10.3
      }
    },
    {
      "quarter": "Q3 2010",
      "income status": {
        "Net sales": 422645,
        "Cost of goods sold": 313007,
        "Gross Profit": 109638,
        "Financial expenses": 31915,
        "Of which: Interest expense": 3235,
        "Cost of sales": 13346,
        "Enterprise cost management": 8600,
        "Total Operating Expenses": 53861,
        "Total revenue financing activities": 5256,
        "Net profit from business activities": 61033,
        "Profit": -761,
        "Profit before tax": 60272,
        "Present corporate income tax expenses": 6081,
        "Deferred income taxes expenses": "N/A",
        "The interests of minority shareholders": "N/A",
        "Total Cost of profits": 6081,
        "Profit after tax corporate income": 54191,
        "Volume": 22191212,
        "Close of Quarter": 14.1,
        "EPS": 2600.4,
        "Non-adjusted EPS": 5446,
        "PE": 2.6,
        "Book Price": 10.3
      }
    },
    {
      "quarter": "Q2 2010",
      "income status": {
        "Net sales": 464421,
        "Cost of goods sold": 369984,
        "Gross Profit": 94437,
        "Financial expenses": 36352,
        "Of which: Interest expense": -1684,
        "Cost of sales": 15636,
        "Enterprise cost management": 4426,
        "Total Operating Expenses": 56414,
        "Total revenue financing activities": 5585,
        "Net profit from business activities": 43608,
        "Profit": 37,
        "Profit before tax": 43645,
        "Present corporate income tax expenses": 5460,
        "Deferred income taxes expenses": "N/A",
        "The interests of minority shareholders": "N/A",
        "Total Cost of profits": 5460,
        "Profit after tax corporate income": 38184,
        "Volume": 20176362,
        "Close of Quarter": 17.9,
        "EPS": 2622.6,
        "Non-adjusted EPS": 6041,
        "PE": 3.0,
        "Book Price": 9.7
      }
    },
    {
      "quarter": "Q1 2010",
      "income status": {
        "Net sales": 333647,
        "Cost of goods sold": 268800,
        "Gross Profit": 64847,
        "Financial expenses": 17913,
        "Of which: Interest expense": 7051,
        "Cost of sales": 17848,
        "Enterprise cost management": 9903,
        "Total Operating Expenses": 45664,
        "Total revenue financing activities": 7915,
        "Net profit from business activities": 27098,
        "Profit": 4,
        "Profit before tax": 27102,
        "Present corporate income tax expenses": 3388,
        "Deferred income taxes expenses": "N/A",
        "The interests of minority shareholders": "N/A",
        "Total Cost of profits": 3388,
        "Profit after tax corporate income": 23714,
        "Volume": 20176362,
        "Close of Quarter": 17.0,
        "EPS": 3015.9,
        "Non-adjusted EPS": 6947,
        "PE": 2.5,
        "Book Price": 9.2
      }
    },
    {
      "quarter": "Q4 2009",
      "income status": {
        "Net sales": 340497,
        "Cost of goods sold": 255995,
        "Gross Profit": 84501,
        "Financial expenses": 51082,
        "Of which: Interest expense": 945,
        "Cost of sales": 17873,
        "Enterprise cost management": 8604,
        "Total Operating Expenses": 77559,
        "Total revenue financing activities": 6992,
        "Net profit from business activities": 13935,
        "Profit": 7,
        "Profit before tax": 13943,
        "Present corporate income tax expenses": 9187,
        "Deferred income taxes expenses": "N/A",
        "The interests of minority shareholders": "N/A",
        "Total Cost of profits": 9187,
        "Profit after tax corporate income": 4756,
        "Volume": 20176362,
        "Close of Quarter": 17.9,
        "EPS": 3196.9,
        "Non-adjusted EPS": 7364,
        "PE": 2.4,
        "Book Price": 8.9
      }
    },
    {
      "quarter": "Q3 2009",
      "income status": {
        "Net sales": 333963,
        "Cost of goods sold": 227565,
        "Gross Profit": 106398,
        "Financial expenses": 26915,
        "Of which: Interest expense": 1762,
        "Cost of sales": 18891,
        "Enterprise cost management": 7982,
        "Total Operating Expenses": 53788,
        "Total revenue financing activities": 10519,
        "Net profit from business activities": 63129,
        "Profit": 100,
        "Profit before tax": 63229,
        "Present corporate income tax expenses": 8005,
        "Deferred income taxes expenses": "N/A",
        "The interests of minority shareholders": "N/A",
        "Total Cost of profits": 8005,
        "Profit after tax corporate income": 55224,
        "Volume": 16021790,
        "Close of Quarter": 20.2,
        "EPS": 3447.7,
        "Non-adjusted EPS": 10001,
        "PE": 2.0,
        "Book Price": 9.0
      }
    },
    {
      "quarter": "Q2 2009",
      "income status": {
        "Net sales": 346792,
        "Cost of goods sold": 235117,
        "Gross Profit": 111675,
        "Financial expenses": 19639,
        "Of which: Interest expense": 807,
        "Cost of sales": 24282,
        "Enterprise cost management": 6653,
        "Total Operating Expenses": 50574,
        "Total revenue financing activities": 3319,
        "Net profit from business activities": 64420,
        "Profit": 127,
        "Profit before tax": 64547,
        "Present corporate income tax expenses": 8068,
        "Deferred income taxes expenses": "N/A",
        "The interests of minority shareholders": "N/A",
        "Total Cost of profits": 8068,
        "Profit after tax corporate income": 56479,
        "Volume": 16021790,
        "Close of Quarter": 10.2,
        "EPS": 2923.4,
        "Non-adjusted EPS": 8480,
        "PE": 1.2,
        "Book Price": 7.9
      }
    },
    {
      "quarter": "Q1 2009",
      "income status": {
        "Net sales": 283532,
        "Cost of goods sold": 210422,
        "Gross Profit": 73110,
        "Financial expenses": 18926,
        "Of which: Interest expense": 1418,
        "Cost of sales": 16887,
        "Enterprise cost management": 2773,
        "Total Operating Expenses": 38586,
        "Total revenue financing activities": 2153,
        "Net profit from business activities": 36676,
        "Profit": 34,
        "Profit before tax": 36710,
        "Present corporate income tax expenses": 4589,
        "Deferred income taxes expenses": "N/A",
        "The interests of minority shareholders": "N/A",
        "Total Cost of profits": 4589,
        "Profit after tax corporate income": 32122,
        "Volume": 16200000,
        "Close of Quarter": 6.6,
        "EPS": 2113.7,
        "Non-adjusted EPS": 6064,
        "PE": 1.1,
        "Book Price": 7.1
      }
    },
    {
      "quarter": "Q4 2008",
      "income status": {
        "Net sales": 276701,
        "Cost of goods sold": 203045,
        "Gross Profit": 73656,
        "Financial expenses": 31763,
        "Of which: Interest expense": "N/A",
        "Cost of sales": 22831,
        "Enterprise cost management": 2850,
        "Total Operating Expenses": 57444,
        "Total revenue financing activities": 3061,
        "Net profit from business activities": 19273,
        "Profit": -28,
        "Profit before tax": 19245,
        "Present corporate income tax expenses": 2843,
        "Deferred income taxes expenses": "N/A",
        "The interests of minority shareholders": "N/A",
        "Total Cost of profits": 2843,
        "Profit after tax corporate income": 16402,
        "Volume": 16200000,
        "Close of Quarter": 6.3,
        "EPS": 1673.5,
        "Non-adjusted EPS": 4801,
        "PE": 1.3,
        "Book Price": 6.7
      }
    },
    {
      "quarter": "Q3 2008",
      "income status": {
        "Net sales": 318650,
        "Cost of goods sold": 248879,
        "Gross Profit": 69771,
        "Financial expenses": 18801,
        "Of which: Interest expense": 1021,
        "Cost of sales": 14731,
        "Enterprise cost management": 4253,
        "Total Operating Expenses": 37785,
        "Total revenue financing activities": 3893,
        "Net profit from business activities": 35879,
        "Profit": 9,
        "Profit before tax": 35889,
        "Present corporate income tax expenses": 5024,
        "Deferred income taxes expenses": "N/A",
        "The interests of minority shareholders": "N/A",
        "Total Cost of profits": 5024,
        "Profit after tax corporate income": 30864,
        "Volume": 16200000,
        "Close of Quarter": 7.7,
        "EPS": 1675.2,
        "Non-adjusted EPS": 4806,
        "PE": 1.6,
        "Book Price": 6.6
      }
    },
    {
      "quarter": "Q2 2008",
      "income status": {
        "Net sales": 348451,
        "Cost of goods sold": 278024,
        "Gross Profit": 70427,
        "Financial expenses": 30702,
        "Of which: Interest expense": 1554,
        "Cost of sales": 12736,
        "Enterprise cost management": 7914,
        "Total Operating Expenses": 51352,
        "Total revenue financing activities": 2840,
        "Net profit from business activities": 21916,
        "Profit": "N/A",
        "Profit before tax": 21916,
        "Present corporate income tax expenses": 3068,
        "Deferred income taxes expenses": "N/A",
        "The interests of minority shareholders": "N/A",
        "Total Cost of profits": 3068,
        "Profit after tax corporate income": 18848,
        "Volume": 15000000,
        "Close of Quarter": 5.6,
        "EPS": 1272.3,
        "Non-adjusted EPS": 3942,
        "PE": 1.4,
        "Book Price": 6.5
      }
    },
    {
      "quarter": "Q1 2008",
      "income status": {
        "Net sales": 297403,
        "Cost of goods sold": 269762,
        "Gross Profit": 27642,
        "Financial expenses": 4232,
        "Of which: Interest expense": 2579,
        "Cost of sales": 8960,
        "Enterprise cost management": 2113,
        "Total Operating Expenses": 15305,
        "Total revenue financing activities": 1041,
        "Net profit from business activities": 13378,
        "Profit": 176,
        "Profit before tax": 13554,
        "Present corporate income tax expenses": 1898,
        "Deferred income taxes expenses": "N/A",
        "The interests of minority shareholders": "N/A",
        "Total Cost of profits": 1898,
        "Profit after tax corporate income": 11657,
        "Volume": 12000000,
        "Close of Quarter": 7.6,
        "EPS": 1091.2,
        "Non-adjusted EPS": 4226,
        "PE": 1.8,
        "Book Price": 6.0
      }
    },
    {
      "quarter": "Q4 2007",
      "income status": {
        "Net sales": 327895,
        "Cost of goods sold": 287649,
        "Gross Profit": 40246,
        "Financial expenses": 10194,
        "Of which: Interest expense": 2051,
        "Cost of sales": 9582,
        "Enterprise cost management": 2806,
        "Total Operating Expenses": 22582,
        "Total revenue financing activities": 1473,
        "Net profit from business activities": 19138,
        "Profit": 38,
        "Profit before tax": 19176,
        "Present corporate income tax expenses": 2685,
        "Deferred income taxes expenses": "N/A",
        "The interests of minority shareholders": "N/A",
        "Total Cost of profits": 2685,
        "Profit after tax corporate income": 16491,
        "Volume": 12000000,
        "Close of Quarter": 9.7,
        "EPS": 969.0,
        "Non-adjusted EPS": 3753,
        "PE": 2.6,
        "Book Price": 4.2
      }
    },
    {
      "quarter": "Q3 2007",
      "income status": {
        "Net sales": 265239,
        "Cost of goods sold": 221016,
        "Gross Profit": 44224,
        "Financial expenses": 12176,
        "Of which: Interest expense": 2177,
        "Cost of sales": 12792,
        "Enterprise cost management": 5148,
        "Total Operating Expenses": 30116,
        "Total revenue financing activities": "N/A",
        "Net profit from business activities": 14108,
        "Profit": 7,
        "Profit before tax": 14115,
        "Present corporate income tax expenses": 1976,
        "Deferred income taxes expenses": "N/A",
        "The interests of minority shareholders": "N/A",
        "Total Cost of profits": 1976,
        "Profit after tax corporate income": 12139,
        "Volume": 12000000,
        "Close of Quarter": 6.7,
        "EPS": 698.7,
        "Non-adjusted EPS": 2706,
        "PE": 2.5,
        "Book Price": 3.9
      }
    },
    {
      "quarter": "Q2 2007",
      "income status": {
        "Net sales": 221763,
        "Cost of goods sold": 191274,
        "Gross Profit": 30489,
        "Financial expenses": 5820,
        "Of which: Interest expense": 1956,
        "Cost of sales": 12462,
        "Enterprise cost management": 3994,
        "Total Operating Expenses": 22276,
        "Total revenue financing activities": 621,
        "Net profit from business activities": 8833,
        "Profit": 3283,
        "Profit before tax": 12116,
        "Present corporate income tax expenses": 1696,
        "Deferred income taxes expenses": "N/A",
        "The interests of minority shareholders": "N/A",
        "Total Cost of profits": 1696,
        "Profit after tax corporate income": 10420,
        "Volume": 10263000,
        "Close of Quarter": 5.9,
        "EPS": 634.7,
        "Non-adjusted EPS": 2874,
        "PE": 2.0,
        "Book Price": 2.9
      }
    },
    {
      "quarter": "Q1 2007",
      "income status": {
        "Net sales": 174913,
        "Cost of goods sold": 151958,
        "Gross Profit": 22955,
        "Financial expenses": 6998,
        "Of which: Interest expense": 2040,
        "Cost of sales": 7249,
        "Enterprise cost management": 2511,
        "Total Operating Expenses": 16758,
        "Total revenue financing activities": 533,
        "Net profit from business activities": 6730,
        "Profit": 226,
        "Profit before tax": 6956,
        "Present corporate income tax expenses": 974,
        "Deferred income taxes expenses": "N/A",
        "The interests of minority shareholders": "N/A",
        "Total Cost of profits": 974,
        "Profit after tax corporate income": 5982,
        "Volume": 10263000,
        "Close of Quarter": 6.5,
        "EPS": 571.9,
        "Non-adjusted EPS": 2590,
        "PE": 2.5,
        "Book Price": 2.8
      }
    },
    {
      "quarter": "Q4 2006",
      "income status": {
        "Net sales": 212261,
        "Cost of goods sold": 191146,
        "Gross Profit": 21115,
        "Financial expenses": 10424,
        "Of which: Interest expense": "N/A",
        "Cost of sales": 11169,
        "Enterprise cost management": -2415,
        "Total Operating Expenses": 19178,
        "Total revenue financing activities": 4610,
        "Net profit from business activities": 6548,
        "Profit": -192,
        "Profit before tax": 6356,
        "Present corporate income tax expenses": 1780,
        "Deferred income taxes expenses": 645,
        "The interests of minority shareholders": "N/A",
        "Total Cost of profits": 2425,
        "Profit after tax corporate income": 3931,
        "Volume": 10263000,
        "Close of Quarter": 6.4,
        "EPS": 554.3,
        "Non-adjusted EPS": 2510,
        "PE": 2.6,
        "Book Price": 2.7
      }
    },
    {
      "quarter": "Q3 2006",
      "income status": {
        "Net sales": 161078,
        "Cost of goods sold": 141209,
        "Gross Profit": 19869,
        "Financial expenses": 1777,
        "Of which: Interest expense": 1721,
        "Cost of sales": 9350,
        "Enterprise cost management": 118,
        "Total Operating Expenses": 11245,
        "Total revenue financing activities": 328,
        "Net profit from business activities": 8952,
        "Profit": 208,
        "Profit before tax": 9160,
        "Present corporate income tax expenses": "N/A",
        "Deferred income taxes expenses": "N/A",
        "The interests of minority shareholders": "N/A",
        "Total Cost of profits": 0,
        "Profit after tax corporate income": 9160,
        "Volume": 10263000,
        "Close of Quarter": "N/A",
        "EPS": 469.7,
        "Non-adjusted EPS": 2127,
        "PE": "N/A",
        "Book Price": 2.6
      }
    },
    {
      "quarter": "Q2 2006",
      "income status": {
        "Net sales": 174270,
        "Cost of goods sold": 142387,
        "Gross Profit": 31883,
        "Financial expenses": 3908,
        "Of which: Interest expense": 2198,
        "Cost of sales": 9750,
        "Enterprise cost management": 11191,
        "Total Operating Expenses": 24849,
        "Total revenue financing activities": 232,
        "Net profit from business activities": 7265,
        "Profit": 240,
        "Profit before tax": 7506,
        "Present corporate income tax expenses": "N/A",
        "Deferred income taxes expenses": "N/A",
        "The interests of minority shareholders": "N/A",
        "Total Cost of profits": 0,
        "Profit after tax corporate income": 7506,
        "Volume": 10263000,
        "Close of Quarter": "N/A",
        "EPS": 272.7,
        "Non-adjusted EPS": 1235,
        "PE": "N/A",
        "Book Price": 2.5
      }
    },
    {
      "quarter": "Q1 2006",
      "income status": {
        "Net sales": 126442,
        "Cost of goods sold": 108744,
        "Gross Profit": 17697,
        "Financial expenses": 2324,
        "Of which: Interest expense": 1977,
        "Cost of sales": 8074,
        "Enterprise cost management": 2356,
        "Total Operating Expenses": 12754,
        "Total revenue financing activities": 169,
        "Net profit from business activities": 5112,
        "Profit": 52,
        "Profit before tax": 5164,
        "Present corporate income tax expenses": "N/A",
        "Deferred income taxes expenses": "N/A",
        "The interests of minority shareholders": "N/A",
        "Total Cost of profits": 0,
        "Profit after tax corporate income": 5164,
        "Volume": 10263000,
        "Close of Quarter": "N/A",
        "EPS": 111.1,
        "Non-adjusted EPS": 503,
        "PE": "N/A",
        "Book Price": "N/A"
      }
    }
  ]
}