{
  "ticker": "TPC",
  "data": [
    {
      "quarter": "Q1 2017",
      "income status": {
        "Net sales": 140511,
        "Cost of goods sold": 124362,
        "Gross Profit": 16149,
        "Financial expenses": 1361,
        "Of which: Interest expense": 1166,
        "Cost of sales": 2899,
        "Enterprise cost management": 5116,
        "Total Operating Expenses": 9376,
        "Total revenue financing activities": 1311,
        "Net profit from business activities": 8083,
        "Profit": 541,
        "Profit before tax": 8624,
        "Present corporate income tax expenses": 1727,
        "Deferred income taxes expenses": "N/A",
        "The interests of minority shareholders": "N/A",
        "Total Cost of profits": 1727,
        "Profit after tax corporate income": 6897,
        "Volume": 21268956,
        "Close of Quarter": 8.5,
        "EPS": 1239,
        "Non-adjusted EPS": 1239,
        "PE": 6.9,
        "Book Price": 15.1
      }
    },
    {
      "quarter": "Q4 2016",
      "income status": {
        "Net sales": 169673,
        "Cost of goods sold": 154605,
        "Gross Profit": 15068,
        "Financial expenses": 7027,
        "Of which: Interest expense": 1318,
        "Cost of sales": 3309,
        "Enterprise cost management": 6108,
        "Total Operating Expenses": 16444,
        "Total revenue financing activities": 6474,
        "Net profit from business activities": 5099,
        "Profit": 1521,
        "Profit before tax": 6619,
        "Present corporate income tax expenses": 1579,
        "Deferred income taxes expenses": "N/A",
        "The interests of minority shareholders": "N/A",
        "Total Cost of profits": 1579,
        "Profit after tax corporate income": 5041,
        "Volume": 21268956,
        "Close of Quarter": 7.0,
        "EPS": 1000,
        "Non-adjusted EPS": 1000,
        "PE": 7.0,
        "Book Price": 14.4
      }
    },
    {
      "quarter": "Q3 2016",
      "income status": {
        "Net sales": 185184,
        "Cost of goods sold": 171836,
        "Gross Profit": 13347,
        "Financial expenses": 1003,
        "Of which: Interest expense": 854,
        "Cost of sales": 3113,
        "Enterprise cost management": 4626,
        "Total Operating Expenses": 8742,
        "Total revenue financing activities": 775,
        "Net profit from business activities": 5380,
        "Profit": 1073,
        "Profit before tax": 6453,
        "Present corporate income tax expenses": 1075,
        "Deferred income taxes expenses": "N/A",
        "The interests of minority shareholders": "N/A",
        "Total Cost of profits": 1075,
        "Profit after tax corporate income": 5378,
        "Volume": 21268956,
        "Close of Quarter": 8.0,
        "EPS": 902,
        "Non-adjusted EPS": 902,
        "PE": 8.8,
        "Book Price": 14.6
      }
    },
    {
      "quarter": "Q2 2016",
      "income status": {
        "Net sales": 195857,
        "Cost of goods sold": 181374,
        "Gross Profit": 14482,
        "Financial expenses": 1063,
        "Of which: Interest expense": 837,
        "Cost of sales": 3230,
        "Enterprise cost management": 4314,
        "Total Operating Expenses": 8607,
        "Total revenue financing activities": 3278,
        "Net profit from business activities": 9154,
        "Profit": 2197,
        "Profit before tax": 11351,
        "Present corporate income tax expenses": 2314,
        "Deferred income taxes expenses": "N/A",
        "The interests of minority shareholders": "N/A",
        "Total Cost of profits": 2314,
        "Profit after tax corporate income": 9038,
        "Volume": 21268956,
        "Close of Quarter": 6.5,
        "EPS": 843,
        "Non-adjusted EPS": 843,
        "PE": 7.7,
        "Book Price": 14.3
      }
    },
    {
      "quarter": "Q1 2016",
      "income status": {
        "Net sales": 151394,
        "Cost of goods sold": 142183,
        "Gross Profit": 9211,
        "Financial expenses": 1000,
        "Of which: Interest expense": 714,
        "Cost of sales": 2925,
        "Enterprise cost management": 4805,
        "Total Operating Expenses": 8730,
        "Total revenue financing activities": 1391,
        "Net profit from business activities": 1872,
        "Profit": 149,
        "Profit before tax": 2021,
        "Present corporate income tax expenses": 216,
        "Deferred income taxes expenses": "N/A",
        "The interests of minority shareholders": "N/A",
        "Total Cost of profits": 216,
        "Profit after tax corporate income": 1805,
        "Volume": 21268956,
        "Close of Quarter": 6.6,
        "EPS": 494,
        "Non-adjusted EPS": 494,
        "PE": 13.3,
        "Book Price": 14.5
      }
    },
    {
      "quarter": "Q4 2015",
      "income status": {
        "Net sales": 196962,
        "Cost of goods sold": 187257,
        "Gross Profit": 9705,
        "Financial expenses": 2988,
        "Of which: Interest expense": 1582,
        "Cost of sales": 3437,
        "Enterprise cost management": 4869,
        "Total Operating Expenses": 11294,
        "Total revenue financing activities": 3100,
        "Net profit from business activities": 1511,
        "Profit": 1497,
        "Profit before tax": 3008,
        "Present corporate income tax expenses": 46,
        "Deferred income taxes expenses": "N/A",
        "The interests of minority shareholders": "N/A",
        "Total Cost of profits": 46,
        "Profit after tax corporate income": 2961,
        "Volume": 21268956,
        "Close of Quarter": 5.2,
        "EPS": 497,
        "Non-adjusted EPS": 497,
        "PE": 10.5,
        "Book Price": 14.4
      }
    },
    {
      "quarter": "Q3 2015",
      "income status": {
        "Net sales": 187539,
        "Cost of goods sold": 170843,
        "Gross Profit": 16696,
        "Financial expenses": 10957,
        "Of which: Interest expense": 1207,
        "Cost of sales": 3246,
        "Enterprise cost management": 4428,
        "Total Operating Expenses": 18631,
        "Total revenue financing activities": 6460,
        "Net profit from business activities": 4525,
        "Profit": 912,
        "Profit before tax": 5437,
        "Present corporate income tax expenses": 1313,
        "Deferred income taxes expenses": "N/A",
        "The interests of minority shareholders": "N/A",
        "Total Cost of profits": 1313,
        "Profit after tax corporate income": 4124,
        "Volume": 21268956,
        "Close of Quarter": 5.8,
        "EPS": 469,
        "Non-adjusted EPS": 469,
        "PE": 12.4,
        "Book Price": 14.3
      }
    },
    {
      "quarter": "Q2 2015",
      "income status": {
        "Net sales": 166989,
        "Cost of goods sold": 153956,
        "Gross Profit": 13032,
        "Financial expenses": 6320,
        "Of which: Interest expense": 2123,
        "Cost of sales": 2845,
        "Enterprise cost management": 4173,
        "Total Operating Expenses": 13338,
        "Total revenue financing activities": 1979,
        "Net profit from business activities": 1672,
        "Profit": 1257,
        "Profit before tax": 2930,
        "Present corporate income tax expenses": 1317,
        "Deferred income taxes expenses": "N/A",
        "The interests of minority shareholders": "N/A",
        "Total Cost of profits": 1317,
        "Profit after tax corporate income": 1612,
        "Volume": 21268956,
        "Close of Quarter": 5.4,
        "EPS": 361,
        "Non-adjusted EPS": 361,
        "PE": 14.9,
        "Book Price": 14.6
      }
    },
    {
      "quarter": "Q1 2015",
      "income status": {
        "Net sales": 155527,
        "Cost of goods sold": 146053,
        "Gross Profit": 9474,
        "Financial expenses": 2144,
        "Of which: Interest expense": 1642,
        "Cost of sales": 2905,
        "Enterprise cost management": 4859,
        "Total Operating Expenses": 9908,
        "Total revenue financing activities": 2045,
        "Net profit from business activities": 1611,
        "Profit": 435,
        "Profit before tax": 2046,
        "Present corporate income tax expenses": 164,
        "Deferred income taxes expenses": "N/A",
        "The interests of minority shareholders": "N/A",
        "Total Cost of profits": 164,
        "Profit after tax corporate income": 1882,
        "Volume": 21268956,
        "Close of Quarter": 6.2,
        "EPS": 417,
        "Non-adjusted EPS": 417,
        "PE": 14.9,
        "Book Price": 14.5
      }
    },
    {
      "quarter": "Q4 2014",
      "income status": {
        "Net sales": 211090,
        "Cost of goods sold": 197831,
        "Gross Profit": 13259,
        "Financial expenses": 3714,
        "Of which: Interest expense": 3209,
        "Cost of sales": 3612,
        "Enterprise cost management": 4615,
        "Total Operating Expenses": 11941,
        "Total revenue financing activities": 1624,
        "Net profit from business activities": 2943,
        "Profit": -229,
        "Profit before tax": 2714,
        "Present corporate income tax expenses": 363,
        "Deferred income taxes expenses": "N/A",
        "The interests of minority shareholders": "N/A",
        "Total Cost of profits": 363,
        "Profit after tax corporate income": 2352,
        "Volume": 21268956,
        "Close of Quarter": 6.5,
        "EPS": 552,
        "Non-adjusted EPS": 552,
        "PE": 11.8,
        "Book Price": 14.4
      }
    },
    {
      "quarter": "Q3 2014",
      "income status": {
        "Net sales": 203237,
        "Cost of goods sold": 194018,
        "Gross Profit": 9219,
        "Financial expenses": 3283,
        "Of which: Interest expense": 2926,
        "Cost of sales": 3268,
        "Enterprise cost management": 4707,
        "Total Operating Expenses": 11258,
        "Total revenue financing activities": 3982,
        "Net profit from business activities": 1943,
        "Profit": -108,
        "Profit before tax": 1834,
        "Present corporate income tax expenses": "N/A",
        "Deferred income taxes expenses": "N/A",
        "The interests of minority shareholders": "N/A",
        "Total Cost of profits": 0,
        "Profit after tax corporate income": 1834,
        "Volume": 21268956,
        "Close of Quarter": 6.7,
        "EPS": 694,
        "Non-adjusted EPS": 694,
        "PE": 9.6,
        "Book Price": 14.3
      }
    },
    {
      "quarter": "Q2 2014",
      "income status": {
        "Net sales": 180876,
        "Cost of goods sold": 166714,
        "Gross Profit": 14162,
        "Financial expenses": 6540,
        "Of which: Interest expense": 3546,
        "Cost of sales": 3697,
        "Enterprise cost management": 4606,
        "Total Operating Expenses": 14843,
        "Total revenue financing activities": 4305,
        "Net profit from business activities": 3624,
        "Profit": -126,
        "Profit before tax": 3498,
        "Present corporate income tax expenses": 551,
        "Deferred income taxes expenses": 154,
        "The interests of minority shareholders": "N/A",
        "Total Cost of profits": 705,
        "Profit after tax corporate income": 2793,
        "Volume": 21268956,
        "Close of Quarter": 7.2,
        "EPS": 951,
        "Non-adjusted EPS": 951,
        "PE": 7.5,
        "Book Price": 14.2
      }
    },
    {
      "quarter": "Q1 2014",
      "income status": {
        "Net sales": 146621,
        "Cost of goods sold": 134434,
        "Gross Profit": 12187,
        "Financial expenses": 1291,
        "Of which: Interest expense": 1205,
        "Cost of sales": 3585,
        "Enterprise cost management": 4935,
        "Total Operating Expenses": 9811,
        "Total revenue financing activities": 2633,
        "Net profit from business activities": 5010,
        "Profit": 183,
        "Profit before tax": 5193,
        "Present corporate income tax expenses": 439,
        "Deferred income taxes expenses": "N/A",
        "The interests of minority shareholders": "N/A",
        "Total Cost of profits": 439,
        "Profit after tax corporate income": 4754,
        "Volume": 21268956,
        "Close of Quarter": 7.6,
        "EPS": 1166,
        "Non-adjusted EPS": 1166,
        "PE": 6.5,
        "Book Price": 15.1
      }
    },
    {
      "quarter": "Q4 2013",
      "income status": {
        "Net sales": 189383,
        "Cost of goods sold": 173021,
        "Gross Profit": 16363,
        "Financial expenses": 11683,
        "Of which: Interest expense": 8872,
        "Cost of sales": 3308,
        "Enterprise cost management": 4589,
        "Total Operating Expenses": 19580,
        "Total revenue financing activities": 1109,
        "Net profit from business activities": -2108,
        "Profit": 8423,
        "Profit before tax": 6315,
        "Present corporate income tax expenses": 946,
        "Deferred income taxes expenses": "N/A",
        "The interests of minority shareholders": "N/A",
        "Total Cost of profits": 946,
        "Profit after tax corporate income": 5370,
        "Volume": 21268956,
        "Close of Quarter": 6.8,
        "EPS": 1103,
        "Non-adjusted EPS": 1103,
        "PE": 6.2,
        "Book Price": 14.9
      }
    },
    {
      "quarter": "Q3 2013",
      "income status": {
        "Net sales": 167016,
        "Cost of goods sold": 152125,
        "Gross Profit": 14891,
        "Financial expenses": 997,
        "Of which: Interest expense": 910,
        "Cost of sales": 3799,
        "Enterprise cost management": 4088,
        "Total Operating Expenses": 8884,
        "Total revenue financing activities": 1968,
        "Net profit from business activities": 7974,
        "Profit": 429,
        "Profit before tax": 8403,
        "Present corporate income tax expenses": 1094,
        "Deferred income taxes expenses": "N/A",
        "The interests of minority shareholders": "N/A",
        "Total Cost of profits": 1094,
        "Profit after tax corporate income": 7309,
        "Volume": 21268956,
        "Close of Quarter": 5.8,
        "EPS": 1013,
        "Non-adjusted EPS": 1013,
        "PE": 5.7,
        "Book Price": 14.6
      }
    },
    {
      "quarter": "Q2 2013",
      "income status": {
        "Net sales": 162445,
        "Cost of goods sold": 145408,
        "Gross Profit": 17037,
        "Financial expenses": 3118,
        "Of which: Interest expense": 664,
        "Cost of sales": 4361,
        "Enterprise cost management": 3943,
        "Total Operating Expenses": 11422,
        "Total revenue financing activities": 2486,
        "Net profit from business activities": 8101,
        "Profit": 799,
        "Profit before tax": 8900,
        "Present corporate income tax expenses": 1533,
        "Deferred income taxes expenses": "N/A",
        "The interests of minority shareholders": "N/A",
        "Total Cost of profits": 1533,
        "Profit after tax corporate income": 7367,
        "Volume": 21268956,
        "Close of Quarter": 6.6,
        "EPS": 894,
        "Non-adjusted EPS": 894,
        "PE": 7.4,
        "Book Price": 14.3
      }
    },
    {
      "quarter": "Q1 2013",
      "income status": {
        "Net sales": 179868,
        "Cost of goods sold": 169702,
        "Gross Profit": 10165,
        "Financial expenses": 899,
        "Of which: Interest expense": 889,
        "Cost of sales": 3418,
        "Enterprise cost management": 4009,
        "Total Operating Expenses": 8326,
        "Total revenue financing activities": 2359,
        "Net profit from business activities": 4198,
        "Profit": 182,
        "Profit before tax": 4380,
        "Present corporate income tax expenses": 973,
        "Deferred income taxes expenses": "N/A",
        "The interests of minority shareholders": "N/A",
        "Total Cost of profits": 973,
        "Profit after tax corporate income": 3406,
        "Volume": 21268956,
        "Close of Quarter": 6.2,
        "EPS": 1102,
        "Non-adjusted EPS": 1102,
        "PE": 5.6,
        "Book Price": 15.3
      }
    },
    {
      "quarter": "Q4 2012",
      "income status": {
        "Net sales": 156123,
        "Cost of goods sold": 152697,
        "Gross Profit": 3426,
        "Financial expenses": 15473,
        "Of which: Interest expense": 2925,
        "Cost of sales": 3223,
        "Enterprise cost management": 4741,
        "Total Operating Expenses": 23437,
        "Total revenue financing activities": 18414,
        "Net profit from business activities": -1597,
        "Profit": 5948,
        "Profit before tax": 4351,
        "Present corporate income tax expenses": 897,
        "Deferred income taxes expenses": "N/A",
        "The interests of minority shareholders": "N/A",
        "Total Cost of profits": 897,
        "Profit after tax corporate income": 3454,
        "Volume": 21268956,
        "Close of Quarter": 6.0,
        "EPS": 1440,
        "Non-adjusted EPS": 1440,
        "PE": 4.2,
        "Book Price": 15.2
      }
    },
    {
      "quarter": "Q3 2012",
      "income status": {
        "Net sales": 178791,
        "Cost of goods sold": 169934,
        "Gross Profit": 8856,
        "Financial expenses": 5826,
        "Of which: Interest expense": 5826,
        "Cost of sales": 3082,
        "Enterprise cost management": 3492,
        "Total Operating Expenses": 12400,
        "Total revenue financing activities": 5795,
        "Net profit from business activities": 2252,
        "Profit": 3082,
        "Profit before tax": 5334,
        "Present corporate income tax expenses": 545,
        "Deferred income taxes expenses": "N/A",
        "The interests of minority shareholders": "N/A",
        "Total Cost of profits": 545,
        "Profit after tax corporate income": 4789,
        "Volume": 21268956,
        "Close of Quarter": 5.9,
        "EPS": 1466,
        "Non-adjusted EPS": 1466,
        "PE": 4.1,
        "Book Price": 15.1
      }
    },
    {
      "quarter": "Q2 2012",
      "income status": {
        "Net sales": 143628,
        "Cost of goods sold": 134885,
        "Gross Profit": 8743,
        "Financial expenses": 3755,
        "Of which: Interest expense": 6644,
        "Cost of sales": 3942,
        "Enterprise cost management": 4085,
        "Total Operating Expenses": 11782,
        "Total revenue financing activities": 15426,
        "Net profit from business activities": 12387,
        "Profit": 171,
        "Profit before tax": 12558,
        "Present corporate income tax expenses": 775,
        "Deferred income taxes expenses": "N/A",
        "The interests of minority shareholders": "N/A",
        "Total Cost of profits": 775,
        "Profit after tax corporate income": 11783,
        "Volume": 21268956,
        "Close of Quarter": 6.1,
        "EPS": 1651,
        "Non-adjusted EPS": 1651,
        "PE": 3.7,
        "Book Price": 15
      }
    },
    {
      "quarter": "Q1 2012",
      "income status": {
        "Net sales": 128835,
        "Cost of goods sold": 117927,
        "Gross Profit": 10908,
        "Financial expenses": 7695,
        "Of which: Interest expense": 6455,
        "Cost of sales": 3426,
        "Enterprise cost management": 3492,
        "Total Operating Expenses": 14613,
        "Total revenue financing activities": 14668,
        "Net profit from business activities": 10962,
        "Profit": 489,
        "Profit before tax": 11451,
        "Present corporate income tax expenses": 848,
        "Deferred income taxes expenses": "N/A",
        "The interests of minority shareholders": "N/A",
        "Total Cost of profits": 848,
        "Profit after tax corporate income": 10604,
        "Volume": 21268956,
        "Close of Quarter": 6.3,
        "EPS": 1864,
        "Non-adjusted EPS": 1864,
        "PE": 3.4,
        "Book Price": 16.4
      }
    },
    {
      "quarter": "Q4 2011",
      "income status": {
        "Net sales": 197251,
        "Cost of goods sold": 181659,
        "Gross Profit": 15592,
        "Financial expenses": 3384,
        "Of which: Interest expense": 3384,
        "Cost of sales": 3571,
        "Enterprise cost management": 7596,
        "Total Operating Expenses": 14551,
        "Total revenue financing activities": 4972,
        "Net profit from business activities": 6014,
        "Profit": 401,
        "Profit before tax": 5837,
        "Present corporate income tax expenses": 1579,
        "Deferred income taxes expenses": 264,
        "The interests of minority shareholders": "N/A",
        "Total Cost of profits": 1843,
        "Profit after tax corporate income": 3994,
        "Volume": 21268956,
        "Close of Quarter": 3.8,
        "EPS": 1765,
        "Non-adjusted EPS": 1765,
        "PE": 2.1,
        "Book Price": 16.3
      }
    },
    {
      "quarter": "Q3 2011",
      "income status": {
        "Net sales": 194864,
        "Cost of goods sold": 180874,
        "Gross Profit": 13990,
        "Financial expenses": 11071,
        "Of which: Interest expense": 3487,
        "Cost of sales": 3621,
        "Enterprise cost management": 4335,
        "Total Operating Expenses": 19027,
        "Total revenue financing activities": 16799,
        "Net profit from business activities": 11762,
        "Profit": -242,
        "Profit before tax": 11520,
        "Present corporate income tax expenses": 2777,
        "Deferred income taxes expenses": "N/A",
        "The interests of minority shareholders": "N/A",
        "Total Cost of profits": 2777,
        "Profit after tax corporate income": 8743,
        "Volume": 21268956,
        "Close of Quarter": 4.3,
        "EPS": 1946,
        "Non-adjusted EPS": 1946,
        "PE": 2.2,
        "Book Price": 15.7
      }
    },
    {
      "quarter": "Q2 2011",
      "income status": {
        "Net sales": 206758,
        "Cost of goods sold": 184257,
        "Gross Profit": 22501,
        "Financial expenses": 2947,
        "Of which: Interest expense": 2947,
        "Cost of sales": 5612,
        "Enterprise cost management": 5370,
        "Total Operating Expenses": 13929,
        "Total revenue financing activities": 10483,
        "Net profit from business activities": 19055,
        "Profit": -210,
        "Profit before tax": 18845,
        "Present corporate income tax expenses": 2537,
        "Deferred income taxes expenses": "N/A",
        "The interests of minority shareholders": "N/A",
        "Total Cost of profits": 2537,
        "Profit after tax corporate income": 16308,
        "Volume": 21268956,
        "Close of Quarter": 4.3,
        "EPS": 1871,
        "Non-adjusted EPS": 1871,
        "PE": 2.3,
        "Book Price": 17.1
      }
    },
    {
      "quarter": "Q1 2011",
      "income status": {
        "Net sales": 129163,
        "Cost of goods sold": 110627,
        "Gross Profit": 18536,
        "Financial expenses": 88,
        "Of which: Interest expense": 88,
        "Cost of sales": 4895,
        "Enterprise cost management": 4263,
        "Total Operating Expenses": 9246,
        "Total revenue financing activities": 259,
        "Net profit from business activities": 9549,
        "Profit": 2,
        "Profit before tax": 9551,
        "Present corporate income tax expenses": 1059,
        "Deferred income taxes expenses": "N/A",
        "The interests of minority shareholders": "N/A",
        "Total Cost of profits": 1059,
        "Profit after tax corporate income": 8492,
        "Volume": 21268956,
        "Close of Quarter": 4.6,
        "EPS": 1635,
        "Non-adjusted EPS": 1635,
        "PE": 2.8,
        "Book Price": 16.2
      }
    },
    {
      "quarter": "Q4 2010",
      "income status": {
        "Net sales": 146941,
        "Cost of goods sold": 128395,
        "Gross Profit": 18546,
        "Financial expenses": 14600,
        "Of which: Interest expense": 307,
        "Cost of sales": 5233,
        "Enterprise cost management": 1165,
        "Total Operating Expenses": 20998,
        "Total revenue financing activities": 11149,
        "Net profit from business activities": 8698,
        "Profit": -482,
        "Profit before tax": 8216,
        "Present corporate income tax expenses": 373,
        "Deferred income taxes expenses": "N/A",
        "The interests of minority shareholders": "N/A",
        "Total Cost of profits": 373,
        "Profit after tax corporate income": 7843,
        "Volume": 21268956,
        "Close of Quarter": 5,
        "EPS": 1656,
        "Non-adjusted EPS": 1656,
        "PE": 3.0,
        "Book Price": 15.7
      }
    },
    {
      "quarter": "Q3 2010",
      "income status": {
        "Net sales": 114403,
        "Cost of goods sold": 100089,
        "Gross Profit": 14314,
        "Financial expenses": 1495,
        "Of which: Interest expense": 187,
        "Cost of sales": 3830,
        "Enterprise cost management": 3395,
        "Total Operating Expenses": 8720,
        "Total revenue financing activities": 1828,
        "Net profit from business activities": 7423,
        "Profit": 587,
        "Profit before tax": 8009,
        "Present corporate income tax expenses": 865,
        "Deferred income taxes expenses": "N/A",
        "The interests of minority shareholders": "N/A",
        "Total Cost of profits": 865,
        "Profit after tax corporate income": 7144,
        "Volume": 23307576,
        "Close of Quarter": 5.5,
        "EPS": 3174.7,
        "Non-adjusted EPS": 2897,
        "PE": 1.9,
        "Book Price": 16
      }
    },
    {
      "quarter": "Q2 2010",
      "income status": {
        "Net sales": 100954,
        "Cost of goods sold": 82729,
        "Gross Profit": 18225,
        "Financial expenses": 1205,
        "Of which: Interest expense": 59,
        "Cost of sales": 4714,
        "Enterprise cost management": 3860,
        "Total Operating Expenses": 9779,
        "Total revenue financing activities": 5082,
        "Net profit from business activities": 13528,
        "Profit": -48,
        "Profit before tax": 13480,
        "Present corporate income tax expenses": 2183,
        "Deferred income taxes expenses": "N/A",
        "The interests of minority shareholders": "N/A",
        "Total Cost of profits": 2183,
        "Profit after tax corporate income": 11297,
        "Volume": 19422980,
        "Close of Quarter": 6.5,
        "EPS": 3241.0,
        "Non-adjusted EPS": 3549,
        "PE": 1.8,
        "Book Price": 16.0
      }
    },
    {
      "quarter": "Q1 2010",
      "income status": {
        "Net sales": 84814,
        "Cost of goods sold": 69512,
        "Gross Profit": 15303,
        "Financial expenses": 1029,
        "Of which: Interest expense": 224,
        "Cost of sales": 2351,
        "Enterprise cost management": 2918,
        "Total Operating Expenses": 6298,
        "Total revenue financing activities": 777,
        "Net profit from business activities": 9781,
        "Profit": 92,
        "Profit before tax": 9874,
        "Present corporate income tax expenses": 938,
        "Deferred income taxes expenses": "N/A",
        "The interests of minority shareholders": "N/A",
        "Total Cost of profits": 938,
        "Profit after tax corporate income": 8936,
        "Volume": 19884360,
        "Close of Quarter": 6,
        "EPS": 3011.3,
        "Non-adjusted EPS": 3221,
        "PE": 1.9,
        "Book Price": 15.6
      }
    },
    {
      "quarter": "Q4 2009",
      "income status": {
        "Net sales": 108813,
        "Cost of goods sold": 71583,
        "Gross Profit": 37230,
        "Financial expenses": -34116,
        "Of which: Interest expense": 408,
        "Cost of sales": 1828,
        "Enterprise cost management": -4400,
        "Total Operating Expenses": -36688,
        "Total revenue financing activities": -26417,
        "Net profit from business activities": 47501,
        "Profit": -4535,
        "Profit before tax": 42966,
        "Present corporate income tax expenses": 749,
        "Deferred income taxes expenses": 2069,
        "The interests of minority shareholders": "N/A",
        "Total Cost of profits": 2818,
        "Profit after tax corporate income": 40148,
        "Volume": 19884360,
        "Close of Quarter": 5.1,
        "EPS": 3000.1,
        "Non-adjusted EPS": 3209,
        "PE": 1.6,
        "Book Price": 15.4
      }
    },
    {
      "quarter": "Q3 2009",
      "income status": {
        "Net sales": 92625,
        "Cost of goods sold": 74972,
        "Gross Profit": 17653,
        "Financial expenses": 3963,
        "Of which: Interest expense": 703,
        "Cost of sales": 1610,
        "Enterprise cost management": 5186,
        "Total Operating Expenses": 10759,
        "Total revenue financing activities": 1671,
        "Net profit from business activities": 8564,
        "Profit": -14,
        "Profit before tax": 8550,
        "Present corporate income tax expenses": "N/A",
        "Deferred income taxes expenses": "N/A",
        "The interests of minority shareholders": "N/A",
        "Total Cost of profits": 0,
        "Profit after tax corporate income": 8550,
        "Volume": 19884360,
        "Close of Quarter": 5.5,
        "EPS": -1805.3,
        "Non-adjusted EPS": -1931,
        "PE": -2.9,
        "Book Price": 13.4
      }
    },
    {
      "quarter": "Q2 2009",
      "income status": {
        "Net sales": 113314,
        "Cost of goods sold": 91102,
        "Gross Profit": 22212,
        "Financial expenses": -29280,
        "Of which: Interest expense": 192,
        "Cost of sales": 2428,
        "Enterprise cost management": 12140,
        "Total Operating Expenses": -14712,
        "Total revenue financing activities": -29619,
        "Net profit from business activities": 7304,
        "Profit": 84,
        "Profit before tax": 7388,
        "Present corporate income tax expenses": 967,
        "Deferred income taxes expenses": "N/A",
        "The interests of minority shareholders": "N/A",
        "Total Cost of profits": 967,
        "Profit after tax corporate income": 6421,
        "Volume": 19884360,
        "Close of Quarter": 4.7,
        "EPS": -1957.7,
        "Non-adjusted EPS": -2094,
        "PE": -2.2,
        "Book Price": 13
      }
    },
    {
      "quarter": "Q1 2009",
      "income status": {
        "Net sales": 94581,
        "Cost of goods sold": 82823,
        "Gross Profit": 11758,
        "Financial expenses": 31907,
        "Of which: Interest expense": "N/A",
        "Cost of sales": 2236,
        "Enterprise cost management": 2514,
        "Total Operating Expenses": 36657,
        "Total revenue financing activities": 32173,
        "Net profit from business activities": 7274,
        "Profit": 1469,
        "Profit before tax": 8743,
        "Present corporate income tax expenses": 63,
        "Deferred income taxes expenses": "N/A",
        "The interests of minority shareholders": "N/A",
        "Total Cost of profits": 63,
        "Profit after tax corporate income": 8680,
        "Volume": 19884360,
        "Close of Quarter": 2.9,
        "EPS": -2091.4,
        "Non-adjusted EPS": -2237,
        "PE": -1.3,
        "Book Price": 12.7
      }
    },
    {
      "quarter": "Q4 2008",
      "income status": {
        "Net sales": 168815,
        "Cost of goods sold": 166399,
        "Gross Profit": 2415,
        "Financial expenses": 63132,
        "Of which: Interest expense": 437,
        "Cost of sales": 3865,
        "Enterprise cost management": 3705,
        "Total Operating Expenses": 70702,
        "Total revenue financing activities": 5716,
        "Net profit from business activities": -62571,
        "Profit": 519,
        "Profit before tax": -62052,
        "Present corporate income tax expenses": "N/A",
        "Deferred income taxes expenses": "N/A",
        "The interests of minority shareholders": "N/A",
        "Total Cost of profits": 0,
        "Profit after tax corporate income": -62052,
        "Volume": 20292000,
        "Close of Quarter": 2.9,
        "EPS": -2398.5,
        "Non-adjusted EPS": -2514,
        "PE": -1.2,
        "Book Price": 12.9
      }
    },
    {
      "quarter": "Q3 2008",
      "income status": {
        "Net sales": 120823,
        "Cost of goods sold": 104217,
        "Gross Profit": 16606,
        "Financial expenses": 5132,
        "Of which: Interest expense": "N/A",
        "Cost of sales": 3702,
        "Enterprise cost management": 3006,
        "Total Operating Expenses": 11840,
        "Total revenue financing activities": 413,
        "Net profit from business activities": 5178,
        "Profit": 129,
        "Profit before tax": 5307,
        "Present corporate income tax expenses": "N/A",
        "Deferred income taxes expenses": "N/A",
        "The interests of minority shareholders": "N/A",
        "Total Cost of profits": 0,
        "Profit after tax corporate income": 5307,
        "Volume": 10146000,
        "Close of Quarter": 4.3,
        "EPS": 1350.5,
        "Non-adjusted EPS": 2831,
        "PE": 1.5,
        "Book Price": 15.8
      }
    },
    {
      "quarter": "Q2 2008",
      "income status": {
        "Net sales": 88265,
        "Cost of goods sold": 75344,
        "Gross Profit": 12920,
        "Financial expenses": 6503,
        "Of which: Interest expense": 1647,
        "Cost of sales": 2679,
        "Enterprise cost management": 3270,
        "Total Operating Expenses": 12452,
        "Total revenue financing activities": 2474,
        "Net profit from business activities": 2942,
        "Profit": 644,
        "Profit before tax": 3586,
        "Present corporate income tax expenses": "N/A",
        "Deferred income taxes expenses": "N/A",
        "The interests of minority shareholders": "N/A",
        "Total Cost of profits": 0,
        "Profit after tax corporate income": 3586,
        "Volume": 10146000,
        "Close of Quarter": 2.4,
        "EPS": 1257.0,
        "Non-adjusted EPS": 2635,
        "PE": 0.9,
        "Book Price": 16.3
      }
    },
    {
      "quarter": "Q1 2008",
      "income status": {
        "Net sales": 78455,
        "Cost of goods sold": 69055,
        "Gross Profit": 9400,
        "Financial expenses": 1354,
        "Of which: Interest expense": 1123,
        "Cost of sales": 3046,
        "Enterprise cost management": 4041,
        "Total Operating Expenses": 8441,
        "Total revenue financing activities": 1190,
        "Net profit from business activities": 2149,
        "Profit": -1,
        "Profit before tax": 2148,
        "Present corporate income tax expenses": "N/A",
        "Deferred income taxes expenses": "N/A",
        "The interests of minority shareholders": "N/A",
        "Total Cost of profits": 0,
        "Profit after tax corporate income": 2148,
        "Volume": 10400000,
        "Close of Quarter": 4.1,
        "EPS": 1258.6,
        "Non-adjusted EPS": 2574,
        "PE": 1.6,
        "Book Price": 16.1
      }
    },
    {
      "quarter": "Q4 2007",
      "income status": {
        "Net sales": 76905,
        "Cost of goods sold": 62125,
        "Gross Profit": 14780,
        "Financial expenses": 1408,
        "Of which: Interest expense": 746,
        "Cost of sales": 4376,
        "Enterprise cost management": 3127,
        "Total Operating Expenses": 8911,
        "Total revenue financing activities": 945,
        "Net profit from business activities": 6814,
        "Profit": 10867,
        "Profit before tax": 17681,
        "Present corporate income tax expenses": "N/A",
        "Deferred income taxes expenses": "N/A",
        "The interests of minority shareholders": "N/A",
        "Total Cost of profits": 0,
        "Profit after tax corporate income": 17681,
        "Volume": 10400000,
        "Close of Quarter": 9.7,
        "EPS": 1263.5,
        "Non-adjusted EPS": 2584,
        "PE": 3.8,
        "Book Price": 16.8
      }
    },
    {
      "quarter": "Q3 2007",
      "income status": {
        "Net sales": 73091,
        "Cost of goods sold": 62741,
        "Gross Profit": 10350,
        "Financial expenses": 575,
        "Of which: Interest expense": 296,
        "Cost of sales": 5029,
        "Enterprise cost management": 3135,
        "Total Operating Expenses": 8739,
        "Total revenue financing activities": 1487,
        "Net profit from business activities": 3098,
        "Profit": 218,
        "Profit before tax": 3316,
        "Present corporate income tax expenses": "N/A",
        "Deferred income taxes expenses": "N/A",
        "The interests of minority shareholders": "N/A",
        "Total Cost of profits": 0,
        "Profit after tax corporate income": 3316,
        "Volume": 10400000,
        "Close of Quarter": "N/A",
        "EPS": 474.8,
        "Non-adjusted EPS": 971,
        "PE": "N/A",
        "Book Price": 15.9
      }
    },
    {
      "quarter": "Q2 2007",
      "income status": {
        "Net sales": 71587,
        "Cost of goods sold": 61501,
        "Gross Profit": 10086,
        "Financial expenses": 5,
        "Of which: Interest expense": 83,
        "Cost of sales": 5238,
        "Enterprise cost management": 2128,
        "Total Operating Expenses": 7371,
        "Total revenue financing activities": 541,
        "Net profit from business activities": 3255,
        "Profit": 451,
        "Profit before tax": 3706,
        "Present corporate income tax expenses": 84,
        "Deferred income taxes expenses": "N/A",
        "The interests of minority shareholders": "N/A",
        "Total Cost of profits": 84,
        "Profit after tax corporate income": 3622,
        "Volume": 10400000,
        "Close of Quarter": "N/A",
        "EPS": 318.8,
        "Non-adjusted EPS": 652,
        "PE": "N/A",
        "Book Price": "N/A"
      }
    },
    {
      "quarter": "Q1 2007",
      "income status": {
        "Net sales": 66708,
        "Cost of goods sold": 54961,
        "Gross Profit": 11747,
        "Financial expenses": 2037,
        "Of which: Interest expense": 2037,
        "Cost of sales": 5496,
        "Enterprise cost management": 2345,
        "Total Operating Expenses": 9878,
        "Total revenue financing activities": 428,
        "Net profit from business activities": 2297,
        "Profit": -12,
        "Profit before tax": 2285,
        "Present corporate income tax expenses": 33,
        "Deferred income taxes expenses": "N/A",
        "The interests of minority shareholders": "N/A",
        "Total Cost of profits": 33,
        "Profit after tax corporate income": 2252,
        "Volume": 10400000,
        "Close of Quarter": "N/A",
        "EPS": 148.7,
        "Non-adjusted EPS": 304,
        "PE": "N/A",
        "Book Price": "N/A"
      }
    },
    {
      "quarter": "Q4 2006",
      "income status": {
        "Net sales": 65594,
        "Cost of goods sold": 57876,
        "Gross Profit": 7718,
        "Financial expenses": 3225,
        "Of which: Interest expense": 2265,
        "Cost of sales": 3351,
        "Enterprise cost management": 1277,
        "Total Operating Expenses": 7853,
        "Total revenue financing activities": 102,
        "Net profit from business activities": -33,
        "Profit": 1067,
        "Profit before tax": 1034,
        "Present corporate income tax expenses": 129,
        "Deferred income taxes expenses": "N/A",
        "The interests of minority shareholders": "N/A",
        "Total Cost of profits": 129,
        "Profit after tax corporate income": 905,
        "Volume": 10400000,
        "Close of Quarter": "N/A",
        "EPS": 42.5,
        "Non-adjusted EPS": 87,
        "PE": "N/A",
        "Book Price": "N/A"
      }
    }
  ]
}