{
  "ticker": "BPC",
  "data": [
    {
      "quarter": "Q1 2017",
      "income status": {
        "Net sales": 85552,
        "Cost of goods sold": 74181,
        "Gross Profit": 11371,
        "Financial expenses": 867,
        "Of which: Interest expense": 867,
        "Cost of sales": 1429,
        "Enterprise cost management": 4530,
        "Total Operating Expenses": 6826,
        "Total revenue financing activities": 4,
        "Net profit from business activities": 4550,
        "Profit": -10,
        "Profit before tax": 4540,
        "Present corporate income tax expenses": 920,
        "Deferred income taxes expenses": "N/A",
        "The interests of minority shareholders": "N/A",
        "Total Cost of profits": 920,
        "Profit after tax corporate income": 3620,
        "Volume": 3800000,
        "Close of Quarter": 19.4,
        "EPS": 4529,
        "Non-adjusted EPS": 4529,
        "PE": 4.3,
        "Book Price": 27
      }
    },
    {
      "quarter": "Q4 2016",
      "income status": {
        "Net sales": 90979,
        "Cost of goods sold": 78010,
        "Gross Profit": 12969,
        "Financial expenses": 609,
        "Of which: Interest expense": 909,
        "Cost of sales": 1797,
        "Enterprise cost management": 5791,
        "Total Operating Expenses": 8197,
        "Total revenue financing activities": 39,
        "Net profit from business activities": 4812,
        "Profit": 43,
        "Profit before tax": 4855,
        "Present corporate income tax expenses": 977,
        "Deferred income taxes expenses": "N/A",
        "The interests of minority shareholders": "N/A",
        "Total Cost of profits": 977,
        "Profit after tax corporate income": 3879,
        "Volume": 3800000,
        "Close of Quarter": 18.5,
        "EPS": 4559,
        "Non-adjusted EPS": 4559,
        "PE": 4.1,
        "Book Price": 26.2
      }
    },
    {
      "quarter": "Q3 2016",
      "income status": {
        "Net sales": 74047,
        "Cost of goods sold": 60867,
        "Gross Profit": 13180,
        "Financial expenses": 742,
        "Of which: Interest expense": 742,
        "Cost of sales": 1616,
        "Enterprise cost management": 5814,
        "Total Operating Expenses": 8172,
        "Total revenue financing activities": 8,
        "Net profit from business activities": 5015,
        "Profit": "N/A",
        "Profit before tax": 5015,
        "Present corporate income tax expenses": 1056,
        "Deferred income taxes expenses": "N/A",
        "The interests of minority shareholders": "N/A",
        "Total Cost of profits": 1056,
        "Profit after tax corporate income": 3959,
        "Volume": 3800000,
        "Close of Quarter": 21,
        "EPS": 4475,
        "Non-adjusted EPS": 4475,
        "PE": 4.7,
        "Book Price": 25.2
      }
    },
    {
      "quarter": "Q2 2016",
      "income status": {
        "Net sales": 85841,
        "Cost of goods sold": 71150,
        "Gross Profit": 14691,
        "Financial expenses": 780,
        "Of which: Interest expense": 1481,
        "Cost of sales": 1129,
        "Enterprise cost management": 5615,
        "Total Operating Expenses": 7524,
        "Total revenue financing activities": 9,
        "Net profit from business activities": 7176,
        "Profit": -142,
        "Profit before tax": 7034,
        "Present corporate income tax expenses": 1280,
        "Deferred income taxes expenses": "N/A",
        "The interests of minority shareholders": "N/A",
        "Total Cost of profits": 1280,
        "Profit after tax corporate income": 5754,
        "Volume": 3800000,
        "Close of Quarter": 22.3,
        "EPS": 3912,
        "Non-adjusted EPS": 3912,
        "PE": 5.7,
        "Book Price": 24.1
      }
    },
    {
      "quarter": "Q1 2016",
      "income status": {
        "Net sales": 79781,
        "Cost of goods sold": 68297,
        "Gross Profit": 11483,
        "Financial expenses": 720,
        "Of which: Interest expense": "N/A",
        "Cost of sales": 1051,
        "Enterprise cost management": 4920,
        "Total Operating Expenses": 6691,
        "Total revenue financing activities": 6,
        "Net profit from business activities": 4799,
        "Profit": 3,
        "Profit before tax": 4801,
        "Present corporate income tax expenses": 1069,
        "Deferred income taxes expenses": "N/A",
        "The interests of minority shareholders": "N/A",
        "Total Cost of profits": 1069,
        "Profit after tax corporate income": 3732,
        "Volume": 3800000,
        "Close of Quarter": 12.1,
        "EPS": 3306,
        "Non-adjusted EPS": 3306,
        "PE": 3.7,
        "Book Price": 24.8
      }
    },
    {
      "quarter": "Q4 2015",
      "income status": {
        "Net sales": 87751,
        "Cost of goods sold": 76323,
        "Gross Profit": 11428,
        "Financial expenses": 832,
        "Of which: Interest expense": 756,
        "Cost of sales": 1213,
        "Enterprise cost management": 4990,
        "Total Operating Expenses": 7035,
        "Total revenue financing activities": 94,
        "Net profit from business activities": 4487,
        "Profit": 68,
        "Profit before tax": 4555,
        "Present corporate income tax expenses": 996,
        "Deferred income taxes expenses": "N/A",
        "The interests of minority shareholders": "N/A",
        "Total Cost of profits": 996,
        "Profit after tax corporate income": 3559,
        "Volume": 3800000,
        "Close of Quarter": 11.5,
        "EPS": 2766,
        "Non-adjusted EPS": 2766,
        "PE": 4.2,
        "Book Price": 23.8
      }
    },
    {
      "quarter": "Q3 2015",
      "income status": {
        "Net sales": 67114,
        "Cost of goods sold": 59617,
        "Gross Profit": 7496,
        "Financial expenses": 675,
        "Of which: Interest expense": 675,
        "Cost of sales": 1251,
        "Enterprise cost management": 3251,
        "Total Operating Expenses": 5177,
        "Total revenue financing activities": 10,
        "Net profit from business activities": 2329,
        "Profit": 13,
        "Profit before tax": 2341,
        "Present corporate income tax expenses": 523,
        "Deferred income taxes expenses": "N/A",
        "The interests of minority shareholders": "N/A",
        "Total Cost of profits": 523,
        "Profit after tax corporate income": 1819,
        "Volume": 3800000,
        "Close of Quarter": 11.5,
        "EPS": 2582,
        "Non-adjusted EPS": 2582,
        "PE": 4.5,
        "Book Price": 22.8
      }
    },
    {
      "quarter": "Q2 2015",
      "income status": {
        "Net sales": 83379,
        "Cost of goods sold": 72892,
        "Gross Profit": 10487,
        "Financial expenses": 818,
        "Of which: Interest expense": 727,
        "Cost of sales": 1134,
        "Enterprise cost management": 4088,
        "Total Operating Expenses": 6040,
        "Total revenue financing activities": 8,
        "Net profit from business activities": 4456,
        "Profit": "N/A",
        "Profit before tax": 4456,
        "Present corporate income tax expenses": 1004,
        "Deferred income taxes expenses": "N/A",
        "The interests of minority shareholders": "N/A",
        "Total Cost of profits": 1004,
        "Profit after tax corporate income": 3452,
        "Volume": 3800000,
        "Close of Quarter": 11.8,
        "EPS": 2303,
        "Non-adjusted EPS": 2303,
        "PE": 5.1,
        "Book Price": 22.4
      }
    },
    {
      "quarter": "Q1 2015",
      "income status": {
        "Net sales": 55635,
        "Cost of goods sold": 49376,
        "Gross Profit": 6259,
        "Financial expenses": 667,
        "Of which: Interest expense": 667,
        "Cost of sales": 647,
        "Enterprise cost management": 2833,
        "Total Operating Expenses": 4147,
        "Total revenue financing activities": 40,
        "Net profit from business activities": 2152,
        "Profit": 1,
        "Profit before tax": 2153,
        "Present corporate income tax expenses": 474,
        "Deferred income taxes expenses": "N/A",
        "The interests of minority shareholders": "N/A",
        "Total Cost of profits": 474,
        "Profit after tax corporate income": 1679,
        "Volume": 3800000,
        "Close of Quarter": 12.7,
        "EPS": 2177,
        "Non-adjusted EPS": 2177,
        "PE": 5.8,
        "Book Price": 23.5
      }
    },
    {
      "quarter": "Q4 2014",
      "income status": {
        "Net sales": 79862,
        "Cost of goods sold": 70981,
        "Gross Profit": 8881,
        "Financial expenses": 598,
        "Of which: Interest expense": 812,
        "Cost of sales": 985,
        "Enterprise cost management": 3712,
        "Total Operating Expenses": 5295,
        "Total revenue financing activities": 7,
        "Net profit from business activities": 3592,
        "Profit": 94,
        "Profit before tax": 3687,
        "Present corporate income tax expenses": 826,
        "Deferred income taxes expenses": "N/A",
        "The interests of minority shareholders": "N/A",
        "Total Cost of profits": 826,
        "Profit after tax corporate income": 2861,
        "Volume": 3800000,
        "Close of Quarter": 9.4,
        "EPS": 2196,
        "Non-adjusted EPS": 2196,
        "PE": 4.3,
        "Book Price": 23
      }
    },
    {
      "quarter": "Q3 2014",
      "income status": {
        "Net sales": 63237,
        "Cost of goods sold": 58375,
        "Gross Profit": 4862,
        "Financial expenses": 363,
        "Of which: Interest expense": 721,
        "Cost of sales": 827,
        "Enterprise cost management": 2801,
        "Total Operating Expenses": 3991,
        "Total revenue financing activities": 9,
        "Net profit from business activities": 881,
        "Profit": 80,
        "Profit before tax": 961,
        "Present corporate income tax expenses": 201,
        "Deferred income taxes expenses": "N/A",
        "The interests of minority shareholders": "N/A",
        "Total Cost of profits": 201,
        "Profit after tax corporate income": 760,
        "Volume": 3800000,
        "Close of Quarter": 9.7,
        "EPS": 1808,
        "Non-adjusted EPS": 1808,
        "PE": 5.4,
        "Book Price": 22.1
      }
    },
    {
      "quarter": "Q2 2014",
      "income status": {
        "Net sales": 78761,
        "Cost of goods sold": 71224,
        "Gross Profit": 7537,
        "Financial expenses": -780,
        "Of which: Interest expense": 942,
        "Cost of sales": 1144,
        "Enterprise cost management": 3181,
        "Total Operating Expenses": 3545,
        "Total revenue financing activities": -296,
        "Net profit from business activities": 3696,
        "Profit": 40,
        "Profit before tax": 3736,
        "Present corporate income tax expenses": 765,
        "Deferred income taxes expenses": "N/A",
        "The interests of minority shareholders": "N/A",
        "Total Cost of profits": 765,
        "Profit after tax corporate income": 2971,
        "Volume": 3800000,
        "Close of Quarter": 8.6,
        "EPS": 2115,
        "Non-adjusted EPS": 2115,
        "PE": 4.1,
        "Book Price": 22.1
      }
    },
    {
      "quarter": "Q1 2014",
      "income status": {
        "Net sales": 70024,
        "Cost of goods sold": 63914,
        "Gross Profit": 6110,
        "Financial expenses": 898,
        "Of which: Interest expense": 897,
        "Cost of sales": 583,
        "Enterprise cost management": 2628,
        "Total Operating Expenses": 4109,
        "Total revenue financing activities": 331,
        "Net profit from business activities": 2332,
        "Profit": 22,
        "Profit before tax": 2354,
        "Present corporate income tax expenses": 600,
        "Deferred income taxes expenses": "N/A",
        "The interests of minority shareholders": "N/A",
        "Total Cost of profits": 600,
        "Profit after tax corporate income": 1753,
        "Volume": 3800000,
        "Close of Quarter": 9.3,
        "EPS": 1881,
        "Non-adjusted EPS": 1881,
        "PE": 5.0,
        "Book Price": 21.1
      }
    },
    {
      "quarter": "Q4 2013",
      "income status": {
        "Net sales": 86446,
        "Cost of goods sold": 78947,
        "Gross Profit": 7499,
        "Financial expenses": 919,
        "Of which: Interest expense": 879,
        "Cost of sales": 1134,
        "Enterprise cost management": 3420,
        "Total Operating Expenses": 5473,
        "Total revenue financing activities": 11,
        "Net profit from business activities": 2038,
        "Profit": 52,
        "Profit before tax": 2090,
        "Present corporate income tax expenses": 705,
        "Deferred income taxes expenses": "N/A",
        "The interests of minority shareholders": "N/A",
        "Total Cost of profits": 705,
        "Profit after tax corporate income": 1386,
        "Volume": 3800000,
        "Close of Quarter": 7.7,
        "EPS": 2051,
        "Non-adjusted EPS": 2051,
        "PE": 3.8,
        "Book Price": 22.4
      }
    },
    {
      "quarter": "Q3 2013",
      "income status": {
        "Net sales": 69967,
        "Cost of goods sold": 63407,
        "Gross Profit": 6560,
        "Financial expenses": 702,
        "Of which: Interest expense": 701,
        "Cost of sales": 1097,
        "Enterprise cost management": 2475,
        "Total Operating Expenses": 4274,
        "Total revenue financing activities": 193,
        "Net profit from business activities": 2479,
        "Profit": 31,
        "Profit before tax": 2510,
        "Present corporate income tax expenses": 582,
        "Deferred income taxes expenses": "N/A",
        "The interests of minority shareholders": "N/A",
        "Total Cost of profits": 582,
        "Profit after tax corporate income": 1927,
        "Volume": 3800000,
        "Close of Quarter": 6.5,
        "EPS": 2415,
        "Non-adjusted EPS": 2415,
        "PE": 2.7,
        "Book Price": 21.9
      }
    },
    {
      "quarter": "Q2 2013",
      "income status": {
        "Net sales": 83388,
        "Cost of goods sold": 74944,
        "Gross Profit": 8444,
        "Financial expenses": 412,
        "Of which: Interest expense": 813,
        "Cost of sales": 1173,
        "Enterprise cost management": 4122,
        "Total Operating Expenses": 5707,
        "Total revenue financing activities": 67,
        "Net profit from business activities": 2804,
        "Profit": -11,
        "Profit before tax": 2794,
        "Present corporate income tax expenses": 712,
        "Deferred income taxes expenses": "N/A",
        "The interests of minority shareholders": "N/A",
        "Total Cost of profits": 712,
        "Profit after tax corporate income": 2082,
        "Volume": 3800000,
        "Close of Quarter": 6.2,
        "EPS": 2381,
        "Non-adjusted EPS": 2381,
        "PE": 2.6,
        "Book Price": 21.4
      }
    },
    {
      "quarter": "Q1 2013",
      "income status": {
        "Net sales": 81251,
        "Cost of goods sold": 73365,
        "Gross Profit": 7886,
        "Financial expenses": 954,
        "Of which: Interest expense": 954,
        "Cost of sales": 741,
        "Enterprise cost management": 3062,
        "Total Operating Expenses": 4757,
        "Total revenue financing activities": 25,
        "Net profit from business activities": 3155,
        "Profit": 59,
        "Profit before tax": 3214,
        "Present corporate income tax expenses": 815,
        "Deferred income taxes expenses": "N/A",
        "The interests of minority shareholders": "N/A",
        "Total Cost of profits": 815,
        "Profit after tax corporate income": 2398,
        "Volume": 3800000,
        "Close of Quarter": 6.1,
        "EPS": 2340,
        "Non-adjusted EPS": 2340,
        "PE": 2.6,
        "Book Price": 20.8
      }
    },
    {
      "quarter": "Q4 2012",
      "income status": {
        "Net sales": 98800,
        "Cost of goods sold": 88717,
        "Gross Profit": 10084,
        "Financial expenses": 1231,
        "Of which: Interest expense": 1193,
        "Cost of sales": 1304,
        "Enterprise cost management": 5799,
        "Total Operating Expenses": 8334,
        "Total revenue financing activities": 965,
        "Net profit from business activities": 2715,
        "Profit": -4,
        "Profit before tax": 2711,
        "Present corporate income tax expenses": -60,
        "Deferred income taxes expenses": "N/A",
        "The interests of minority shareholders": "N/A",
        "Total Cost of profits": -60,
        "Profit after tax corporate income": 2771,
        "Volume": 3800000,
        "Close of Quarter": 5.4,
        "EPS": 2347,
        "Non-adjusted EPS": 2347,
        "PE": 2.3,
        "Book Price": 21.8
      }
    },
    {
      "quarter": "Q3 2012",
      "income status": {
        "Net sales": 64539,
        "Cost of goods sold": 57692,
        "Gross Profit": 6847,
        "Financial expenses": 1295,
        "Of which: Interest expense": 1295,
        "Cost of sales": 754,
        "Enterprise cost management": 2736,
        "Total Operating Expenses": 4785,
        "Total revenue financing activities": 331,
        "Net profit from business activities": 2393,
        "Profit": 2,
        "Profit before tax": 2395,
        "Present corporate income tax expenses": 599,
        "Deferred income taxes expenses": "N/A",
        "The interests of minority shareholders": "N/A",
        "Total Cost of profits": 599,
        "Profit after tax corporate income": 1796,
        "Volume": 3800000,
        "Close of Quarter": 5.2,
        "EPS": 2082,
        "Non-adjusted EPS": 2082,
        "PE": 2.5,
        "Book Price": 21.1
      }
    },
    {
      "quarter": "Q2 2012",
      "income status": {
        "Net sales": 65323,
        "Cost of goods sold": 57559,
        "Gross Profit": 7765,
        "Financial expenses": 1031,
        "Of which: Interest expense": 1235,
        "Cost of sales": 363,
        "Enterprise cost management": 3908,
        "Total Operating Expenses": 5302,
        "Total revenue financing activities": 61,
        "Net profit from business activities": 2524,
        "Profit": 40,
        "Profit before tax": 2564,
        "Present corporate income tax expenses": 636,
        "Deferred income taxes expenses": "N/A",
        "The interests of minority shareholders": "N/A",
        "Total Cost of profits": 636,
        "Profit after tax corporate income": 1928,
        "Volume": 3800000,
        "Close of Quarter": 5.2,
        "EPS": 2041,
        "Non-adjusted EPS": 2041,
        "PE": 2.5,
        "Book Price": 20.7
      }
    },
    {
      "quarter": "Q1 2012",
      "income status": {
        "Net sales": 64903,
        "Cost of goods sold": 57423,
        "Gross Profit": 7480,
        "Financial expenses": 1247,
        "Of which: Interest expense": 1247,
        "Cost of sales": 671,
        "Enterprise cost management": 2647,
        "Total Operating Expenses": 4565,
        "Total revenue financing activities": 179,
        "Net profit from business activities": 3093,
        "Profit": 154,
        "Profit before tax": 3247,
        "Present corporate income tax expenses": 824,
        "Deferred income taxes expenses": "N/A",
        "The interests of minority shareholders": "N/A",
        "Total Cost of profits": 824,
        "Profit after tax corporate income": 2424,
        "Volume": 3800000,
        "Close of Quarter": 4.8,
        "EPS": 2192,
        "Non-adjusted EPS": 2192,
        "PE": 2.2,
        "Book Price": 20.1
      }
    },
    {
      "quarter": "Q4 2011",
      "income status": {
        "Net sales": 64925,
        "Cost of goods sold": 56981,
        "Gross Profit": 7943,
        "Financial expenses": 2429,
        "Of which: Interest expense": 942,
        "Cost of sales": 903,
        "Enterprise cost management": 3618,
        "Total Operating Expenses": 6950,
        "Total revenue financing activities": 114,
        "Net profit from business activities": 1108,
        "Profit": 1183,
        "Profit before tax": 2291,
        "Present corporate income tax expenses": 529,
        "Deferred income taxes expenses": "N/A",
        "The interests of minority shareholders": "N/A",
        "Total Cost of profits": 529,
        "Profit after tax corporate income": 1762,
        "Volume": 3800000,
        "Close of Quarter": 3.7,
        "EPS": 2106,
        "Non-adjusted EPS": 2106,
        "PE": 1.7,
        "Book Price": 21.1
      }
    },
    {
      "quarter": "Q3 2011",
      "income status": {
        "Net sales": 59605,
        "Cost of goods sold": 52801,
        "Gross Profit": 6804,
        "Financial expenses": 1511,
        "Of which: Interest expense": 1430,
        "Cost of sales": 654,
        "Enterprise cost management": 2438,
        "Total Operating Expenses": 4603,
        "Total revenue financing activities": 38,
        "Net profit from business activities": 2239,
        "Profit": -17,
        "Profit before tax": 2222,
        "Present corporate income tax expenses": 581,
        "Deferred income taxes expenses": "N/A",
        "The interests of minority shareholders": "N/A",
        "Total Cost of profits": 581,
        "Profit after tax corporate income": 1642,
        "Volume": 3800000,
        "Close of Quarter": 4.3,
        "EPS": 2217,
        "Non-adjusted EPS": 2217,
        "PE": 2.0,
        "Book Price": 20.6
      }
    },
    {
      "quarter": "Q2 2011",
      "income status": {
        "Net sales": 89012,
        "Cost of goods sold": 78469,
        "Gross Profit": 10543,
        "Financial expenses": 4725,
        "Of which: Interest expense": 1793,
        "Cost of sales": 740,
        "Enterprise cost management": 2086,
        "Total Operating Expenses": 7551,
        "Total revenue financing activities": 153,
        "Net profit from business activities": 3145,
        "Profit": 196,
        "Profit before tax": 3341,
        "Present corporate income tax expenses": 840,
        "Deferred income taxes expenses": "N/A",
        "The interests of minority shareholders": "N/A",
        "Total Cost of profits": 840,
        "Profit after tax corporate income": 2501,
        "Volume": 3800000,
        "Close of Quarter": 4.2,
        "EPS": 2123,
        "Non-adjusted EPS": 2123,
        "PE": 2.0,
        "Book Price": 20.1
      }
    },
    {
      "quarter": "Q1 2011",
      "income status": {
        "Net sales": 77612,
        "Cost of goods sold": 70182,
        "Gross Profit": 7430,
        "Financial expenses": 1026,
        "Of which: Interest expense": 1025,
        "Cost of sales": 582,
        "Enterprise cost management": 3314,
        "Total Operating Expenses": 4922,
        "Total revenue financing activities": 288,
        "Net profit from business activities": 2797,
        "Profit": "N/A",
        "Profit before tax": 2797,
        "Present corporate income tax expenses": 699,
        "Deferred income taxes expenses": "N/A",
        "The interests of minority shareholders": "N/A",
        "Total Cost of profits": 699,
        "Profit after tax corporate income": 2098,
        "Volume": 3800000,
        "Close of Quarter": 5.2,
        "EPS": 2396,
        "Non-adjusted EPS": 2396,
        "PE": 2.2,
        "Book Price": 21.4
      }
    },
    {
      "quarter": "Q4 2010",
      "income status": {
        "Net sales": 74383,
        "Cost of goods sold": 64286,
        "Gross Profit": 10097,
        "Financial expenses": 3389,
        "Of which: Interest expense": 564,
        "Cost of sales": 728,
        "Enterprise cost management": 2843,
        "Total Operating Expenses": 6960,
        "Total revenue financing activities": 21,
        "Net profit from business activities": 3157,
        "Profit": "N/A",
        "Profit before tax": 3156,
        "Present corporate income tax expenses": 971,
        "Deferred income taxes expenses": "N/A",
        "The interests of minority shareholders": "N/A",
        "Total Cost of profits": 971,
        "Profit after tax corporate income": 2185,
        "Volume": 3800000,
        "Close of Quarter": 6.8,
        "EPS": 2353,
        "Non-adjusted EPS": 2353,
        "PE": 2.9,
        "Book Price": 20.8
      }
    },
    {
      "quarter": "Q3 2010",
      "income status": {
        "Net sales": 52566,
        "Cost of goods sold": 47730,
        "Gross Profit": 4836,
        "Financial expenses": 217,
        "Of which: Interest expense": 216,
        "Cost of sales": 460,
        "Enterprise cost management": 2474,
        "Total Operating Expenses": 3151,
        "Total revenue financing activities": 25,
        "Net profit from business activities": 1710,
        "Profit": 1,
        "Profit before tax": 1711,
        "Present corporate income tax expenses": 428,
        "Deferred income taxes expenses": "N/A",
        "The interests of minority shareholders": "N/A",
        "Total Cost of profits": 428,
        "Profit after tax corporate income": 1283,
        "Volume": 3800000,
        "Close of Quarter": 9.7,
        "EPS": 2678,
        "Non-adjusted EPS": 2678,
        "PE": 3.6,
        "Book Price": 20.3
      }
    },
    {
      "quarter": "Q2 2010",
      "income status": {
        "Net sales": 59515,
        "Cost of goods sold": 53090,
        "Gross Profit": 6425,
        "Financial expenses": 201,
        "Of which: Interest expense": 106,
        "Cost of sales": 426,
        "Enterprise cost management": 2820,
        "Total Operating Expenses": 3447,
        "Total revenue financing activities": 1725,
        "Net profit from business activities": 4704,
        "Profit": -24,
        "Profit before tax": 4680,
        "Present corporate income tax expenses": 1142,
        "Deferred income taxes expenses": "N/A",
        "The interests of minority shareholders": "N/A",
        "Total Cost of profits": 1142,
        "Profit after tax corporate income": 3538,
        "Volume": 3800000,
        "Close of Quarter": 10.1,
        "EPS": 3437,
        "Non-adjusted EPS": 3437,
        "PE": 2.9,
        "Book Price": 20.1
      }
    },
    {
      "quarter": "Q1 2010",
      "income status": {
        "Net sales": 57931,
        "Cost of goods sold": 52779,
        "Gross Profit": 5152,
        "Financial expenses": 6,
        "Of which: Interest expense": "N/A",
        "Cost of sales": 666,
        "Enterprise cost management": 2235,
        "Total Operating Expenses": 2907,
        "Total revenue financing activities": 18,
        "Net profit from business activities": 2263,
        "Profit": 155,
        "Profit before tax": 2418,
        "Present corporate income tax expenses": 484,
        "Deferred income taxes expenses": "N/A",
        "The interests of minority shareholders": "N/A",
        "Total Cost of profits": 484,
        "Profit after tax corporate income": 1934,
        "Volume": 3800000,
        "Close of Quarter": 9.9,
        "EPS": 3578,
        "Non-adjusted EPS": 3578,
        "PE": 2.8,
        "Book Price": 21.5
      }
    },
    {
      "quarter": "Q4 2009",
      "income status": {
        "Net sales": 59085,
        "Cost of goods sold": 53950,
        "Gross Profit": 5135,
        "Financial expenses": "N/A",
        "Of which: Interest expense": "N/A",
        "Cost of sales": 613,
        "Enterprise cost management": 2964,
        "Total Operating Expenses": 3577,
        "Total revenue financing activities": 2194,
        "Net profit from business activities": 3752,
        "Profit": 228,
        "Profit before tax": 3979,
        "Present corporate income tax expenses": 557,
        "Deferred income taxes expenses": "N/A",
        "The interests of minority shareholders": "N/A",
        "Total Cost of profits": 557,
        "Profit after tax corporate income": 3422,
        "Volume": 3800000,
        "Close of Quarter": 9.5,
        "EPS": 3824,
        "Non-adjusted EPS": 3824,
        "PE": 2.5,
        "Book Price": 21.1
      }
    },
    {
      "quarter": "Q3 2009",
      "income status": {
        "Net sales": 49411,
        "Cost of goods sold": 41659,
        "Gross Profit": 7752,
        "Financial expenses": "N/A",
        "Of which: Interest expense": "N/A",
        "Cost of sales": 352,
        "Enterprise cost management": 3055,
        "Total Operating Expenses": 3407,
        "Total revenue financing activities": 260,
        "Net profit from business activities": 4604,
        "Profit": 235,
        "Profit before tax": 4839,
        "Present corporate income tax expenses": 674,
        "Deferred income taxes expenses": "N/A",
        "The interests of minority shareholders": "N/A",
        "Total Cost of profits": 674,
        "Profit after tax corporate income": 4165,
        "Volume": 3800000,
        "Close of Quarter": 9.1,
        "EPS": 3304,
        "Non-adjusted EPS": 3304,
        "PE": 2.7,
        "Book Price": 20.3
      }
    },
    {
      "quarter": "Q2 2009",
      "income status": {
        "Net sales": 51692,
        "Cost of goods sold": 44491,
        "Gross Profit": 7201,
        "Financial expenses": "N/A",
        "Of which: Interest expense": "N/A",
        "Cost of sales": 393,
        "Enterprise cost management": 2235,
        "Total Operating Expenses": 2628,
        "Total revenue financing activities": 165,
        "Net profit from business activities": 4737,
        "Profit": 3,
        "Profit before tax": 4740,
        "Present corporate income tax expenses": 664,
        "Deferred income taxes expenses": "N/A",
        "The interests of minority shareholders": "N/A",
        "Total Cost of profits": 664,
        "Profit after tax corporate income": 4076,
        "Volume": 3800000,
        "Close of Quarter": 6.6,
        "EPS": 3119,
        "Non-adjusted EPS": 3119,
        "PE": 2.1,
        "Book Price": 19.2
      }
    },
    {
      "quarter": "Q1 2009",
      "income status": {
        "Net sales": 46369,
        "Cost of goods sold": 40671,
        "Gross Profit": 5698,
        "Financial expenses": "N/A",
        "Of which: Interest expense": "N/A",
        "Cost of sales": 137,
        "Enterprise cost management": 2291,
        "Total Operating Expenses": 2428,
        "Total revenue financing activities": 86,
        "Net profit from business activities": 3356,
        "Profit": -19,
        "Profit before tax": 3337,
        "Present corporate income tax expenses": 467,
        "Deferred income taxes expenses": "N/A",
        "The interests of minority shareholders": "N/A",
        "Total Cost of profits": 467,
        "Profit after tax corporate income": 2870,
        "Volume": 3800000,
        "Close of Quarter": 4.7,
        "EPS": 2493,
        "Non-adjusted EPS": 2493,
        "PE": 1.9,
        "Book Price": 18.4
      }
    },
    {
      "quarter": "Q4 2008",
      "income status": {
        "Net sales": 48801,
        "Cost of goods sold": 44480,
        "Gross Profit": 4321,
        "Financial expenses": 204,
        "Of which: Interest expense": 203,
        "Cost of sales": "N/A",
        "Enterprise cost management": 2487,
        "Total Operating Expenses": 2691,
        "Total revenue financing activities": 152,
        "Net profit from business activities": 1782,
        "Profit": 25,
        "Profit before tax": 1807,
        "Present corporate income tax expenses": 364,
        "Deferred income taxes expenses": "N/A",
        "The interests of minority shareholders": "N/A",
        "Total Cost of profits": 364,
        "Profit after tax corporate income": 1443,
        "Volume": 3800000,
        "Close of Quarter": 4.7,
        "EPS": 2461,
        "Non-adjusted EPS": 2461,
        "PE": 1.9,
        "Book Price": 17.8
      }
    },
    {
      "quarter": "Q3 2008",
      "income status": {
        "Net sales": 49467,
        "Cost of goods sold": 37329,
        "Gross Profit": 12138,
        "Financial expenses": 6304,
        "Of which: Interest expense": "N/A",
        "Cost of sales": "N/A",
        "Enterprise cost management": 1640,
        "Total Operating Expenses": 7944,
        "Total revenue financing activities": 138,
        "Net profit from business activities": 4331,
        "Profit": "N/A",
        "Profit before tax": 4331,
        "Present corporate income tax expenses": 866,
        "Deferred income taxes expenses": "N/A",
        "The interests of minority shareholders": "N/A",
        "Total Cost of profits": 866,
        "Profit after tax corporate income": 3465,
        "Volume": 3800000,
        "Close of Quarter": 5.8,
        "EPS": 2826,
        "Non-adjusted EPS": 2826,
        "PE": 2.0,
        "Book Price": 19
      }
    },
    {
      "quarter": "Q2 2008",
      "income status": {
        "Net sales": 42268,
        "Cost of goods sold": 37301,
        "Gross Profit": 4967,
        "Financial expenses": 1515,
        "Of which: Interest expense": "N/A",
        "Cost of sales": "N/A",
        "Enterprise cost management": 1395,
        "Total Operating Expenses": 2910,
        "Total revenue financing activities": 47,
        "Net profit from business activities": 2104,
        "Profit": 15,
        "Profit before tax": 2119,
        "Present corporate income tax expenses": 424,
        "Deferred income taxes expenses": "N/A",
        "The interests of minority shareholders": "N/A",
        "Total Cost of profits": 424,
        "Profit after tax corporate income": 1695,
        "Volume": 3800000,
        "Close of Quarter": 4.9,
        "EPS": 2272,
        "Non-adjusted EPS": 2272,
        "PE": 2.2,
        "Book Price": 18.1
      }
    },
    {
      "quarter": "Q1 2008",
      "income status": {
        "Net sales": 45372,
        "Cost of goods sold": 40130,
        "Gross Profit": 5242,
        "Financial expenses": 106,
        "Of which: Interest expense": "N/A",
        "Cost of sales": "N/A",
        "Enterprise cost management": 1731,
        "Total Operating Expenses": 1837,
        "Total revenue financing activities": 30,
        "Net profit from business activities": 3435,
        "Profit": 1,
        "Profit before tax": 3436,
        "Present corporate income tax expenses": 687,
        "Deferred income taxes expenses": "N/A",
        "The interests of minority shareholders": "N/A",
        "Total Cost of profits": 687,
        "Profit after tax corporate income": 2749,
        "Volume": 3800000,
        "Close of Quarter": 7.0,
        "EPS": 2565,
        "Non-adjusted EPS": 2565,
        "PE": 2.7,
        "Book Price": 17.7
      }
    },
    {
      "quarter": "Q4 2007",
      "income status": {
        "Net sales": 51154,
        "Cost of goods sold": 47538,
        "Gross Profit": 3616,
        "Financial expenses": 6,
        "Of which: Interest expense": "N/A",
        "Cost of sales": "N/A",
        "Enterprise cost management": 1938,
        "Total Operating Expenses": 1944,
        "Total revenue financing activities": 1665,
        "Net profit from business activities": 3336,
        "Profit": 52,
        "Profit before tax": 3389,
        "Present corporate income tax expenses": 559,
        "Deferred income taxes expenses": "N/A",
        "The interests of minority shareholders": "N/A",
        "Total Cost of profits": 559,
        "Profit after tax corporate income": 2830,
        "Volume": 3800000,
        "Close of Quarter": 14.3,
        "EPS": 2770,
        "Non-adjusted EPS": 2770,
        "PE": 5.2,
        "Book Price": 18.7
      }
    },
    {
      "quarter": "Q3 2007",
      "income status": {
        "Net sales": 25676,
        "Cost of goods sold": 25073,
        "Gross Profit": 602,
        "Financial expenses": 7,
        "Of which: Interest expense": "N/A",
        "Cost of sales": "N/A",
        "Enterprise cost management": 1147,
        "Total Operating Expenses": 1154,
        "Total revenue financing activities": 2025,
        "Net profit from business activities": 1474,
        "Profit": 154,
        "Profit before tax": 1628,
        "Present corporate income tax expenses": 270,
        "Deferred income taxes expenses": "N/A",
        "The interests of minority shareholders": "N/A",
        "Total Cost of profits": 270,
        "Profit after tax corporate income": 1359,
        "Volume": 3800000,
        "Close of Quarter": 15.2,
        "EPS": 2584,
        "Non-adjusted EPS": 2584,
        "PE": 5.9,
        "Book Price": 18
      }
    },
    {
      "quarter": "Q2 2007",
      "income status": {
        "Net sales": 35700,
        "Cost of goods sold": 34419,
        "Gross Profit": 1281,
        "Financial expenses": 22,
        "Of which: Interest expense": "N/A",
        "Cost of sales": "N/A",
        "Enterprise cost management": 1333,
        "Total Operating Expenses": 1355,
        "Total revenue financing activities": 3177,
        "Net profit from business activities": 3103,
        "Profit": 259,
        "Profit before tax": 3362,
        "Present corporate income tax expenses": 554,
        "Deferred income taxes expenses": "N/A",
        "The interests of minority shareholders": "N/A",
        "Total Cost of profits": 554,
        "Profit after tax corporate income": 2808,
        "Volume": 3800000,
        "Close of Quarter": 13.9,
        "EPS": 2612,
        "Non-adjusted EPS": 2612,
        "PE": 5.3,
        "Book Price": 17.7
      }
    },
    {
      "quarter": "Q1 2007",
      "income status": {
        "Net sales": 30304,
        "Cost of goods sold": 28306,
        "Gross Profit": 1999,
        "Financial expenses": 10,
        "Of which: Interest expense": "N/A",
        "Cost of sales": "N/A",
        "Enterprise cost management": 1364,
        "Total Operating Expenses": 1374,
        "Total revenue financing activities": 3565,
        "Net profit from business activities": 4190,
        "Profit": 35,
        "Profit before tax": 4225,
        "Present corporate income tax expenses": 697,
        "Deferred income taxes expenses": "N/A",
        "The interests of minority shareholders": "N/A",
        "Total Cost of profits": 697,
        "Profit after tax corporate income": 3528,
        "Volume": 3800000,
        "Close of Quarter": 13.9,
        "EPS": 2314,
        "Non-adjusted EPS": 2314,
        "PE": 6.0,
        "Book Price": 17
      }
    },
    {
      "quarter": "Q4 2006",
      "income status": {
        "Net sales": 35599,
        "Cost of goods sold": 32394,
        "Gross Profit": 3205,
        "Financial expenses": 4,
        "Of which: Interest expense": "N/A",
        "Cost of sales": "N/A",
        "Enterprise cost management": 1385,
        "Total Operating Expenses": 1389,
        "Total revenue financing activities": 462,
        "Net profit from business activities": 2278,
        "Profit": 267,
        "Profit before tax": 2545,
        "Present corporate income tax expenses": 420,
        "Deferred income taxes expenses": "N/A",
        "The interests of minority shareholders": "N/A",
        "Total Cost of profits": 420,
        "Profit after tax corporate income": 2126,
        "Volume": 3800000,
        "Close of Quarter": 9.1,
        "EPS": 2061,
        "Non-adjusted EPS": 2061,
        "PE": 4.4,
        "Book Price": 16.2
      }
    },
    {
      "quarter": "Q3 2006",
      "income status": {
        "Net sales": 29013,
        "Cost of goods sold": 26101,
        "Gross Profit": 2912,
        "Financial expenses": "N/A",
        "Of which: Interest expense": "N/A",
        "Cost of sales": "N/A",
        "Enterprise cost management": 1174,
        "Total Operating Expenses": 1174,
        "Total revenue financing activities": 8,
        "Net profit from business activities": 1747,
        "Profit": 3,
        "Profit before tax": 1750,
        "Present corporate income tax expenses": 288,
        "Deferred income taxes expenses": "N/A",
        "The interests of minority shareholders": "N/A",
        "Total Cost of profits": 288,
        "Profit after tax corporate income": 1462,
        "Volume": 3800000,
        "Close of Quarter": 10.6,
        "EPS": 1501,
        "Non-adjusted EPS": 1501,
        "PE": 7.0,
        "Book Price": 15.6
      }
    },
    {
      "quarter": "Q2 2006",
      "income status": {
        "Net sales": 32329,
        "Cost of goods sold": 29199,
        "Gross Profit": 3130,
        "Financial expenses": "N/A",
        "Of which: Interest expense": "N/A",
        "Cost of sales": "N/A",
        "Enterprise cost management": 1286,
        "Total Operating Expenses": 1286,
        "Total revenue financing activities": 25,
        "Net profit from business activities": 1869,
        "Profit": 141,
        "Profit before tax": 2011,
        "Present corporate income tax expenses": 331,
        "Deferred income taxes expenses": "N/A",
        "The interests of minority shareholders": "N/A",
        "Total Cost of profits": 331,
        "Profit after tax corporate income": 1679,
        "Volume": 3800000,
        "Close of Quarter": 9.2,
        "EPS": 1117,
        "Non-adjusted EPS": 1117,
        "PE": 8.3,
        "Book Price": 15.6
      }
    },
    {
      "quarter": "Q1 2006",
      "income status": {
        "Net sales": 37348,
        "Cost of goods sold": 32846,
        "Gross Profit": 4503,
        "Financial expenses": "N/A",
        "Of which: Interest expense": "N/A",
        "Cost of sales": "N/A",
        "Enterprise cost management": 1389,
        "Total Operating Expenses": 1389,
        "Total revenue financing activities": 49,
        "Net profit from business activities": 3163,
        "Profit": -14,
        "Profit before tax": 3149,
        "Present corporate income tax expenses": 585,
        "Deferred income taxes expenses": "N/A",
        "The interests of minority shareholders": "N/A",
        "Total Cost of profits": 585,
        "Profit after tax corporate income": 2564,
        "Volume": 3800000,
        "Close of Quarter": 9.8,
        "EPS": 675,
        "Non-adjusted EPS": 675,
        "PE": 14.5,
        "Book Price": 14.8
      }
    }
  ]
}