{
  "ticker": "PIT",
  "data": [
    {
      "quarter": "Q1 2017",
      "income status": {
        "Net sales": 589472,
        "Cost of goods sold": 562162,
        "Gross Profit": 27311,
        "Financial expenses": 10390,
        "Of which: Interest expense": 5499,
        "Cost of sales": 9634,
        "Enterprise cost management": 8740,
        "Total Operating Expenses": 28764,
        "Total revenue financing activities": 4040,
        "Net profit from business activities": 2586,
        "Profit": -127,
        "Profit before tax": 2459,
        "Present corporate income tax expenses": "N/A",
        "Deferred income taxes expenses": "N/A",
        "The interests of minority shareholders": "N/A",
        "Total Cost of profits": 0,
        "Profit after tax corporate income": 2459,
        "Volume": 14210225,
        "Close of Quarter": 7.1,
        "EPS": 575,
        "Non-adjusted EPS": 575,
        "PE": 12.4,
        "Book Price": 13.8
      }
    },
    {
      "quarter": "Q4 2016",
      "income status": {
        "Net sales": 375114,
        "Cost of goods sold": 339028,
        "Gross Profit": 36086,
        "Financial expenses": 8913,
        "Of which: Interest expense": 4326,
        "Cost of sales": 15490,
        "Enterprise cost management": 10883,
        "Total Operating Expenses": 35286,
        "Total revenue financing activities": 3762,
        "Net profit from business activities": 4561,
        "Profit": 218,
        "Profit before tax": 4779,
        "Present corporate income tax expenses": "N/A",
        "Deferred income taxes expenses": 2,
        "The interests of minority shareholders": "N/A",
        "Total Cost of profits": 2,
        "Profit after tax corporate income": 4777,
        "Volume": 14210225,
        "Close of Quarter": 7.9,
        "EPS": 543,
        "Non-adjusted EPS": 543,
        "PE": 14.6,
        "Book Price": 13.6
      }
    },
    {
      "quarter": "Q3 2016",
      "income status": {
        "Net sales": 633132,
        "Cost of goods sold": 610573,
        "Gross Profit": 22560,
        "Financial expenses": 7925,
        "Of which: Interest expense": 7278,
        "Cost of sales": 11571,
        "Enterprise cost management": 8457,
        "Total Operating Expenses": 27953,
        "Total revenue financing activities": 1536,
        "Net profit from business activities": -3857,
        "Profit": 1761,
        "Profit before tax": -2097,
        "Present corporate income tax expenses": "N/A",
        "Deferred income taxes expenses": "N/A",
        "The interests of minority shareholders": "N/A",
        "Total Cost of profits": 0,
        "Profit after tax corporate income": -2097,
        "Volume": 14210225,
        "Close of Quarter": 8,
        "EPS": 76,
        "Non-adjusted EPS": 76,
        "PE": 105.3,
        "Book Price": 13.3
      }
    },
    {
      "quarter": "Q2 2016",
      "income status": {
        "Net sales": 863207,
        "Cost of goods sold": 821219,
        "Gross Profit": 41988,
        "Financial expenses": 12166,
        "Of which: Interest expense": 11038,
        "Cost of sales": 22265,
        "Enterprise cost management": 7718,
        "Total Operating Expenses": 42149,
        "Total revenue financing activities": 3174,
        "Net profit from business activities": 3013,
        "Profit": 14,
        "Profit before tax": 3027,
        "Present corporate income tax expenses": -5,
        "Deferred income taxes expenses": 2,
        "The interests of minority shareholders": "N/A",
        "Total Cost of profits": -3,
        "Profit after tax corporate income": 3030,
        "Volume": 14210225,
        "Close of Quarter": 7.6,
        "EPS": -413,
        "Non-adjusted EPS": -413,
        "PE": -18.4,
        "Book Price": 13.4
      }
    },
    {
      "quarter": "Q1 2016",
      "income status": {
        "Net sales": 686817,
        "Cost of goods sold": 653931,
        "Gross Profit": 32886,
        "Financial expenses": 9956,
        "Of which: Interest expense": 8481,
        "Cost of sales": 11748,
        "Enterprise cost management": 9455,
        "Total Operating Expenses": 31159,
        "Total revenue financing activities": 321,
        "Net profit from business activities": 2048,
        "Profit": -35,
        "Profit before tax": 2013,
        "Present corporate income tax expenses": 5,
        "Deferred income taxes expenses": "N/A",
        "The interests of minority shareholders": "N/A",
        "Total Cost of profits": 5,
        "Profit after tax corporate income": 2008,
        "Volume": 14210225,
        "Close of Quarter": 7.4,
        "EPS": -575,
        "Non-adjusted EPS": -575,
        "PE": -12.9,
        "Book Price": 13.2
      }
    },
    {
      "quarter": "Q4 2015",
      "income status": {
        "Net sales": 636590,
        "Cost of goods sold": 611173,
        "Gross Profit": 25418,
        "Financial expenses": 20808,
        "Of which: Interest expense": 67939,
        "Cost of sales": 10134,
        "Enterprise cost management": 8518,
        "Total Operating Expenses": 39460,
        "Total revenue financing activities": 2507,
        "Net profit from business activities": -11536,
        "Profit": 9605,
        "Profit before tax": -1931,
        "Present corporate income tax expenses": -67,
        "Deferred income taxes expenses": 1,
        "The interests of minority shareholders": "N/A",
        "Total Cost of profits": -66,
        "Profit after tax corporate income": -1864,
        "Volume": 14210225,
        "Close of Quarter": 7.4,
        "EPS": -510,
        "Non-adjusted EPS": -510,
        "PE": -14.5,
        "Book Price": 13.1
      }
    },
    {
      "quarter": "Q3 2015",
      "income status": {
        "Net sales": 639644,
        "Cost of goods sold": 608092,
        "Gross Profit": 31553,
        "Financial expenses": 20279,
        "Of which: Interest expense": 5461,
        "Cost of sales": 15271,
        "Enterprise cost management": 10012,
        "Total Operating Expenses": 45562,
        "Total revenue financing activities": 4817,
        "Net profit from business activities": -9192,
        "Profit": 148,
        "Profit before tax": -9044,
        "Present corporate income tax expenses": 3,
        "Deferred income taxes expenses": -1,
        "The interests of minority shareholders": "N/A",
        "Total Cost of profits": 2,
        "Profit after tax corporate income": -9046,
        "Volume": 14210225,
        "Close of Quarter": 7.5,
        "EPS": -182,
        "Non-adjusted EPS": -182,
        "PE": -41.2,
        "Book Price": 13.3
      }
    },
    {
      "quarter": "Q2 2015",
      "income status": {
        "Net sales": 1084021,
        "Cost of goods sold": 1044584,
        "Gross Profit": 39438,
        "Financial expenses": 12793,
        "Of which: Interest expense": 6340,
        "Cost of sales": 24773,
        "Enterprise cost management": 6271,
        "Total Operating Expenses": 43837,
        "Total revenue financing activities": 5253,
        "Net profit from business activities": 854,
        "Profit": -110,
        "Profit before tax": 744,
        "Present corporate income tax expenses": 9,
        "Deferred income taxes expenses": 4,
        "The interests of minority shareholders": "N/A",
        "Total Cost of profits": 13,
        "Profit after tax corporate income": 731,
        "Volume": 14210225,
        "Close of Quarter": 8,
        "EPS": 538,
        "Non-adjusted EPS": 538,
        "PE": 14.9,
        "Book Price": 13.9
      }
    },
    {
      "quarter": "Q1 2015",
      "income status": {
        "Net sales": 975493,
        "Cost of goods sold": 935956,
        "Gross Profit": 39537,
        "Financial expenses": 5962,
        "Of which: Interest expense": 3878,
        "Cost of sales": 21258,
        "Enterprise cost management": 11687,
        "Total Operating Expenses": 38907,
        "Total revenue financing activities": 2376,
        "Net profit from business activities": 3005,
        "Profit": -4,
        "Profit before tax": 3001,
        "Present corporate income tax expenses": 73,
        "Deferred income taxes expenses": "N/A",
        "The interests of minority shareholders": "N/A",
        "Total Cost of profits": 73,
        "Profit after tax corporate income": 2928,
        "Volume": 14210225,
        "Close of Quarter": 7,
        "EPS": 798,
        "Non-adjusted EPS": 798,
        "PE": 8.8,
        "Book Price": 13.9
      }
    },
    {
      "quarter": "Q4 2014",
      "income status": {
        "Net sales": 583110,
        "Cost of goods sold": 554885,
        "Gross Profit": 28225,
        "Financial expenses": 7623,
        "Of which: Interest expense": 2573,
        "Cost of sales": 14447,
        "Enterprise cost management": 6426,
        "Total Operating Expenses": 28496,
        "Total revenue financing activities": 1838,
        "Net profit from business activities": 1567,
        "Profit": 1233,
        "Profit before tax": 2801,
        "Present corporate income tax expenses": "N/A",
        "Deferred income taxes expenses": "N/A",
        "The interests of minority shareholders": "N/A",
        "Total Cost of profits": 0,
        "Profit after tax corporate income": 2801,
        "Volume": 14210225,
        "Close of Quarter": 7.8,
        "EPS": 950,
        "Non-adjusted EPS": 950,
        "PE": 8.2,
        "Book Price": 13.6
      }
    },
    {
      "quarter": "Q3 2014",
      "income status": {
        "Net sales": 778780,
        "Cost of goods sold": 747933,
        "Gross Profit": 30847,
        "Financial expenses": 5708,
        "Of which: Interest expense": 5045,
        "Cost of sales": 19178,
        "Enterprise cost management": 8384,
        "Total Operating Expenses": 33270,
        "Total revenue financing activities": 3996,
        "Net profit from business activities": 1573,
        "Profit": -279,
        "Profit before tax": 1294,
        "Present corporate income tax expenses": 105,
        "Deferred income taxes expenses": "N/A",
        "The interests of minority shareholders": "N/A",
        "Total Cost of profits": 105,
        "Profit after tax corporate income": 1190,
        "Volume": 14210225,
        "Close of Quarter": 8,
        "EPS": 623,
        "Non-adjusted EPS": 623,
        "PE": 12.8,
        "Book Price": 13.4
      }
    },
    {
      "quarter": "Q2 2014",
      "income status": {
        "Net sales": 1282395,
        "Cost of goods sold": 1226643,
        "Gross Profit": 55752,
        "Financial expenses": 10850,
        "Of which: Interest expense": 6275,
        "Cost of sales": 32013,
        "Enterprise cost management": 10216,
        "Total Operating Expenses": 53079,
        "Total revenue financing activities": 2029,
        "Net profit from business activities": 4702,
        "Profit": 160,
        "Profit before tax": 4861,
        "Present corporate income tax expenses": 437,
        "Deferred income taxes expenses": "N/A",
        "The interests of minority shareholders": "N/A",
        "Total Cost of profits": 437,
        "Profit after tax corporate income": 4425,
        "Volume": 11842335,
        "Close of Quarter": 7.3,
        "EPS": 83.3,
        "Non-adjusted EPS": 100,
        "PE": 72.5,
        "Book Price": 13.3
      }
    },
    {
      "quarter": "Q1 2014",
      "income status": {
        "Net sales": 1145782,
        "Cost of goods sold": 1099348,
        "Gross Profit": 46434,
        "Financial expenses": 7320,
        "Of which: Interest expense": 6594,
        "Cost of sales": 24634,
        "Enterprise cost management": 11172,
        "Total Operating Expenses": 43126,
        "Total revenue financing activities": 1847,
        "Net profit from business activities": 5156,
        "Profit": 44,
        "Profit before tax": 5200,
        "Present corporate income tax expenses": 122,
        "Deferred income taxes expenses": "N/A",
        "The interests of minority shareholders": "N/A",
        "Total Cost of profits": 122,
        "Profit after tax corporate income": 5078,
        "Volume": 11842335,
        "Close of Quarter": 6.3,
        "EPS": -942.5,
        "Non-adjusted EPS": -1131,
        "PE": -5.5,
        "Book Price": 13.3
      }
    },
    {
      "quarter": "Q4 2013",
      "income status": {
        "Net sales": 618658,
        "Cost of goods sold": 593072,
        "Gross Profit": 25586,
        "Financial expenses": 6498,
        "Of which: Interest expense": 3114,
        "Cost of sales": 14276,
        "Enterprise cost management": 8367,
        "Total Operating Expenses": 29141,
        "Total revenue financing activities": 2073,
        "Net profit from business activities": -1482,
        "Profit": -22,
        "Profit before tax": -1504,
        "Present corporate income tax expenses": 339,
        "Deferred income taxes expenses": "N/A",
        "The interests of minority shareholders": "N/A",
        "Total Cost of profits": 339,
        "Profit after tax corporate income": -1844,
        "Volume": 11842335,
        "Close of Quarter": 5.7,
        "EPS": -1452.6,
        "Non-adjusted EPS": -1743,
        "PE": -3.3,
        "Book Price": 12.9
      }
    },
    {
      "quarter": "Q3 2013",
      "income status": {
        "Net sales": 592336,
        "Cost of goods sold": 570324,
        "Gross Profit": 22012,
        "Financial expenses": 6299,
        "Of which: Interest expense": 6187,
        "Cost of sales": 12367,
        "Enterprise cost management": 8740,
        "Total Operating Expenses": 27406,
        "Total revenue financing activities": 3111,
        "Net profit from business activities": -2283,
        "Profit": -4006,
        "Profit before tax": -6289,
        "Present corporate income tax expenses": 181,
        "Deferred income taxes expenses": "N/A",
        "The interests of minority shareholders": "N/A",
        "Total Cost of profits": 181,
        "Profit after tax corporate income": -6470,
        "Volume": 11842335,
        "Close of Quarter": 4.7,
        "EPS": -1323.4,
        "Non-adjusted EPS": -1588,
        "PE": -2.9,
        "Book Price": 13.1
      }
    },
    {
      "quarter": "Q2 2013",
      "income status": {
        "Net sales": 577715,
        "Cost of goods sold": 561448,
        "Gross Profit": 16266,
        "Financial expenses": 7449,
        "Of which: Interest expense": 4269,
        "Cost of sales": 12997,
        "Enterprise cost management": 8824,
        "Total Operating Expenses": 29270,
        "Total revenue financing activities": 2882,
        "Net profit from business activities": -10121,
        "Profit": 428,
        "Profit before tax": -9693,
        "Present corporate income tax expenses": 462,
        "Deferred income taxes expenses": "N/A",
        "The interests of minority shareholders": "N/A",
        "Total Cost of profits": 462,
        "Profit after tax corporate income": -10155,
        "Volume": 11842335,
        "Close of Quarter": 4.8,
        "EPS": -872.5,
        "Non-adjusted EPS": -1047,
        "PE": -4.6,
        "Book Price": 13.5
      }
    },
    {
      "quarter": "Q1 2013",
      "income status": {
        "Net sales": 529790,
        "Cost of goods sold": 509982,
        "Gross Profit": 19808,
        "Financial expenses": 6174,
        "Of which: Interest expense": 4962,
        "Cost of sales": 8977,
        "Enterprise cost management": 8306,
        "Total Operating Expenses": 23457,
        "Total revenue financing activities": 1550,
        "Net profit from business activities": -2100,
        "Profit": 59,
        "Profit before tax": -2041,
        "Present corporate income tax expenses": 132,
        "Deferred income taxes expenses": "N/A",
        "The interests of minority shareholders": "N/A",
        "Total Cost of profits": 132,
        "Profit after tax corporate income": -2173,
        "Volume": 11842335,
        "Close of Quarter": 5.3,
        "EPS": -164.2,
        "Non-adjusted EPS": -197,
        "PE": -26.7,
        "Book Price": 14.3
      }
    },
    {
      "quarter": "Q4 2012",
      "income status": {
        "Net sales": 371699,
        "Cost of goods sold": 360546,
        "Gross Profit": 11153,
        "Financial expenses": -2102,
        "Of which: Interest expense": 3647,
        "Cost of sales": 5388,
        "Enterprise cost management": 9956,
        "Total Operating Expenses": 13242,
        "Total revenue financing activities": 1962,
        "Net profit from business activities": -126,
        "Profit": 288,
        "Profit before tax": 161,
        "Present corporate income tax expenses": 173,
        "Deferred income taxes expenses": "N/A",
        "The interests of minority shareholders": "N/A",
        "Total Cost of profits": 173,
        "Profit after tax corporate income": -11,
        "Volume": 11842335,
        "Close of Quarter": 5.2,
        "EPS": 1.7,
        "Non-adjusted EPS": 2,
        "PE": 2585,
        "Book Price": 14.4
      }
    },
    {
      "quarter": "Q3 2012",
      "income status": {
        "Net sales": 513186,
        "Cost of goods sold": 493683,
        "Gross Profit": 19503,
        "Financial expenses": 7102,
        "Of which: Interest expense": 5756,
        "Cost of sales": 7193,
        "Enterprise cost management": 5584,
        "Total Operating Expenses": 19879,
        "Total revenue financing activities": 1574,
        "Net profit from business activities": 1198,
        "Profit": -1176,
        "Profit before tax": 22,
        "Present corporate income tax expenses": 82,
        "Deferred income taxes expenses": "N/A",
        "The interests of minority shareholders": "N/A",
        "Total Cost of profits": 82,
        "Profit after tax corporate income": -60,
        "Volume": 11842335,
        "Close of Quarter": 5.8,
        "EPS": -612.5,
        "Non-adjusted EPS": -735,
        "PE": -7.8,
        "Book Price": 14.8
      }
    },
    {
      "quarter": "Q2 2012",
      "income status": {
        "Net sales": 543304,
        "Cost of goods sold": 521067,
        "Gross Profit": 22238,
        "Financial expenses": 7564,
        "Of which: Interest expense": 6900,
        "Cost of sales": 10973,
        "Enterprise cost management": 7673,
        "Total Operating Expenses": 26210,
        "Total revenue financing activities": 3364,
        "Net profit from business activities": -609,
        "Profit": 544,
        "Profit before tax": -65,
        "Present corporate income tax expenses": 21,
        "Deferred income taxes expenses": "N/A",
        "The interests of minority shareholders": "N/A",
        "Total Cost of profits": 21,
        "Profit after tax corporate income": -86,
        "Volume": 11387383,
        "Close of Quarter": 6.2,
        "EPS": -415.1,
        "Non-adjusted EPS": -518,
        "PE": -11.9,
        "Book Price": 14.3
      }
    },
    {
      "quarter": "Q1 2012",
      "income status": {
        "Net sales": 519955,
        "Cost of goods sold": 497433,
        "Gross Profit": 22522,
        "Financial expenses": 7628,
        "Of which: Interest expense": 6652,
        "Cost of sales": 9950,
        "Enterprise cost management": 9439,
        "Total Operating Expenses": 27017,
        "Total revenue financing activities": 4714,
        "Net profit from business activities": 220,
        "Profit": -8,
        "Profit before tax": 211,
        "Present corporate income tax expenses": 29,
        "Deferred income taxes expenses": "N/A",
        "The interests of minority shareholders": "N/A",
        "Total Cost of profits": 29,
        "Profit after tax corporate income": 183,
        "Volume": 11387383,
        "Close of Quarter": 5.7,
        "EPS": -64.9,
        "Non-adjusted EPS": -81,
        "PE": -70.6,
        "Book Price": 14.8
      }
    },
    {
      "quarter": "Q4 2011",
      "income status": {
        "Net sales": 432067,
        "Cost of goods sold": 424880,
        "Gross Profit": 7186,
        "Financial expenses": 10269,
        "Of which: Interest expense": 7097,
        "Cost of sales": 7176,
        "Enterprise cost management": 6865,
        "Total Operating Expenses": 24310,
        "Total revenue financing activities": 4664,
        "Net profit from business activities": -12460,
        "Profit": 814,
        "Profit before tax": -11645,
        "Present corporate income tax expenses": -2906,
        "Deferred income taxes expenses": "N/A",
        "The interests of minority shareholders": "N/A",
        "Total Cost of profits": -2906,
        "Profit after tax corporate income": -8739,
        "Volume": 11387383,
        "Close of Quarter": 5.7,
        "EPS": 456.8,
        "Non-adjusted EPS": 570,
        "PE": 10.0,
        "Book Price": 14.8
      }
    },
    {
      "quarter": "Q3 2011",
      "income status": {
        "Net sales": 932423,
        "Cost of goods sold": 895292,
        "Gross Profit": 37130,
        "Financial expenses": 16173,
        "Of which: Interest expense": 10665,
        "Cost of sales": 17764,
        "Enterprise cost management": 8456,
        "Total Operating Expenses": 42393,
        "Total revenue financing activities": 8250,
        "Net profit from business activities": 2988,
        "Profit": 668,
        "Profit before tax": 15227,
        "Present corporate income tax expenses": 916,
        "Deferred income taxes expenses": "N/A",
        "The interests of minority shareholders": "N/A",
        "Total Cost of profits": 916,
        "Profit after tax corporate income": 2739,
        "Volume": 11387383,
        "Close of Quarter": 6.9,
        "EPS": 1335.1,
        "Non-adjusted EPS": 1666,
        "PE": 4.1,
        "Book Price": 15.7
      }
    },
    {
      "quarter": "Q2 2011",
      "income status": {
        "Net sales": 654794,
        "Cost of goods sold": 623458,
        "Gross Profit": 31336,
        "Financial expenses": 9768,
        "Of which: Interest expense": 2062,
        "Cost of sales": 11765,
        "Enterprise cost management": 10691,
        "Total Operating Expenses": 32224,
        "Total revenue financing activities": 9263,
        "Net profit from business activities": 8375,
        "Profit": -1918,
        "Profit before tax": 6458,
        "Present corporate income tax expenses": 1568,
        "Deferred income taxes expenses": "N/A",
        "The interests of minority shareholders": "N/A",
        "Total Cost of profits": 1568,
        "Profit after tax corporate income": 4890,
        "Volume": 11374191,
        "Close of Quarter": 7.3,
        "EPS": 1260.7,
        "Non-adjusted EPS": 1575,
        "PE": 4.6,
        "Book Price": 15.5
      }
    },
    {
      "quarter": "Q1 2011",
      "income status": {
        "Net sales": 770690,
        "Cost of goods sold": 732124,
        "Gross Profit": 38566,
        "Financial expenses": 15964,
        "Of which: Interest expense": 10628,
        "Cost of sales": 12274,
        "Enterprise cost management": 8382,
        "Total Operating Expenses": 36620,
        "Total revenue financing activities": 7998,
        "Net profit from business activities": 9945,
        "Profit": 150,
        "Profit before tax": 10094,
        "Present corporate income tax expenses": 2496,
        "Deferred income taxes expenses": "N/A",
        "The interests of minority shareholders": "N/A",
        "Total Cost of profits": 2496,
        "Profit after tax corporate income": 7598,
        "Volume": 11374191,
        "Close of Quarter": 7.7,
        "EPS": 1189.4,
        "Non-adjusted EPS": 1486,
        "PE": 5.2,
        "Book Price": 16.2
      }
    },
    {
      "quarter": "Q4 2010",
      "income status": {
        "Net sales": 387394,
        "Cost of goods sold": 363148,
        "Gross Profit": 24246,
        "Financial expenses": 6135,
        "Of which: Interest expense": 4644,
        "Cost of sales": 9604,
        "Enterprise cost management": 4952,
        "Total Operating Expenses": 20691,
        "Total revenue financing activities": 914,
        "Net profit from business activities": 4469,
        "Profit": 58,
        "Profit before tax": 4528,
        "Present corporate income tax expenses": 779,
        "Deferred income taxes expenses": "N/A",
        "The interests of minority shareholders": "N/A",
        "Total Cost of profits": 779,
        "Profit after tax corporate income": 3748,
        "Volume": 11677191,
        "Close of Quarter": 8.8,
        "EPS": 1162.8,
        "Non-adjusted EPS": 1415,
        "PE": 6.2,
        "Book Price": 15.8
      }
    },
    {
      "quarter": "Q3 2010",
      "income status": {
        "Net sales": 923515,
        "Cost of goods sold": 894716,
        "Gross Profit": 28799,
        "Financial expenses": 13909,
        "Of which: Interest expense": 10257,
        "Cost of sales": 13570,
        "Enterprise cost management": 10841,
        "Total Operating Expenses": 38320,
        "Total revenue financing activities": 11945,
        "Net profit from business activities": 2423,
        "Profit": -14,
        "Profit before tax": 2409,
        "Present corporate income tax expenses": 725,
        "Deferred income taxes expenses": "N/A",
        "The interests of minority shareholders": "N/A",
        "Total Cost of profits": 725,
        "Profit after tax corporate income": 1684,
        "Volume": 11739921,
        "Close of Quarter": 10.9,
        "EPS": 1111.2,
        "Non-adjusted EPS": 1345,
        "PE": 8.1,
        "Book Price": 16.0
      }
    },
    {
      "quarter": "Q2 2010",
      "income status": {
        "Net sales": 477447,
        "Cost of goods sold": 452392,
        "Gross Profit": 25055,
        "Financial expenses": 12513,
        "Of which: Interest expense": 9105,
        "Cost of sales": 9391,
        "Enterprise cost management": 4310,
        "Total Operating Expenses": 26214,
        "Total revenue financing activities": 5877,
        "Net profit from business activities": 4717,
        "Profit": 356,
        "Profit before tax": 5073,
        "Present corporate income tax expenses": 936,
        "Deferred income taxes expenses": 263,
        "The interests of minority shareholders": "N/A",
        "Total Cost of profits": 1199,
        "Profit after tax corporate income": 3873,
        "Volume": 10672792,
        "Close of Quarter": 12.4,
        "EPS": 1278.3,
        "Non-adjusted EPS": 1702,
        "PE": 7.3,
        "Book Price": 16.1
      }
    },
    {
      "quarter": "Q1 2010",
      "income status": {
        "Net sales": 320340,
        "Cost of goods sold": 296412,
        "Gross Profit": 23929,
        "Financial expenses": 7461,
        "Of which: Interest expense": 6242,
        "Cost of sales": 6908,
        "Enterprise cost management": 5388,
        "Total Operating Expenses": 19757,
        "Total revenue financing activities": 5069,
        "Net profit from business activities": 9241,
        "Profit": 286,
        "Profit before tax": 9527,
        "Present corporate income tax expenses": 2308,
        "Deferred income taxes expenses": "N/A",
        "The interests of minority shareholders": "N/A",
        "Total Cost of profits": 2308,
        "Profit after tax corporate income": 7219,
        "Volume": 10655592,
        "Close of Quarter": 8.2,
        "EPS": 1172.8,
        "Non-adjusted EPS": 1564,
        "PE": 5.3,
        "Book Price": 16.7
      }
    },
    {
      "quarter": "Q4 2009",
      "income status": {
        "Net sales": 409521,
        "Cost of goods sold": 393326,
        "Gross Profit": 16195,
        "Financial expenses": 7354,
        "Of which: Interest expense": "N/A",
        "Cost of sales": 10279,
        "Enterprise cost management": 6432,
        "Total Operating Expenses": 24065,
        "Total revenue financing activities": 10259,
        "Net profit from business activities": 2389,
        "Profit": 2188,
        "Profit before tax": 4577,
        "Present corporate income tax expenses": 1558,
        "Deferred income taxes expenses": "N/A",
        "The interests of minority shareholders": "N/A",
        "Total Cost of profits": 1558,
        "Profit after tax corporate income": 3018,
        "Volume": 10655592,
        "Close of Quarter": 8.1,
        "EPS": 839.8,
        "Non-adjusted EPS": 1120,
        "PE": 7.2,
        "Book Price": 16.1
      }
    },
    {
      "quarter": "Q3 2009",
      "income status": {
        "Net sales": 329243,
        "Cost of goods sold": 316219,
        "Gross Profit": 13024,
        "Financial expenses": 2779,
        "Of which: Interest expense": 2643,
        "Cost of sales": 10266,
        "Enterprise cost management": 4816,
        "Total Operating Expenses": 17861,
        "Total revenue financing activities": 9560,
        "Net profit from business activities": 4724,
        "Profit": 180,
        "Profit before tax": 4903,
        "Present corporate income tax expenses": 851,
        "Deferred income taxes expenses": "N/A",
        "The interests of minority shareholders": "N/A",
        "Total Cost of profits": 851,
        "Profit after tax corporate income": 4053,
        "Volume": 10655592,
        "Close of Quarter": 9.4,
        "EPS": -132.0,
        "Non-adjusted EPS": -176,
        "PE": -53.3,
        "Book Price": 15.9
      }
    },
    {
      "quarter": "Q2 2009",
      "income status": {
        "Net sales": 262648,
        "Cost of goods sold": 257465,
        "Gross Profit": 5183,
        "Financial expenses": 3189,
        "Of which: Interest expense": 1308,
        "Cost of sales": 7644,
        "Enterprise cost management": 3306,
        "Total Operating Expenses": 14139,
        "Total revenue financing activities": 11477,
        "Net profit from business activities": 2521,
        "Profit": -4,
        "Profit before tax": 2517,
        "Present corporate income tax expenses": 140,
        "Deferred income taxes expenses": "N/A",
        "The interests of minority shareholders": "N/A",
        "Total Cost of profits": 140,
        "Profit after tax corporate income": 2377,
        "Volume": 10655592,
        "Close of Quarter": 8.2,
        "EPS": 114.0,
        "Non-adjusted EPS": 152,
        "PE": 54.2,
        "Book Price": 15.7
      }
    },
    {
      "quarter": "Q1 2009",
      "income status": {
        "Net sales": 202559,
        "Cost of goods sold": 195304,
        "Gross Profit": 7255,
        "Financial expenses": 5054,
        "Of which: Interest expense": 2549,
        "Cost of sales": 5224,
        "Enterprise cost management": 1746,
        "Total Operating Expenses": 12024,
        "Total revenue financing activities": 7304,
        "Net profit from business activities": 2535,
        "Profit": 470,
        "Profit before tax": 3004,
        "Present corporate income tax expenses": 517,
        "Deferred income taxes expenses": "N/A",
        "The interests of minority shareholders": "N/A",
        "Total Cost of profits": 517,
        "Profit after tax corporate income": 2488,
        "Volume": 10655592,
        "Close of Quarter": 7.7,
        "EPS": 802.3,
        "Non-adjusted EPS": 1070,
        "PE": 7.2,
        "Book Price": 15.4
      }
    },
    {
      "quarter": "Q4 2008",
      "income status": {
        "Net sales": 316142,
        "Cost of goods sold": 317698,
        "Gross Profit": -1555,
        "Financial expenses": 10311,
        "Of which: Interest expense": 8167,
        "Cost of sales": 5470,
        "Enterprise cost management": 4217,
        "Total Operating Expenses": 19998,
        "Total revenue financing activities": 10518,
        "Net profit from business activities": -11034,
        "Profit": 237,
        "Profit before tax": -10797,
        "Present corporate income tax expenses": "N/A",
        "Deferred income taxes expenses": "N/A",
        "The interests of minority shareholders": "N/A",
        "Total Cost of profits": 0,
        "Profit after tax corporate income": -10797,
        "Volume": 10655592,
        "Close of Quarter": 6.3,
        "EPS": 1377.5,
        "Non-adjusted EPS": 1837,
        "PE": 3.5,
        "Book Price": 16.4
      }
    },
    {
      "quarter": "Q3 2008",
      "income status": {
        "Net sales": 347659,
        "Cost of goods sold": 332050,
        "Gross Profit": 15609,
        "Financial expenses": 13109,
        "Of which: Interest expense": 9501,
        "Cost of sales": 10004,
        "Enterprise cost management": 3102,
        "Total Operating Expenses": 26215,
        "Total revenue financing activities": 18788,
        "Net profit from business activities": 8182,
        "Profit": 685,
        "Profit before tax": 8867,
        "Present corporate income tax expenses": 1313,
        "Deferred income taxes expenses": "N/A",
        "The interests of minority shareholders": "N/A",
        "Total Cost of profits": 1313,
        "Profit after tax corporate income": 7554,
        "Volume": 10700592,
        "Close of Quarter": 8.9,
        "EPS": 2411.2,
        "Non-adjusted EPS": 3202,
        "PE": 2.8,
        "Book Price": 17.3
      }
    },
    {
      "quarter": "Q2 2008",
      "income status": {
        "Net sales": 630723,
        "Cost of goods sold": 603737,
        "Gross Profit": 26986,
        "Financial expenses": 10174,
        "Of which: Interest expense": "N/A",
        "Cost of sales": 12096,
        "Enterprise cost management": 4574,
        "Total Operating Expenses": 26844,
        "Total revenue financing activities": 13694,
        "Net profit from business activities": 13835,
        "Profit": 154,
        "Profit before tax": 13989,
        "Present corporate income tax expenses": 1834,
        "Deferred income taxes expenses": "N/A",
        "The interests of minority shareholders": "N/A",
        "Total Cost of profits": 1834,
        "Profit after tax corporate income": 12155,
        "Volume": 9727879,
        "Close of Quarter": 7.8,
        "EPS": 2433.6,
        "Non-adjusted EPS": 3555,
        "PE": 2.2,
        "Book Price": 16.9
      }
    },
    {
      "quarter": "Q1 2008",
      "income status": {
        "Net sales": 406803,
        "Cost of goods sold": 387096,
        "Gross Profit": 19707,
        "Financial expenses": 4064,
        "Of which: Interest expense": 2623,
        "Cost of sales": 5942,
        "Enterprise cost management": 1719,
        "Total Operating Expenses": 11725,
        "Total revenue financing activities": 4934,
        "Net profit from business activities": 12916,
        "Profit": 107,
        "Profit before tax": 13023,
        "Present corporate income tax expenses": 2356,
        "Deferred income taxes expenses": "N/A",
        "The interests of minority shareholders": "N/A",
        "Total Cost of profits": 2356,
        "Profit after tax corporate income": 10667,
        "Volume": 9770399,
        "Close of Quarter": 10.6,
        "EPS": 2162.4,
        "Non-adjusted EPS": 3145,
        "PE": 3.4,
        "Book Price": 16.1
      }
    },
    {
      "quarter": "Q4 2007",
      "income status": {
        "Net sales": 425487,
        "Cost of goods sold": 407826,
        "Gross Profit": 17660,
        "Financial expenses": 5217,
        "Of which: Interest expense": 4191,
        "Cost of sales": 10290,
        "Enterprise cost management": 6676,
        "Total Operating Expenses": 22183,
        "Total revenue financing activities": 8329,
        "Net profit from business activities": 3807,
        "Profit": 1258,
        "Profit before tax": 5064,
        "Present corporate income tax expenses": 1173,
        "Deferred income taxes expenses": "N/A",
        "The interests of minority shareholders": "N/A",
        "Total Cost of profits": 1173,
        "Profit after tax corporate income": 3891,
        "Volume": 9770479,
        "Close of Quarter": "N/A",
        "EPS": 2524.1,
        "Non-adjusted EPS": 3671,
        "PE": "N/A",
        "Book Price": 15.8
      }
    },
    {
      "quarter": "Q3 2007",
      "income status": {
        "Net sales": 295474,
        "Cost of goods sold": 283415,
        "Gross Profit": 12059,
        "Financial expenses": 2750,
        "Of which: Interest expense": "N/A",
        "Cost of sales": 6433,
        "Enterprise cost management": 2753,
        "Total Operating Expenses": 11936,
        "Total revenue financing activities": 8146,
        "Net profit from business activities": 8269,
        "Profit": 882,
        "Profit before tax": 9151,
        "Present corporate income tax expenses": 1281,
        "Deferred income taxes expenses": "N/A",
        "The interests of minority shareholders": "N/A",
        "Total Cost of profits": 1281,
        "Profit after tax corporate income": 7870,
        "Volume": 9770479,
        "Close of Quarter": "N/A",
        "EPS": 2588,
        "Non-adjusted EPS": 3764,
        "PE": "N/A",
        "Book Price": 15.9
      }
    },
    {
      "quarter": "Q2 2007",
      "income status": {
        "Net sales": 480046,
        "Cost of goods sold": 461805,
        "Gross Profit": 18241,
        "Financial expenses": 2342,
        "Of which: Interest expense": "N/A",
        "Cost of sales": 7250,
        "Enterprise cost management": 3987,
        "Total Operating Expenses": 13579,
        "Total revenue financing activities": 4814,
        "Net profit from business activities": 9475,
        "Profit": 179,
        "Profit before tax": 9655,
        "Present corporate income tax expenses": 1352,
        "Deferred income taxes expenses": "N/A",
        "The interests of minority shareholders": "N/A",
        "Total Cost of profits": 1352,
        "Profit after tax corporate income": 8303,
        "Volume": 9770479,
        "Close of Quarter": "N/A",
        "EPS": 2034.5,
        "Non-adjusted EPS": 2959,
        "PE": "N/A",
        "Book Price": "N/A"
      }
    },
    {
      "quarter": "Q1 2007",
      "income status": {
        "Net sales": 361376,
        "Cost of goods sold": 346109,
        "Gross Profit": 15268,
        "Financial expenses": 1873,
        "Of which: Interest expense": 1481,
        "Cost of sales": 4820,
        "Enterprise cost management": 1827,
        "Total Operating Expenses": 8520,
        "Total revenue financing activities": 11471,
        "Net profit from business activities": 18218,
        "Profit": 156,
        "Profit before tax": 18374,
        "Present corporate income tax expenses": 2572,
        "Deferred income taxes expenses": "N/A",
        "The interests of minority shareholders": "N/A",
        "Total Cost of profits": 2572,
        "Profit after tax corporate income": 15802,
        "Volume": 9770479,
        "Close of Quarter": "N/A",
        "EPS": 1450.1,
        "Non-adjusted EPS": 2109,
        "PE": "N/A",
        "Book Price": "N/A"
      }
    },
    {
      "quarter": "Q1 2006",
      "income status": {
        "Net sales": 264771,
        "Cost of goods sold": 252631,
        "Gross Profit": 12140,
        "Financial expenses": 1314,
        "Of which: Interest expense": 1044,
        "Cost of sales": 5649,
        "Enterprise cost management": 1834,
        "Total Operating Expenses": 8797,
        "Total revenue financing activities": 455,
        "Net profit from business activities": 3798,
        "Profit": 1005,
        "Profit before tax": 4803,
        "Present corporate income tax expenses": "N/A",
        "Deferred income taxes expenses": "N/A",
        "The interests of minority shareholders": "N/A",
        "Total Cost of profits": 0,
        "Profit after tax corporate income": 4803,
        "Volume": 9770479,
        "Close of Quarter": "N/A",
        "EPS": 338.3,
        "Non-adjusted EPS": 492,
        "PE": "N/A",
        "Book Price": "N/A"
      }
    }
  ]
}