{
  "ticker": "BT6",
  "data": [
    {
      "quarter": "Q3 2015",
      "income status": {
        "Net sales": 289855,
        "Cost of goods sold": 255432,
        "Gross Profit": 34424,
        "Financial expenses": 13973,
        "Of which: Interest expense": 13557,
        "Cost of sales": 2679,
        "Enterprise cost management": 9768,
        "Total Operating Expenses": 26420,
        "Total revenue financing activities": 45,
        "Net profit from business activities": 9884,
        "Profit": -1214,
        "Profit before tax": 8670,
        "Present corporate income tax expenses": 1627,
        "Deferred income taxes expenses": "N/A",
        "The interests of minority shareholders": -21,
        "Total Cost of profits": 1606,
        "Profit after tax corporate income": 7064,
        "Volume": 32993550,
        "Close of Quarter": 5.7,
        "EPS": 680,
        "Non-adjusted EPS": 680,
        "PE": 8.4,
        "Book Price": 16
      }
    },
    {
      "quarter": "Q2 2015",
      "income status": {
        "Net sales": 263654,
        "Cost of goods sold": 231845,
        "Gross Profit": 31809,
        "Financial expenses": 16041,
        "Of which: Interest expense": 14806,
        "Cost of sales": 2513,
        "Enterprise cost management": 11607,
        "Total Operating Expenses": 30161,
        "Total revenue financing activities": 1809,
        "Net profit from business activities": 3383,
        "Profit": 238,
        "Profit before tax": 3621,
        "Present corporate income tax expenses": 1057,
        "Deferred income taxes expenses": "N/A",
        "The interests of minority shareholders": -19,
        "Total Cost of profits": 1038,
        "Profit after tax corporate income": 2583,
        "Volume": 32993550,
        "Close of Quarter": 7.4,
        "EPS": 514,
        "Non-adjusted EPS": 514,
        "PE": 14.4,
        "Book Price": 15.8
      }
    },
    {
      "quarter": "Q1 2015",
      "income status": {
        "Net sales": 225162,
        "Cost of goods sold": 200134,
        "Gross Profit": 25028,
        "Financial expenses": 14139,
        "Of which: Interest expense": 14546,
        "Cost of sales": 2685,
        "Enterprise cost management": 10595,
        "Total Operating Expenses": 27419,
        "Total revenue financing activities": 12574,
        "Net profit from business activities": 10183,
        "Profit": 2196,
        "Profit before tax": 12379,
        "Present corporate income tax expenses": 751,
        "Deferred income taxes expenses": "N/A",
        "The interests of minority shareholders": -194,
        "Total Cost of profits": 557,
        "Profit after tax corporate income": 11822,
        "Volume": 32993550,
        "Close of Quarter": 7.9,
        "EPS": 788,
        "Non-adjusted EPS": 788,
        "PE": 10.0,
        "Book Price": 15.7
      }
    },
    {
      "quarter": "Q4 2014",
      "income status": {
        "Net sales": 311027,
        "Cost of goods sold": 280058,
        "Gross Profit": 30969,
        "Financial expenses": 14408,
        "Of which: Interest expense": 15053,
        "Cost of sales": 2123,
        "Enterprise cost management": 12465,
        "Total Operating Expenses": 28996,
        "Total revenue financing activities": 3456,
        "Net profit from business activities": 6336,
        "Profit": -5314,
        "Profit before tax": 1021,
        "Present corporate income tax expenses": 833,
        "Deferred income taxes expenses": -11,
        "The interests of minority shareholders": -781,
        "Total Cost of profits": 41,
        "Profit after tax corporate income": 980,
        "Volume": 32993550,
        "Close of Quarter": 7.5,
        "EPS": 511,
        "Non-adjusted EPS": 511,
        "PE": 14.7,
        "Book Price": 14.4
      }
    },
    {
      "quarter": "Q3 2014",
      "income status": {
        "Net sales": 204577,
        "Cost of goods sold": 177074,
        "Gross Profit": 27502,
        "Financial expenses": 15660,
        "Of which: Interest expense": 15108,
        "Cost of sales": 948,
        "Enterprise cost management": 12412,
        "Total Operating Expenses": 29020,
        "Total revenue financing activities": 2168,
        "Net profit from business activities": 650,
        "Profit": 595,
        "Profit before tax": 1245,
        "Present corporate income tax expenses": 52,
        "Deferred income taxes expenses": "N/A",
        "The interests of minority shareholders": -373,
        "Total Cost of profits": -321,
        "Profit after tax corporate income": 1566,
        "Volume": 32993550,
        "Close of Quarter": 7.2,
        "EPS": 733,
        "Non-adjusted EPS": 733,
        "PE": 9.8,
        "Book Price": 14.4
      }
    },
    {
      "quarter": "Q2 2014",
      "income status": {
        "Net sales": 156980,
        "Cost of goods sold": 129726,
        "Gross Profit": 27254,
        "Financial expenses": 15535,
        "Of which: Interest expense": 15092,
        "Cost of sales": 862,
        "Enterprise cost management": 13871,
        "Total Operating Expenses": 30268,
        "Total revenue financing activities": 16812,
        "Net profit from business activities": 10806,
        "Profit": 385,
        "Profit before tax": 11190,
        "Present corporate income tax expenses": 364,
        "Deferred income taxes expenses": "N/A",
        "The interests of minority shareholders": -821,
        "Total Cost of profits": -457,
        "Profit after tax corporate income": 11647,
        "Volume": 32993550,
        "Close of Quarter": 7,
        "EPS": 686,
        "Non-adjusted EPS": 686,
        "PE": 10.2,
        "Book Price": 14.3
      }
    },
    {
      "quarter": "Q1 2014",
      "income status": {
        "Net sales": 107287,
        "Cost of goods sold": 92224,
        "Gross Profit": 15062,
        "Financial expenses": 7460,
        "Of which: Interest expense": 15236,
        "Cost of sales": 614,
        "Enterprise cost management": 13182,
        "Total Operating Expenses": 21256,
        "Total revenue financing activities": 8902,
        "Net profit from business activities": 2709,
        "Profit": 811,
        "Profit before tax": 3520,
        "Present corporate income tax expenses": 965,
        "Deferred income taxes expenses": "N/A",
        "The interests of minority shareholders": -123,
        "Total Cost of profits": 842,
        "Profit after tax corporate income": 2678,
        "Volume": 32993550,
        "Close of Quarter": 8.4,
        "EPS": 466,
        "Non-adjusted EPS": 466,
        "PE": 18.0,
        "Book Price": 14.5
      }
    },
    {
      "quarter": "Q4 2013",
      "income status": {
        "Net sales": 320739,
        "Cost of goods sold": 279684,
        "Gross Profit": 41055,
        "Financial expenses": 17456,
        "Of which: Interest expense": 17089,
        "Cost of sales": 1984,
        "Enterprise cost management": 19401,
        "Total Operating Expenses": 38841,
        "Total revenue financing activities": 7635,
        "Net profit from business activities": 9848,
        "Profit": 1987,
        "Profit before tax": 11835,
        "Present corporate income tax expenses": 5566,
        "Deferred income taxes expenses": -1972,
        "The interests of minority shareholders": -43,
        "Total Cost of profits": 3551,
        "Profit after tax corporate income": 8284,
        "Volume": 32993550,
        "Close of Quarter": 6.5,
        "EPS": 375,
        "Non-adjusted EPS": 375,
        "PE": 17.3,
        "Book Price": 13.4
      }
    },
    {
      "quarter": "Q3 2013",
      "income status": {
        "Net sales": 223030,
        "Cost of goods sold": 189776,
        "Gross Profit": 33254,
        "Financial expenses": 18756,
        "Of which: Interest expense": 18632,
        "Cost of sales": 1932,
        "Enterprise cost management": 14529,
        "Total Operating Expenses": 35217,
        "Total revenue financing activities": 56,
        "Net profit from business activities": -1906,
        "Profit": 1996,
        "Profit before tax": 89,
        "Present corporate income tax expenses": 242,
        "Deferred income taxes expenses": "N/A",
        "The interests of minority shareholders": -168,
        "Total Cost of profits": 74,
        "Profit after tax corporate income": 15,
        "Volume": 32993550,
        "Close of Quarter": 5.7,
        "EPS": 1117,
        "Non-adjusted EPS": 1117,
        "PE": 5.1,
        "Book Price": 13.2
      }
    },
    {
      "quarter": "Q2 2013",
      "income status": {
        "Net sales": 239448,
        "Cost of goods sold": 200924,
        "Gross Profit": 38524,
        "Financial expenses": 21493,
        "Of which: Interest expense": 18458,
        "Cost of sales": 1393,
        "Enterprise cost management": 17815,
        "Total Operating Expenses": 40701,
        "Total revenue financing activities": 3808,
        "Net profit from business activities": 1631,
        "Profit": 4613,
        "Profit before tax": 5166,
        "Present corporate income tax expenses": 2429,
        "Deferred income taxes expenses": "N/A",
        "The interests of minority shareholders": -1675,
        "Total Cost of profits": 754,
        "Profit after tax corporate income": 4413,
        "Volume": 32993550,
        "Close of Quarter": 5.7,
        "EPS": 1293,
        "Non-adjusted EPS": 1293,
        "PE": 4.4,
        "Book Price": 13.2
      }
    },
    {
      "quarter": "Q1 2013",
      "income status": {
        "Net sales": 290794,
        "Cost of goods sold": 255498,
        "Gross Profit": 35296,
        "Financial expenses": 19752,
        "Of which: Interest expense": 19566,
        "Cost of sales": 1423,
        "Enterprise cost management": 13554,
        "Total Operating Expenses": 34729,
        "Total revenue financing activities": 145,
        "Net profit from business activities": 712,
        "Profit": -1195,
        "Profit before tax": -484,
        "Present corporate income tax expenses": 1174,
        "Deferred income taxes expenses": "N/A",
        "The interests of minority shareholders": -1321,
        "Total Cost of profits": -147,
        "Profit after tax corporate income": -336,
        "Volume": 32993550,
        "Close of Quarter": 5.8,
        "EPS": 1082,
        "Non-adjusted EPS": 1082,
        "PE": 5.3,
        "Book Price": 13.6
      }
    },
    {
      "quarter": "Q4 2012",
      "income status": {
        "Net sales": 443687,
        "Cost of goods sold": 373738,
        "Gross Profit": 69949,
        "Financial expenses": 28586,
        "Of which: Interest expense": 18426,
        "Cost of sales": 2540,
        "Enterprise cost management": 22888,
        "Total Operating Expenses": 54014,
        "Total revenue financing activities": 8585,
        "Net profit from business activities": 24521,
        "Profit": 15349,
        "Profit before tax": 39870,
        "Present corporate income tax expenses": 5910,
        "Deferred income taxes expenses": 3239,
        "The interests of minority shareholders": -2048,
        "Total Cost of profits": 7101,
        "Profit after tax corporate income": 32769,
        "Volume": 32993550,
        "Close of Quarter": 5.7,
        "EPS": 1208,
        "Non-adjusted EPS": 1208,
        "PE": 4.7,
        "Book Price": 14.1
      }
    },
    {
      "quarter": "Q3 2012",
      "income status": {
        "Net sales": 326636,
        "Cost of goods sold": 272269,
        "Gross Profit": 54367,
        "Financial expenses": 27905,
        "Of which: Interest expense": 25747,
        "Cost of sales": 2339,
        "Enterprise cost management": 15960,
        "Total Operating Expenses": 46204,
        "Total revenue financing activities": 245,
        "Net profit from business activities": 8409,
        "Profit": -262,
        "Profit before tax": 8147,
        "Present corporate income tax expenses": 2952,
        "Deferred income taxes expenses": "N/A",
        "The interests of minority shareholders": -633,
        "Total Cost of profits": 2319,
        "Profit after tax corporate income": 5828,
        "Volume": 32993550,
        "Close of Quarter": 6.2,
        "EPS": 854,
        "Non-adjusted EPS": 854,
        "PE": 7.2,
        "Book Price": 13
      }
    },
    {
      "quarter": "Q2 2012",
      "income status": {
        "Net sales": 285586,
        "Cost of goods sold": 268137,
        "Gross Profit": 17450,
        "Financial expenses": 26422,
        "Of which: Interest expense": 26475,
        "Cost of sales": 1739,
        "Enterprise cost management": 14117,
        "Total Operating Expenses": 42278,
        "Total revenue financing activities": 5717,
        "Net profit from business activities": -19110,
        "Profit": 17621,
        "Profit before tax": -2113,
        "Present corporate income tax expenses": 2715,
        "Deferred income taxes expenses": -1770,
        "The interests of minority shareholders": -485,
        "Total Cost of profits": 460,
        "Profit after tax corporate income": -2573,
        "Volume": 32993550,
        "Close of Quarter": 7.4,
        "EPS": 725,
        "Non-adjusted EPS": 725,
        "PE": 10.2,
        "Book Price": 12.9
      }
    },
    {
      "quarter": "Q1 2012",
      "income status": {
        "Net sales": 240868,
        "Cost of goods sold": 192345,
        "Gross Profit": 48523,
        "Financial expenses": 29687,
        "Of which: Interest expense": 29066,
        "Cost of sales": 2023,
        "Enterprise cost management": 13326,
        "Total Operating Expenses": 45036,
        "Total revenue financing activities": 1074,
        "Net profit from business activities": 4561,
        "Profit": 825,
        "Profit before tax": 5386,
        "Present corporate income tax expenses": 2294,
        "Deferred income taxes expenses": "N/A",
        "The interests of minority shareholders": -733,
        "Total Cost of profits": 1561,
        "Profit after tax corporate income": 3825,
        "Volume": 32993550,
        "Close of Quarter": 7.0,
        "EPS": 715,
        "Non-adjusted EPS": 715,
        "PE": 9.8,
        "Book Price": 13.6
      }
    },
    {
      "quarter": "Q4 2011",
      "income status": {
        "Net sales": 412886,
        "Cost of goods sold": 324705,
        "Gross Profit": 88180,
        "Financial expenses": 32532,
        "Of which: Interest expense": 25566,
        "Cost of sales": 4246,
        "Enterprise cost management": 28739,
        "Total Operating Expenses": 65517,
        "Total revenue financing activities": 1809,
        "Net profit from business activities": 24473,
        "Profit": 3452,
        "Profit before tax": 27925,
        "Present corporate income tax expenses": 6230,
        "Deferred income taxes expenses": "N/A",
        "The interests of minority shareholders": 596,
        "Total Cost of profits": 6826,
        "Profit after tax corporate income": 21100,
        "Volume": 32993550,
        "Close of Quarter": 5.7,
        "EPS": 1155,
        "Non-adjusted EPS": 1155,
        "PE": 5.0,
        "Book Price": 13.7
      }
    },
    {
      "quarter": "Q3 2011",
      "income status": {
        "Net sales": 318399,
        "Cost of goods sold": 260553,
        "Gross Profit": 57847,
        "Financial expenses": 40076,
        "Of which: Interest expense": 33558,
        "Cost of sales": 3793,
        "Enterprise cost management": 14988,
        "Total Operating Expenses": 58857,
        "Total revenue financing activities": 3537,
        "Net profit from business activities": 2527,
        "Profit": 459,
        "Profit before tax": 2987,
        "Present corporate income tax expenses": 1440,
        "Deferred income taxes expenses": "N/A",
        "The interests of minority shareholders": -15,
        "Total Cost of profits": 1425,
        "Profit after tax corporate income": 1562,
        "Volume": 32993550,
        "Close of Quarter": 9.2,
        "EPS": 1783,
        "Non-adjusted EPS": 1783,
        "PE": 5.2,
        "Book Price": 13.1
      }
    },
    {
      "quarter": "Q2 2011",
      "income status": {
        "Net sales": 335311,
        "Cost of goods sold": 295924,
        "Gross Profit": 39387,
        "Financial expenses": 18822,
        "Of which: Interest expense": 17164,
        "Cost of sales": 3157,
        "Enterprise cost management": 16726,
        "Total Operating Expenses": 38705,
        "Total revenue financing activities": 3309,
        "Net profit from business activities": 3991,
        "Profit": -867,
        "Profit before tax": 2334,
        "Present corporate income tax expenses": 5469,
        "Deferred income taxes expenses": "N/A",
        "The interests of minority shareholders": -247,
        "Total Cost of profits": 5222,
        "Profit after tax corporate income": -2889,
        "Volume": 32993550,
        "Close of Quarter": 9.3,
        "EPS": 2410,
        "Non-adjusted EPS": 2410,
        "PE": 3.9,
        "Book Price": 13
      }
    },
    {
      "quarter": "Q1 2011",
      "income status": {
        "Net sales": 276034,
        "Cost of goods sold": 215110,
        "Gross Profit": 60924,
        "Financial expenses": 17894,
        "Of which: Interest expense": 13753,
        "Cost of sales": 2058,
        "Enterprise cost management": 17565,
        "Total Operating Expenses": 37517,
        "Total revenue financing activities": 2371,
        "Net profit from business activities": 25778,
        "Profit": 60,
        "Profit before tax": 25838,
        "Present corporate income tax expenses": 6058,
        "Deferred income taxes expenses": "N/A",
        "The interests of minority shareholders": 1442,
        "Total Cost of profits": 7500,
        "Profit after tax corporate income": 18338,
        "Volume": 10997850,
        "Close of Quarter": 16,
        "EPS": 2695.7,
        "Non-adjusted EPS": 8087,
        "PE": 2.0,
        "Book Price": 14.4
      }
    },
    {
      "quarter": "Q4 2010",
      "income status": {
        "Net sales": 425035,
        "Cost of goods sold": 348840,
        "Gross Profit": 76195,
        "Financial expenses": 13001,
        "Of which: Interest expense": 7433,
        "Cost of sales": 434,
        "Enterprise cost management": 26696,
        "Total Operating Expenses": 40131,
        "Total revenue financing activities": 10032,
        "Net profit from business activities": 46095,
        "Profit": 10096,
        "Profit before tax": 56191,
        "Present corporate income tax expenses": 14670,
        "Deferred income taxes expenses": -290,
        "The interests of minority shareholders": "N/A",
        "Total Cost of profits": 14380,
        "Profit after tax corporate income": 41811,
        "Volume": 10997850,
        "Close of Quarter": 18.8,
        "EPS": 2748,
        "Non-adjusted EPS": 8244,
        "PE": 2.3,
        "Book Price": 13.5
      }
    },
    {
      "quarter": "Q3 2010",
      "income status": {
        "Net sales": 291341,
        "Cost of goods sold": 247061,
        "Gross Profit": 44280,
        "Financial expenses": 6127,
        "Of which: Interest expense": 4491,
        "Cost of sales": 3273,
        "Enterprise cost management": 13406,
        "Total Operating Expenses": 22806,
        "Total revenue financing activities": 1627,
        "Net profit from business activities": 23100,
        "Profit": 7355,
        "Profit before tax": 30455,
        "Present corporate income tax expenses": 6839,
        "Deferred income taxes expenses": "N/A",
        "The interests of minority shareholders": 1352,
        "Total Cost of profits": 8191,
        "Profit after tax corporate income": 22265,
        "Volume": 10997850,
        "Close of Quarter": 19.6,
        "EPS": 2456,
        "Non-adjusted EPS": 7368,
        "PE": 2.7,
        "Book Price": 12.5
      }
    },
    {
      "quarter": "Q2 2010",
      "income status": {
        "Net sales": 163634,
        "Cost of goods sold": "N/A",
        "Gross Profit": 18190,
        "Financial expenses": "N/A",
        "Of which: Interest expense": 4171,
        "Cost of sales": 182,
        "Enterprise cost management": 11958,
        "Total Operating Expenses": 12140,
        "Total revenue financing activities": "N/A",
        "Net profit from business activities": 7409,
        "Profit": 22,
        "Profit before tax": 7432,
        "Present corporate income tax expenses": 747,
        "Deferred income taxes expenses": 1224,
        "The interests of minority shareholders": "N/A",
        "Total Cost of profits": 1971,
        "Profit after tax corporate income": 6529,
        "Volume": 10997850,
        "Close of Quarter": 21.3,
        "EPS": 2927.7,
        "Non-adjusted EPS": 8783,
        "PE": 2.4,
        "Book Price": 11.8
      }
    },
    {
      "quarter": "Q1 2010",
      "income status": {
        "Net sales": 138801,
        "Cost of goods sold": "N/A",
        "Gross Profit": 43618,
        "Financial expenses": "N/A",
        "Of which: Interest expense": 3042,
        "Cost of sales": 2423,
        "Enterprise cost management": 13136,
        "Total Operating Expenses": 15559,
        "Total revenue financing activities": "N/A",
        "Net profit from business activities": 26282,
        "Profit": 588,
        "Profit before tax": 26869,
        "Present corporate income tax expenses": 6803,
        "Deferred income taxes expenses": "N/A",
        "The interests of minority shareholders": "N/A",
        "Total Cost of profits": 6803,
        "Profit after tax corporate income": 20066,
        "Volume": 10997850,
        "Close of Quarter": 17.0,
        "EPS": 3074.3,
        "Non-adjusted EPS": 9223,
        "PE": 1.9,
        "Book Price": 12.5
      }
    },
    {
      "quarter": "Q4 2009",
      "income status": {
        "Net sales": 320737,
        "Cost of goods sold": "N/A",
        "Gross Profit": 60015,
        "Financial expenses": "N/A",
        "Of which: Interest expense": "N/A",
        "Cost of sales": 914,
        "Enterprise cost management": 19786,
        "Total Operating Expenses": 20700,
        "Total revenue financing activities": "N/A",
        "Net profit from business activities": 42389,
        "Profit": 39,
        "Profit before tax": 42428,
        "Present corporate income tax expenses": 10259,
        "Deferred income taxes expenses": "N/A",
        "The interests of minority shareholders": "N/A",
        "Total Cost of profits": 10259,
        "Profit after tax corporate income": 32169,
        "Volume": 10997850,
        "Close of Quarter": 16.4,
        "EPS": 2667.7,
        "Non-adjusted EPS": 8003,
        "PE": 2.1,
        "Book Price": 12.2
      }
    },
    {
      "quarter": "Q3 2009",
      "income status": {
        "Net sales": 182321,
        "Cost of goods sold": "N/A",
        "Gross Profit": 55320,
        "Financial expenses": "N/A",
        "Of which: Interest expense": 498,
        "Cost of sales": "N/A",
        "Enterprise cost management": 4381,
        "Total Operating Expenses": 4381,
        "Total revenue financing activities": "N/A",
        "Net profit from business activities": 50296,
        "Profit": 150,
        "Profit before tax": 50446,
        "Present corporate income tax expenses": 12611,
        "Deferred income taxes expenses": "N/A",
        "The interests of minority shareholders": "N/A",
        "Total Cost of profits": 12611,
        "Profit after tax corporate income": 37834,
        "Volume": 10997850,
        "Close of Quarter": 13.2,
        "EPS": 1863.3,
        "Non-adjusted EPS": 5590,
        "PE": 2.4,
        "Book Price": 11.3
      }
    },
    {
      "quarter": "Q2 2009",
      "income status": {
        "Net sales": 141291,
        "Cost of goods sold": "N/A",
        "Gross Profit": 8419,
        "Financial expenses": "N/A",
        "Of which: Interest expense": "N/A",
        "Cost of sales": "N/A",
        "Enterprise cost management": 4020,
        "Total Operating Expenses": 4020,
        "Total revenue financing activities": "N/A",
        "Net profit from business activities": 15034,
        "Profit": 125,
        "Profit before tax": 15159,
        "Present corporate income tax expenses": 3790,
        "Deferred income taxes expenses": "N/A",
        "The interests of minority shareholders": "N/A",
        "Total Cost of profits": 3790,
        "Profit after tax corporate income": 11369,
        "Volume": 10997850,
        "Close of Quarter": 12.5,
        "EPS": 992.3,
        "Non-adjusted EPS": 2977,
        "PE": 4.2,
        "Book Price": 10.1
      }
    },
    {
      "quarter": "Q1 2009",
      "income status": {
        "Net sales": 104455,
        "Cost of goods sold": 91406,
        "Gross Profit": 13049,
        "Financial expenses": 2737,
        "Of which: Interest expense": 1969,
        "Cost of sales": "N/A",
        "Enterprise cost management": 2849,
        "Total Operating Expenses": 5586,
        "Total revenue financing activities": 1448,
        "Net profit from business activities": 8912,
        "Profit": -55,
        "Profit before tax": 8857,
        "Present corporate income tax expenses": 2214,
        "Deferred income taxes expenses": "N/A",
        "The interests of minority shareholders": "N/A",
        "Total Cost of profits": 2214,
        "Profit after tax corporate income": 6643,
        "Volume": 10997850,
        "Close of Quarter": 12.9,
        "EPS": 942.3,
        "Non-adjusted EPS": 2827,
        "PE": 4.6,
        "Book Price": 10.2
      }
    },
    {
      "quarter": "Q4 2008",
      "income status": {
        "Net sales": 243370,
        "Cost of goods sold": 210435,
        "Gross Profit": 32935,
        "Financial expenses": 25357,
        "Of which: Interest expense": 5464,
        "Cost of sales": "N/A",
        "Enterprise cost management": 9050,
        "Total Operating Expenses": 34407,
        "Total revenue financing activities": 6010,
        "Net profit from business activities": 4539,
        "Profit": 403,
        "Profit before tax": 4941,
        "Present corporate income tax expenses": -1404,
        "Deferred income taxes expenses": 708,
        "The interests of minority shareholders": "N/A",
        "Total Cost of profits": -696,
        "Profit after tax corporate income": 5637,
        "Volume": 10997850,
        "Close of Quarter": 15.3,
        "EPS": 981.3,
        "Non-adjusted EPS": 2944,
        "PE": 5.2,
        "Book Price": 9.7
      }
    },
    {
      "quarter": "Q3 2008",
      "income status": {
        "Net sales": 208278,
        "Cost of goods sold": 175654,
        "Gross Profit": 32624,
        "Financial expenses": 16627,
        "Of which: Interest expense": 3781,
        "Cost of sales": "N/A",
        "Enterprise cost management": 3750,
        "Total Operating Expenses": 20377,
        "Total revenue financing activities": 455,
        "Net profit from business activities": 12702,
        "Profit": -72,
        "Profit before tax": 12630,
        "Present corporate income tax expenses": 3536,
        "Deferred income taxes expenses": "N/A",
        "The interests of minority shareholders": "N/A",
        "Total Cost of profits": 3536,
        "Profit after tax corporate income": 9093,
        "Volume": 10997850,
        "Close of Quarter": 14.0,
        "EPS": 1171.7,
        "Non-adjusted EPS": 3515,
        "PE": 4.0,
        "Book Price": 9.7
      }
    },
    {
      "quarter": "Q2 2008",
      "income status": {
        "Net sales": 211508,
        "Cost of goods sold": 193180,
        "Gross Profit": 18329,
        "Financial expenses": 4332,
        "Of which: Interest expense": 1661,
        "Cost of sales": "N/A",
        "Enterprise cost management": 4240,
        "Total Operating Expenses": 8572,
        "Total revenue financing activities": 2772,
        "Net profit from business activities": 12529,
        "Profit": 969,
        "Profit before tax": 13497,
        "Present corporate income tax expenses": 3779,
        "Deferred income taxes expenses": "N/A",
        "The interests of minority shareholders": "N/A",
        "Total Cost of profits": 3779,
        "Profit after tax corporate income": 9718,
        "Volume": 10997850,
        "Close of Quarter": 10.9,
        "EPS": 1063,
        "Non-adjusted EPS": 3189,
        "PE": 3.4,
        "Book Price": 9.6
      }
    },
    {
      "quarter": "Q1 2008",
      "income status": {
        "Net sales": 181023,
        "Cost of goods sold": 159315,
        "Gross Profit": 21708,
        "Financial expenses": 6739,
        "Of which: Interest expense": 574,
        "Cost of sales": "N/A",
        "Enterprise cost management": 3823,
        "Total Operating Expenses": 10562,
        "Total revenue financing activities": 805,
        "Net profit from business activities": 11951,
        "Profit": -929,
        "Profit before tax": 11021,
        "Present corporate income tax expenses": 3086,
        "Deferred income taxes expenses": "N/A",
        "The interests of minority shareholders": "N/A",
        "Total Cost of profits": 3086,
        "Profit after tax corporate income": 7935,
        "Volume": 10997850,
        "Close of Quarter": 15.4,
        "EPS": 1123,
        "Non-adjusted EPS": 3369,
        "PE": 4.6,
        "Book Price": 9.7
      }
    },
    {
      "quarter": "Q4 2007",
      "income status": {
        "Net sales": 259701,
        "Cost of goods sold": 244425,
        "Gross Profit": 15276,
        "Financial expenses": 1959,
        "Of which: Interest expense": 629,
        "Cost of sales": "N/A",
        "Enterprise cost management": 5442,
        "Total Operating Expenses": 7401,
        "Total revenue financing activities": 6043,
        "Net profit from business activities": 13918,
        "Profit": -609,
        "Profit before tax": 13309,
        "Present corporate income tax expenses": 1544,
        "Deferred income taxes expenses": -149,
        "The interests of minority shareholders": "N/A",
        "Total Cost of profits": 1395,
        "Profit after tax corporate income": 11914,
        "Volume": 10000000,
        "Close of Quarter": 15.0,
        "EPS": 1135.1,
        "Non-adjusted EPS": 3745,
        "PE": 4.0,
        "Book Price": 9.5
      }
    },
    {
      "quarter": "Q3 2007",
      "income status": {
        "Net sales": 170858,
        "Cost of goods sold": 155972,
        "Gross Profit": 14887,
        "Financial expenses": 1254,
        "Of which: Interest expense": 1233,
        "Cost of sales": "N/A",
        "Enterprise cost management": 4558,
        "Total Operating Expenses": 5812,
        "Total revenue financing activities": 1023,
        "Net profit from business activities": 10098,
        "Profit": -262,
        "Profit before tax": 9836,
        "Present corporate income tax expenses": 4325,
        "Deferred income taxes expenses": "N/A",
        "The interests of minority shareholders": "N/A",
        "Total Cost of profits": 4325,
        "Profit after tax corporate income": 5510,
        "Volume": 10000000,
        "Close of Quarter": 16.1,
        "EPS": 1042.3,
        "Non-adjusted EPS": 3439,
        "PE": 4.7,
        "Book Price": 9.2
      }
    },
    {
      "quarter": "Q2 2007",
      "income status": {
        "Net sales": 187048,
        "Cost of goods sold": 169538,
        "Gross Profit": 17510,
        "Financial expenses": 1767,
        "Of which: Interest expense": 1498,
        "Cost of sales": "N/A",
        "Enterprise cost management": 3720,
        "Total Operating Expenses": 5487,
        "Total revenue financing activities": 2293,
        "Net profit from business activities": 14315,
        "Profit": 182,
        "Profit before tax": 14497,
        "Present corporate income tax expenses": 2803,
        "Deferred income taxes expenses": "N/A",
        "The interests of minority shareholders": "N/A",
        "Total Cost of profits": 2803,
        "Profit after tax corporate income": 11695,
        "Volume": 10000000,
        "Close of Quarter": 12.9,
        "EPS": 1223.9,
        "Non-adjusted EPS": 4038,
        "PE": 3.2,
        "Book Price": 9
      }
    },
    {
      "quarter": "Q1 2007",
      "income status": {
        "Net sales": 72327,
        "Cost of goods sold": 64503,
        "Gross Profit": 7824,
        "Financial expenses": 7713,
        "Of which: Interest expense": 789,
        "Cost of sales": "N/A",
        "Enterprise cost management": 2544,
        "Total Operating Expenses": 10257,
        "Total revenue financing activities": 13643,
        "Net profit from business activities": 11210,
        "Profit": -77,
        "Profit before tax": 11133,
        "Present corporate income tax expenses": 2803,
        "Deferred income taxes expenses": "N/A",
        "The interests of minority shareholders": "N/A",
        "Total Cost of profits": 2803,
        "Profit after tax corporate income": 8331,
        "Volume": 10000000,
        "Close of Quarter": 17.3,
        "EPS": 1009.9,
        "Non-adjusted EPS": 3332,
        "PE": 5.2,
        "Book Price": 8.7
      }
    },
    {
      "quarter": "Q4 2006",
      "income status": {
        "Net sales": 165869,
        "Cost of goods sold": 156136,
        "Gross Profit": 9732,
        "Financial expenses": 1629,
        "Of which: Interest expense": 1532,
        "Cost of sales": 10,
        "Enterprise cost management": 6863,
        "Total Operating Expenses": 8502,
        "Total revenue financing activities": 887,
        "Net profit from business activities": 2117,
        "Profit": 8177,
        "Profit before tax": 10294,
        "Present corporate income tax expenses": 2462,
        "Deferred income taxes expenses": -1026,
        "The interests of minority shareholders": "N/A",
        "Total Cost of profits": 1436,
        "Profit after tax corporate income": 8858,
        "Volume": 10000000,
        "Close of Quarter": 12.5,
        "EPS": 951.4,
        "Non-adjusted EPS": 3139,
        "PE": 4.0,
        "Book Price": 8.7
      }
    },
    {
      "quarter": "Q3 2006",
      "income status": {
        "Net sales": 108216,
        "Cost of goods sold": 92272,
        "Gross Profit": 15944,
        "Financial expenses": 2206,
        "Of which: Interest expense": 2180,
        "Cost of sales": 22,
        "Enterprise cost management": 2249,
        "Total Operating Expenses": 4477,
        "Total revenue financing activities": 410,
        "Net profit from business activities": 11877,
        "Profit": 1263,
        "Profit before tax": 13141,
        "Present corporate income tax expenses": 1643,
        "Deferred income taxes expenses": "N/A",
        "The interests of minority shareholders": "N/A",
        "Total Cost of profits": 1643,
        "Profit after tax corporate income": 11498,
        "Volume": 10000000,
        "Close of Quarter": 12.0,
        "EPS": 682.9,
        "Non-adjusted EPS": 2253,
        "PE": 5.3,
        "Book Price": 3.5
      }
    },
    {
      "quarter": "Q2 2006",
      "income status": {
        "Net sales": 82510,
        "Cost of goods sold": 73933,
        "Gross Profit": 8577,
        "Financial expenses": 1797,
        "Of which: Interest expense": 1751,
        "Cost of sales": "N/A",
        "Enterprise cost management": 2923,
        "Total Operating Expenses": 4720,
        "Total revenue financing activities": 1035,
        "Net profit from business activities": 4893,
        "Profit": 398,
        "Profit before tax": 5291,
        "Present corporate income tax expenses": 661,
        "Deferred income taxes expenses": "N/A",
        "The interests of minority shareholders": "N/A",
        "Total Cost of profits": 661,
        "Profit after tax corporate income": 4629,
        "Volume": 5882690,
        "Close of Quarter": 10.9,
        "EPS": 334.3,
        "Non-adjusted EPS": 1875,
        "PE": 5.8,
        "Book Price": 3.3
      }
    },
    {
      "quarter": "Q1 2006",
      "income status": {
        "Net sales": 109374,
        "Cost of goods sold": 97053,
        "Gross Profit": 12321,
        "Financial expenses": 2424,
        "Of which: Interest expense": 2418,
        "Cost of sales": "N/A",
        "Enterprise cost management": 2635,
        "Total Operating Expenses": 5059,
        "Total revenue financing activities": 283,
        "Net profit from business activities": 7545,
        "Profit": -228,
        "Profit before tax": 7317,
        "Present corporate income tax expenses": 915,
        "Deferred income taxes expenses": "N/A",
        "The interests of minority shareholders": "N/A",
        "Total Cost of profits": 915,
        "Profit after tax corporate income": 6402,
        "Volume": 5882690,
        "Close of Quarter": 9.7,
        "EPS": 194.0,
        "Non-adjusted EPS": 1088,
        "PE": 8.9,
        "Book Price": 3.4
      }
    }
  ]
}