{
  "ticker": "ITC",
  "data": [
    {
      "quarter": "Q1 2017",
      "income status": {
        "Net sales": 77486,
        "Cost of goods sold": 61539,
        "Gross Profit": 15947,
        "Financial expenses": 353,
        "Of which: Interest expense": 353,
        "Cost of sales": 1058,
        "Enterprise cost management": 7185,
        "Total Operating Expenses": 8596,
        "Total revenue financing activities": 207,
        "Net profit from business activities": 7558,
        "Profit": 1891,
        "Profit before tax": 9449,
        "Present corporate income tax expenses": 49,
        "Deferred income taxes expenses": "N/A",
        "The interests of minority shareholders": 30,
        "Total Cost of profits": 79,
        "Profit after tax corporate income": 9369,
        "Volume": 68646328,
        "Close of Quarter": 14.2,
        "EPS": 545,
        "Non-adjusted EPS": 545,
        "PE": 26.1,
        "Book Price": 22.3
      }
    },
    {
      "quarter": "Q4 2016",
      "income status": {
        "Net sales": 189088,
        "Cost of goods sold": 154345,
        "Gross Profit": 34742,
        "Financial expenses": 538,
        "Of which: Interest expense": 538,
        "Cost of sales": 2795,
        "Enterprise cost management": 8308,
        "Total Operating Expenses": 11641,
        "Total revenue financing activities": 351,
        "Net profit from business activities": 23422,
        "Profit": 1144,
        "Profit before tax": 24566,
        "Present corporate income tax expenses": 849,
        "Deferred income taxes expenses": -758,
        "The interests of minority shareholders": 509,
        "Total Cost of profits": 600,
        "Profit after tax corporate income": 23966,
        "Volume": 68646328,
        "Close of Quarter": 10.5,
        "EPS": 375,
        "Non-adjusted EPS": 375,
        "PE": 27.9,
        "Book Price": 22.1
      }
    },
    {
      "quarter": "Q3 2016",
      "income status": {
        "Net sales": 20205,
        "Cost of goods sold": 13408,
        "Gross Profit": 6798,
        "Financial expenses": 1353,
        "Of which: Interest expense": 1353,
        "Cost of sales": 126,
        "Enterprise cost management": 4341,
        "Total Operating Expenses": 5820,
        "Total revenue financing activities": 406,
        "Net profit from business activities": 1384,
        "Profit": 414,
        "Profit before tax": 1798,
        "Present corporate income tax expenses": 208,
        "Deferred income taxes expenses": "N/A",
        "The interests of minority shareholders": -72,
        "Total Cost of profits": 136,
        "Profit after tax corporate income": 1663,
        "Volume": 68646328,
        "Close of Quarter": 10.7,
        "EPS": 166,
        "Non-adjusted EPS": 166,
        "PE": 64.5,
        "Book Price": 21.8
      }
    },
    {
      "quarter": "Q2 2016",
      "income status": {
        "Net sales": 49508,
        "Cost of goods sold": 40139,
        "Gross Profit": 9369,
        "Financial expenses": 1475,
        "Of which: Interest expense": 1475,
        "Cost of sales": 112,
        "Enterprise cost management": 6420,
        "Total Operating Expenses": 8007,
        "Total revenue financing activities": 375,
        "Net profit from business activities": 1598,
        "Profit": 171,
        "Profit before tax": 1769,
        "Present corporate income tax expenses": -49,
        "Deferred income taxes expenses": -733,
        "The interests of minority shareholders": 171,
        "Total Cost of profits": -611,
        "Profit after tax corporate income": 2380,
        "Volume": 68646328,
        "Close of Quarter": 9.2,
        "EPS": 92,
        "Non-adjusted EPS": 92,
        "PE": 100,
        "Book Price": 21.8
      }
    },
    {
      "quarter": "Q1 2016",
      "income status": {
        "Net sales": 19752,
        "Cost of goods sold": 15972,
        "Gross Profit": 3780,
        "Financial expenses": 1594,
        "Of which: Interest expense": 1588,
        "Cost of sales": 106,
        "Enterprise cost management": 4556,
        "Total Operating Expenses": 6256,
        "Total revenue financing activities": 285,
        "Net profit from business activities": -2209,
        "Profit": 42,
        "Profit before tax": -2167,
        "Present corporate income tax expenses": 52,
        "Deferred income taxes expenses": "N/A",
        "The interests of minority shareholders": 27,
        "Total Cost of profits": 79,
        "Profit after tax corporate income": -2246,
        "Volume": 68646328,
        "Close of Quarter": 8,
        "EPS": 99,
        "Non-adjusted EPS": 99,
        "PE": 80.8,
        "Book Price": 21.7
      }
    },
    {
      "quarter": "Q4 2015",
      "income status": {
        "Net sales": 78144,
        "Cost of goods sold": 62356,
        "Gross Profit": 15788,
        "Financial expenses": 2114,
        "Of which: Interest expense": 2114,
        "Cost of sales": 78,
        "Enterprise cost management": 3917,
        "Total Operating Expenses": 6109,
        "Total revenue financing activities": 48,
        "Net profit from business activities": 9619,
        "Profit": 324,
        "Profit before tax": 9943,
        "Present corporate income tax expenses": 205,
        "Deferred income taxes expenses": 132,
        "The interests of minority shareholders": "N/A",
        "Total Cost of profits": 337,
        "Profit after tax corporate income": 9606,
        "Volume": 68646328,
        "Close of Quarter": 8.4,
        "EPS": 126,
        "Non-adjusted EPS": 126,
        "PE": 66.7,
        "Book Price": 21.8
      }
    },
    {
      "quarter": "Q3 2015",
      "income status": {
        "Net sales": 30232,
        "Cost of goods sold": 26028,
        "Gross Profit": 4204,
        "Financial expenses": 2331,
        "Of which: Interest expense": 2331,
        "Cost of sales": 125,
        "Enterprise cost management": 3534,
        "Total Operating Expenses": 5990,
        "Total revenue financing activities": 140,
        "Net profit from business activities": -1646,
        "Profit": -1608,
        "Profit before tax": -3253,
        "Present corporate income tax expenses": 41,
        "Deferred income taxes expenses": "N/A",
        "The interests of minority shareholders": 126,
        "Total Cost of profits": 167,
        "Profit after tax corporate income": -3420,
        "Volume": 68646328,
        "Close of Quarter": 8.9,
        "EPS": 278,
        "Non-adjusted EPS": 278,
        "PE": 32.0,
        "Book Price": 21.6
      }
    },
    {
      "quarter": "Q2 2015",
      "income status": {
        "Net sales": 75230,
        "Cost of goods sold": 56715,
        "Gross Profit": 18515,
        "Financial expenses": 4653,
        "Of which: Interest expense": 4653,
        "Cost of sales": 1284,
        "Enterprise cost management": 4431,
        "Total Operating Expenses": 10368,
        "Total revenue financing activities": 248,
        "Net profit from business activities": 8299,
        "Profit": -5289,
        "Profit before tax": 3010,
        "Present corporate income tax expenses": "N/A",
        "Deferred income taxes expenses": 147,
        "The interests of minority shareholders": -9,
        "Total Cost of profits": 138,
        "Profit after tax corporate income": 2872,
        "Volume": 68646328,
        "Close of Quarter": 8,
        "EPS": 352,
        "Non-adjusted EPS": 352,
        "PE": 22.7,
        "Book Price": 21.7
      }
    },
    {
      "quarter": "Q1 2015",
      "income status": {
        "Net sales": 29202,
        "Cost of goods sold": 23478,
        "Gross Profit": 5724,
        "Financial expenses": 3197,
        "Of which: Interest expense": 3197,
        "Cost of sales": 103,
        "Enterprise cost management": 3512,
        "Total Operating Expenses": 6812,
        "Total revenue financing activities": 506,
        "Net profit from business activities": -582,
        "Profit": 97,
        "Profit before tax": -485,
        "Present corporate income tax expenses": "N/A",
        "Deferred income taxes expenses": "N/A",
        "The interests of minority shareholders": -95,
        "Total Cost of profits": -95,
        "Profit after tax corporate income": -390,
        "Volume": 68646328,
        "Close of Quarter": 7.8,
        "EPS": 130,
        "Non-adjusted EPS": 130,
        "PE": 60,
        "Book Price": 21.6
      }
    },
    {
      "quarter": "Q4 2014",
      "income status": {
        "Net sales": 86024,
        "Cost of goods sold": 60219,
        "Gross Profit": 25805,
        "Financial expenses": 2945,
        "Of which: Interest expense": 2945,
        "Cost of sales": 90,
        "Enterprise cost management": 4730,
        "Total Operating Expenses": 7765,
        "Total revenue financing activities": 5,
        "Net profit from business activities": 17956,
        "Profit": 2602,
        "Profit before tax": 20558,
        "Present corporate income tax expenses": 166,
        "Deferred income taxes expenses": 76,
        "The interests of minority shareholders": 272,
        "Total Cost of profits": 514,
        "Profit after tax corporate income": 20045,
        "Volume": 68646328,
        "Close of Quarter": 7.5,
        "EPS": 121,
        "Non-adjusted EPS": 121,
        "PE": 62.0,
        "Book Price": 21.7
      }
    },
    {
      "quarter": "Q3 2014",
      "income status": {
        "Net sales": 318020,
        "Cost of goods sold": 300990,
        "Gross Profit": 17030,
        "Financial expenses": 4151,
        "Of which: Interest expense": 4145,
        "Cost of sales": 10417,
        "Enterprise cost management": 141,
        "Total Operating Expenses": 14709,
        "Total revenue financing activities": 159,
        "Net profit from business activities": 2480,
        "Profit": -815,
        "Profit before tax": 1665,
        "Present corporate income tax expenses": "N/A",
        "Deferred income taxes expenses": "N/A",
        "The interests of minority shareholders": 35,
        "Total Cost of profits": 35,
        "Profit after tax corporate income": 1630,
        "Volume": 68646328,
        "Close of Quarter": 8,
        "EPS": -4057,
        "Non-adjusted EPS": -4057,
        "PE": -2.0,
        "Book Price": 21.4
      }
    },
    {
      "quarter": "Q2 2014",
      "income status": {
        "Net sales": 30411,
        "Cost of goods sold": 33193,
        "Gross Profit": -2783,
        "Financial expenses": 8299,
        "Of which: Interest expense": 7579,
        "Cost of sales": 32,
        "Enterprise cost management": 2971,
        "Total Operating Expenses": 11302,
        "Total revenue financing activities": 783,
        "Net profit from business activities": -13389,
        "Profit": 915,
        "Profit before tax": -12473,
        "Present corporate income tax expenses": "N/A",
        "Deferred income taxes expenses": -69,
        "The interests of minority shareholders": -25,
        "Total Cost of profits": -94,
        "Profit after tax corporate income": -12380,
        "Volume": 68646328,
        "Close of Quarter": 7.7,
        "EPS": -4249,
        "Non-adjusted EPS": -4249,
        "PE": -1.8,
        "Book Price": 21.4
      }
    },
    {
      "quarter": "Q1 2014",
      "income status": {
        "Net sales": 22364,
        "Cost of goods sold": 22275,
        "Gross Profit": 89,
        "Financial expenses": 7632,
        "Of which: Interest expense": 7498,
        "Cost of sales": 55,
        "Enterprise cost management": 4685,
        "Total Operating Expenses": 12372,
        "Total revenue financing activities": 5660,
        "Net profit from business activities": -6678,
        "Profit": 5518,
        "Profit before tax": -1160,
        "Present corporate income tax expenses": 58,
        "Deferred income taxes expenses": "N/A",
        "The interests of minority shareholders": -257,
        "Total Cost of profits": -199,
        "Profit after tax corporate income": -961,
        "Volume": 68646328,
        "Close of Quarter": 10.2,
        "EPS": -4337,
        "Non-adjusted EPS": -4337,
        "PE": -2.4,
        "Book Price": 21.5
      }
    },
    {
      "quarter": "Q4 2013",
      "income status": {
        "Net sales": 41319,
        "Cost of goods sold": 278111,
        "Gross Profit": -236792,
        "Financial expenses": 8263,
        "Of which: Interest expense": 8263,
        "Cost of sales": 100,
        "Enterprise cost management": 7313,
        "Total Operating Expenses": 15676,
        "Total revenue financing activities": 64,
        "Net profit from business activities": -252404,
        "Profit": 3692,
        "Profit before tax": -248964,
        "Present corporate income tax expenses": 113,
        "Deferred income taxes expenses": 17346,
        "The interests of minority shareholders": 382,
        "Total Cost of profits": 17841,
        "Profit after tax corporate income": -266806,
        "Volume": 68646328,
        "Close of Quarter": 7.7,
        "EPS": -4225,
        "Non-adjusted EPS": -4225,
        "PE": -1.8,
        "Book Price": 21.5
      }
    },
    {
      "quarter": "Q3 2013",
      "income status": {
        "Net sales": 23691,
        "Cost of goods sold": 19519,
        "Gross Profit": 4172,
        "Financial expenses": 8502,
        "Of which: Interest expense": 8497,
        "Cost of sales": 71,
        "Enterprise cost management": 3682,
        "Total Operating Expenses": 12255,
        "Total revenue financing activities": 207,
        "Net profit from business activities": -7875,
        "Profit": -3558,
        "Profit before tax": -11433,
        "Present corporate income tax expenses": 126,
        "Deferred income taxes expenses": "N/A",
        "The interests of minority shareholders": -33,
        "Total Cost of profits": 93,
        "Profit after tax corporate income": -11526,
        "Volume": 68646328,
        "Close of Quarter": 6.4,
        "EPS": -231,
        "Non-adjusted EPS": -231,
        "PE": -27.7,
        "Book Price": 25.4
      }
    },
    {
      "quarter": "Q2 2013",
      "income status": {
        "Net sales": 23454,
        "Cost of goods sold": 19443,
        "Gross Profit": 4011,
        "Financial expenses": 10910,
        "Of which: Interest expense": 9608,
        "Cost of sales": 95,
        "Enterprise cost management": 10555,
        "Total Operating Expenses": 21560,
        "Total revenue financing activities": 2010,
        "Net profit from business activities": -15538,
        "Profit": -2048,
        "Profit before tax": -18124,
        "Present corporate income tax expenses": 126,
        "Deferred income taxes expenses": 393,
        "The interests of minority shareholders": -191,
        "Total Cost of profits": 328,
        "Profit after tax corporate income": -18452,
        "Volume": 68646328,
        "Close of Quarter": 7.6,
        "EPS": -177,
        "Non-adjusted EPS": -177,
        "PE": -42.9,
        "Book Price": 25.6
      }
    },
    {
      "quarter": "Q1 2013",
      "income status": {
        "Net sales": 127632,
        "Cost of goods sold": 107082,
        "Gross Profit": 20550,
        "Financial expenses": 9596,
        "Of which: Interest expense": 9576,
        "Cost of sales": 38,
        "Enterprise cost management": 5405,
        "Total Operating Expenses": 15039,
        "Total revenue financing activities": 253,
        "Net profit from business activities": 5764,
        "Profit": 859,
        "Profit before tax": 6623,
        "Present corporate income tax expenses": "N/A",
        "Deferred income taxes expenses": "N/A",
        "The interests of minority shareholders": -101,
        "Total Cost of profits": -101,
        "Profit after tax corporate income": 6724,
        "Volume": 68646328,
        "Close of Quarter": 8.4,
        "EPS": 131,
        "Non-adjusted EPS": 131,
        "PE": 64.1,
        "Book Price": 25.9
      }
    },
    {
      "quarter": "Q4 2012",
      "income status": {
        "Net sales": 62689,
        "Cost of goods sold": 60880,
        "Gross Profit": 1809,
        "Financial expenses": 11666,
        "Of which: Interest expense": 10294,
        "Cost of sales": 166,
        "Enterprise cost management": 5040,
        "Total Operating Expenses": 16872,
        "Total revenue financing activities": 425,
        "Net profit from business activities": -14639,
        "Profit": 22880,
        "Profit before tax": 7935,
        "Present corporate income tax expenses": 788,
        "Deferred income taxes expenses": -608,
        "The interests of minority shareholders": 354,
        "Total Cost of profits": 534,
        "Profit after tax corporate income": 7402,
        "Volume": 68646328,
        "Close of Quarter": 8.1,
        "EPS": 84,
        "Non-adjusted EPS": 84,
        "PE": 96.4,
        "Book Price": 25.8
      }
    },
    {
      "quarter": "Q3 2012",
      "income status": {
        "Net sales": 33196,
        "Cost of goods sold": 24419,
        "Gross Profit": 8778,
        "Financial expenses": 10145,
        "Of which: Interest expense": 10129,
        "Cost of sales": 149,
        "Enterprise cost management": 5377,
        "Total Operating Expenses": 15671,
        "Total revenue financing activities": 280,
        "Net profit from business activities": -6615,
        "Profit": 97,
        "Profit before tax": -6380,
        "Present corporate income tax expenses": -145,
        "Deferred income taxes expenses": 1680,
        "The interests of minority shareholders": -65,
        "Total Cost of profits": 1470,
        "Profit after tax corporate income": -7850,
        "Volume": 68646328,
        "Close of Quarter": 6.9,
        "EPS": -799,
        "Non-adjusted EPS": -799,
        "PE": -8.6,
        "Book Price": 25.7
      }
    },
    {
      "quarter": "Q2 2012",
      "income status": {
        "Net sales": 23469,
        "Cost of goods sold": -5334,
        "Gross Profit": 28803,
        "Financial expenses": 10982,
        "Of which: Interest expense": 10968,
        "Cost of sales": 95,
        "Enterprise cost management": 7945,
        "Total Operating Expenses": 19022,
        "Total revenue financing activities": 2072,
        "Net profit from business activities": 11853,
        "Profit": -3514,
        "Profit before tax": 8188,
        "Present corporate income tax expenses": -905,
        "Deferred income taxes expenses": 6408,
        "The interests of minority shareholders": -9,
        "Total Cost of profits": 5494,
        "Profit after tax corporate income": 2695,
        "Volume": 68646328,
        "Close of Quarter": 10.5,
        "EPS": -1248,
        "Non-adjusted EPS": -1248,
        "PE": -8.4,
        "Book Price": 25.8
      }
    },
    {
      "quarter": "Q1 2012",
      "income status": {
        "Net sales": 27586,
        "Cost of goods sold": 24128,
        "Gross Profit": 3458,
        "Financial expenses": 11780,
        "Of which: Interest expense": 12119,
        "Cost of sales": 303,
        "Enterprise cost management": 7260,
        "Total Operating Expenses": 19343,
        "Total revenue financing activities": 20739,
        "Net profit from business activities": 4853,
        "Profit": 111,
        "Profit before tax": 4964,
        "Present corporate income tax expenses": 1462,
        "Deferred income taxes expenses": "N/A",
        "The interests of minority shareholders": 11,
        "Total Cost of profits": 1473,
        "Profit after tax corporate income": 3491,
        "Volume": 68646328,
        "Close of Quarter": 9.6,
        "EPS": -1573,
        "Non-adjusted EPS": -1573,
        "PE": -6.1,
        "Book Price": 25.7
      }
    },
    {
      "quarter": "Q4 2011",
      "income status": {
        "Net sales": 59297,
        "Cost of goods sold": 108822,
        "Gross Profit": -49525,
        "Financial expenses": -4264,
        "Of which: Interest expense": 12731,
        "Cost of sales": 211,
        "Enterprise cost management": 11893,
        "Total Operating Expenses": 7840,
        "Total revenue financing activities": -7468,
        "Net profit from business activities": -64832,
        "Profit": -1684,
        "Profit before tax": -69251,
        "Present corporate income tax expenses": 2079,
        "Deferred income taxes expenses": -18733,
        "The interests of minority shareholders": 583,
        "Total Cost of profits": -16071,
        "Profit after tax corporate income": -53180,
        "Volume": 68646328,
        "Close of Quarter": 6.9,
        "EPS": -1599,
        "Non-adjusted EPS": -1599,
        "PE": -4.3,
        "Book Price": 26.2
      }
    },
    {
      "quarter": "Q3 2011",
      "income status": {
        "Net sales": 39396,
        "Cost of goods sold": 58617,
        "Gross Profit": -19221,
        "Financial expenses": 33256,
        "Of which: Interest expense": 16988,
        "Cost of sales": 74,
        "Enterprise cost management": 6325,
        "Total Operating Expenses": 39655,
        "Total revenue financing activities": 21966,
        "Net profit from business activities": -36910,
        "Profit": -685,
        "Profit before tax": -38596,
        "Present corporate income tax expenses": 50,
        "Deferred income taxes expenses": "N/A",
        "The interests of minority shareholders": 35,
        "Total Cost of profits": 85,
        "Profit after tax corporate income": -38680,
        "Volume": 68646328,
        "Close of Quarter": 11.8,
        "EPS": 483,
        "Non-adjusted EPS": 483,
        "PE": 24.5,
        "Book Price": 27
      }
    },
    {
      "quarter": "Q2 2011",
      "income status": {
        "Net sales": 24143,
        "Cost of goods sold": 19234,
        "Gross Profit": 4909,
        "Financial expenses": 24458,
        "Of which: Interest expense": 5801,
        "Cost of sales": 76,
        "Enterprise cost management": 4852,
        "Total Operating Expenses": 29386,
        "Total revenue financing activities": 3847,
        "Net profit from business activities": -20631,
        "Profit": 1003,
        "Profit before tax": -19628,
        "Present corporate income tax expenses": "N/A",
        "Deferred income taxes expenses": "N/A",
        "The interests of minority shareholders": "N/A",
        "Total Cost of profits": 0,
        "Profit after tax corporate income": -19628,
        "Volume": 68646328,
        "Close of Quarter": 12.7,
        "EPS": 1778,
        "Non-adjusted EPS": 1778,
        "PE": 7.1,
        "Book Price": 27.6
      }
    },
    {
      "quarter": "Q1 2011",
      "income status": {
        "Net sales": 37074,
        "Cost of goods sold": 29618,
        "Gross Profit": 7456,
        "Financial expenses": 4285,
        "Of which: Interest expense": 4285,
        "Cost of sales": 105,
        "Enterprise cost management": 6688,
        "Total Operating Expenses": 11078,
        "Total revenue financing activities": 1957,
        "Net profit from business activities": -1665,
        "Profit": 4079,
        "Profit before tax": 2414,
        "Present corporate income tax expenses": 678,
        "Deferred income taxes expenses": "N/A",
        "The interests of minority shareholders": "N/A",
        "Total Cost of profits": 678,
        "Profit after tax corporate income": 1735,
        "Volume": 68646328,
        "Close of Quarter": 18.5,
        "EPS": 2500,
        "Non-adjusted EPS": 2500,
        "PE": 7.4,
        "Book Price": 28.4
      }
    },
    {
      "quarter": "Q4 2010",
      "income status": {
        "Net sales": 555636,
        "Cost of goods sold": 412379,
        "Gross Profit": 143257,
        "Financial expenses": 11002,
        "Of which: Interest expense": 7552,
        "Cost of sales": 2821,
        "Enterprise cost management": 10409,
        "Total Operating Expenses": 24232,
        "Total revenue financing activities": 6289,
        "Net profit from business activities": 125314,
        "Profit": -1908,
        "Profit before tax": 123406,
        "Present corporate income tax expenses": 25587,
        "Deferred income taxes expenses": 8074,
        "The interests of minority shareholders": "N/A",
        "Total Cost of profits": 33661,
        "Profit after tax corporate income": 89745,
        "Volume": 69086688,
        "Close of Quarter": 23.5,
        "EPS": 2961.9,
        "Non-adjusted EPS": 2943,
        "PE": 8.0,
        "Book Price": 28.5
      }
    },
    {
      "quarter": "Q3 2010",
      "income status": {
        "Net sales": 151813,
        "Cost of goods sold": 139766,
        "Gross Profit": 12046,
        "Financial expenses": -4903,
        "Of which: Interest expense": 10249,
        "Cost of sales": 217,
        "Enterprise cost management": 6719,
        "Total Operating Expenses": 2033,
        "Total revenue financing activities": 4098,
        "Net profit from business activities": 14111,
        "Profit": 47711,
        "Profit before tax": 61822,
        "Present corporate income tax expenses": 11608,
        "Deferred income taxes expenses": -14,
        "The interests of minority shareholders": "N/A",
        "Total Cost of profits": 11594,
        "Profit after tax corporate income": 50227,
        "Volume": 69086688,
        "Close of Quarter": 21.5,
        "EPS": 1798.5,
        "Non-adjusted EPS": 1787,
        "PE": 12.0,
        "Book Price": 27.7
      }
    },
    {
      "quarter": "Q2 2010",
      "income status": {
        "Net sales": 179249,
        "Cost of goods sold": 118064,
        "Gross Profit": 61186,
        "Financial expenses": 24902,
        "Of which: Interest expense": 25747,
        "Cost of sales": 61,
        "Enterprise cost management": 14582,
        "Total Operating Expenses": 39545,
        "Total revenue financing activities": 6871,
        "Net profit from business activities": 28512,
        "Profit": 7372,
        "Profit before tax": 35884,
        "Present corporate income tax expenses": 11207,
        "Deferred income taxes expenses": -5217,
        "The interests of minority shareholders": "N/A",
        "Total Cost of profits": 5990,
        "Profit after tax corporate income": 29894,
        "Volume": 23028896,
        "Close of Quarter": 31.9,
        "EPS": 1490.2,
        "Non-adjusted EPS": 4442,
        "PE": 7.2,
        "Book Price": 27.0
      }
    },
    {
      "quarter": "Q1 2010",
      "income status": {
        "Net sales": 103256,
        "Cost of goods sold": 95865,
        "Gross Profit": 7391,
        "Financial expenses": 17098,
        "Of which: Interest expense": 17098,
        "Cost of sales": 1180,
        "Enterprise cost management": 9253,
        "Total Operating Expenses": 27531,
        "Total revenue financing activities": 65060,
        "Net profit from business activities": 44920,
        "Profit": 289,
        "Profit before tax": 45209,
        "Present corporate income tax expenses": 11734,
        "Deferred income taxes expenses": "N/A",
        "The interests of minority shareholders": "N/A",
        "Total Cost of profits": 11734,
        "Profit after tax corporate income": 33476,
        "Volume": 23028896,
        "Close of Quarter": 31.7,
        "EPS": 1333.2,
        "Non-adjusted EPS": 3974,
        "PE": 8.0,
        "Book Price": 19.8
      }
    },
    {
      "quarter": "Q4 2009",
      "income status": {
        "Net sales": 240870,
        "Cost of goods sold": 207653,
        "Gross Profit": 33216,
        "Financial expenses": 19509,
        "Of which: Interest expense": 15545,
        "Cost of sales": -532,
        "Enterprise cost management": 17331,
        "Total Operating Expenses": 36308,
        "Total revenue financing activities": 11094,
        "Net profit from business activities": 8002,
        "Profit": 7385,
        "Profit before tax": 15388,
        "Present corporate income tax expenses": 5520,
        "Deferred income taxes expenses": "N/A",
        "The interests of minority shareholders": "N/A",
        "Total Cost of profits": 5520,
        "Profit after tax corporate income": 9868,
        "Volume": 23028896,
        "Close of Quarter": 29.6,
        "EPS": 1755.9,
        "Non-adjusted EPS": 5234,
        "PE": 5.7,
        "Book Price": 19.3
      }
    },
    {
      "quarter": "Q3 2009",
      "income status": {
        "Net sales": 179844,
        "Cost of goods sold": 128027,
        "Gross Profit": 51817,
        "Financial expenses": -1079,
        "Of which: Interest expense": 3921,
        "Cost of sales": 3611,
        "Enterprise cost management": 15015,
        "Total Operating Expenses": 17547,
        "Total revenue financing activities": 1079,
        "Net profit from business activities": 35348,
        "Profit": 331,
        "Profit before tax": 35679,
        "Present corporate income tax expenses": 6626,
        "Deferred income taxes expenses": "N/A",
        "The interests of minority shareholders": "N/A",
        "Total Cost of profits": 6626,
        "Profit after tax corporate income": 29053,
        "Volume": 23028896,
        "Close of Quarter": "N/A",
        "EPS": 1836.7,
        "Non-adjusted EPS": 5475,
        "PE": "N/A",
        "Book Price": 19.5
      }
    },
    {
      "quarter": "Q2 2009",
      "income status": {
        "Net sales": 277949,
        "Cost of goods sold": 214551,
        "Gross Profit": 63398,
        "Financial expenses": 23521,
        "Of which: Interest expense": 5183,
        "Cost of sales": 4415,
        "Enterprise cost management": 16486,
        "Total Operating Expenses": 44422,
        "Total revenue financing activities": 3803,
        "Net profit from business activities": 22779,
        "Profit": -84,
        "Profit before tax": 22695,
        "Present corporate income tax expenses": 3584,
        "Deferred income taxes expenses": "N/A",
        "The interests of minority shareholders": "N/A",
        "Total Cost of profits": 3584,
        "Profit after tax corporate income": 19112,
        "Volume": 23028896,
        "Close of Quarter": "N/A",
        "EPS": 1754.2,
        "Non-adjusted EPS": 5229,
        "PE": "N/A",
        "Book Price": 19.1
      }
    },
    {
      "quarter": "Q1 2009",
      "income status": {
        "Net sales": 148370,
        "Cost of goods sold": 25640,
        "Gross Profit": 122730,
        "Financial expenses": 35014,
        "Of which: Interest expense": 5014,
        "Cost of sales": 3481,
        "Enterprise cost management": 10722,
        "Total Operating Expenses": 49217,
        "Total revenue financing activities": 2151,
        "Net profit from business activities": 75664,
        "Profit": -59,
        "Profit before tax": 75605,
        "Present corporate income tax expenses": 13105,
        "Deferred income taxes expenses": "N/A",
        "The interests of minority shareholders": "N/A",
        "Total Cost of profits": 13105,
        "Profit after tax corporate income": 62500,
        "Volume": 23028896,
        "Close of Quarter": "N/A",
        "EPS": 1687.1,
        "Non-adjusted EPS": 5029,
        "PE": "N/A",
        "Book Price": "N/A"
      }
    },
    {
      "quarter": "Q4 2008",
      "income status": {
        "Net sales": 252436,
        "Cost of goods sold": 218220,
        "Gross Profit": 34216,
        "Financial expenses": 1492,
        "Of which: Interest expense": 1450,
        "Cost of sales": 9088,
        "Enterprise cost management": 8719,
        "Total Operating Expenses": 19299,
        "Total revenue financing activities": 3681,
        "Net profit from business activities": 18598,
        "Profit": -421,
        "Profit before tax": 18177,
        "Present corporate income tax expenses": 2758,
        "Deferred income taxes expenses": "N/A",
        "The interests of minority shareholders": "N/A",
        "Total Cost of profits": 2758,
        "Profit after tax corporate income": 15420,
        "Volume": 23028896,
        "Close of Quarter": "N/A",
        "EPS": 776.6,
        "Non-adjusted EPS": 2315,
        "PE": "N/A",
        "Book Price": "N/A"
      }
    },
    {
      "quarter": "Q3 2008",
      "income status": {
        "Net sales": 13068,
        "Cost of goods sold": 9964,
        "Gross Profit": 3104,
        "Financial expenses": 9605,
        "Of which: Interest expense": 9605,
        "Cost of sales": 199,
        "Enterprise cost management": 5345,
        "Total Operating Expenses": 15149,
        "Total revenue financing activities": -232,
        "Net profit from business activities": -12276,
        "Profit": 45171,
        "Profit before tax": 32895,
        "Present corporate income tax expenses": 9504,
        "Deferred income taxes expenses": "N/A",
        "The interests of minority shareholders": "N/A",
        "Total Cost of profits": 9504,
        "Profit after tax corporate income": 23391,
        "Volume": 23028896,
        "Close of Quarter": "N/A",
        "EPS": 551.9,
        "Non-adjusted EPS": 1645,
        "PE": "N/A",
        "Book Price": 17.9
      }
    },
    {
      "quarter": "Q2 2008",
      "income status": {
        "Net sales": 153652,
        "Cost of goods sold": 122396,
        "Gross Profit": 31257,
        "Financial expenses": 10353,
        "Of which: Interest expense": 10353,
        "Cost of sales": 31,
        "Enterprise cost management": 11333,
        "Total Operating Expenses": 21717,
        "Total revenue financing activities": 2157,
        "Net profit from business activities": 11696,
        "Profit": 8914,
        "Profit before tax": 20611,
        "Present corporate income tax expenses": 6118,
        "Deferred income taxes expenses": "N/A",
        "The interests of minority shareholders": "N/A",
        "Total Cost of profits": 6118,
        "Profit after tax corporate income": 14492,
        "Volume": 23028896,
        "Close of Quarter": "N/A",
        "EPS": 211.0,
        "Non-adjusted EPS": 629,
        "PE": "N/A",
        "Book Price": "N/A"
      }
    }
  ]
}