{
  "ticker": "HHC",
  "data": [
    {
      "quarter": "Q1 2017",
      "income status": {
        "Net sales": 221021,
        "Cost of goods sold": 174079,
        "Gross Profit": 46942,
        "Financial expenses": 95,
        "Of which: Interest expense": 95,
        "Cost of sales": 15857,
        "Enterprise cost management": 20536,
        "Total Operating Expenses": 36488,
        "Total revenue financing activities": 863,
        "Net profit from business activities": 11318,
        "Profit": 98,
        "Profit before tax": 11416,
        "Present corporate income tax expenses": 2285,
        "Deferred income taxes expenses": "N/A",
        "The interests of minority shareholders": "N/A",
        "Total Cost of profits": 2285,
        "Profit after tax corporate income": 9132,
        "Volume": 16425000,
        "Close of Quarter": 42,
        "EPS": 2186,
        "Non-adjusted EPS": 2186,
        "PE": 19.2,
        "Book Price": 20
      }
    },
    {
      "quarter": "Q4 2016",
      "income status": {
        "Net sales": 281582,
        "Cost of goods sold": 229909,
        "Gross Profit": 51673,
        "Financial expenses": 32,
        "Of which: Interest expense": 4,
        "Cost of sales": 19370,
        "Enterprise cost management": 11859,
        "Total Operating Expenses": 31261,
        "Total revenue financing activities": 4481,
        "Net profit from business activities": 24893,
        "Profit": -51,
        "Profit before tax": 24842,
        "Present corporate income tax expenses": 4790,
        "Deferred income taxes expenses": 121,
        "The interests of minority shareholders": "N/A",
        "Total Cost of profits": 4911,
        "Profit after tax corporate income": 19930,
        "Volume": 16425000,
        "Close of Quarter": 32.0,
        "EPS": 2046,
        "Non-adjusted EPS": 2046,
        "PE": 15.7,
        "Book Price": 19.9
      }
    },
    {
      "quarter": "Q3 2016",
      "income status": {
        "Net sales": 207578,
        "Cost of goods sold": 162889,
        "Gross Profit": 44689,
        "Financial expenses": 21,
        "Of which: Interest expense": 4,
        "Cost of sales": 22143,
        "Enterprise cost management": 16786,
        "Total Operating Expenses": 38950,
        "Total revenue financing activities": 451,
        "Net profit from business activities": 6190,
        "Profit": -116,
        "Profit before tax": 6074,
        "Present corporate income tax expenses": 1170,
        "Deferred income taxes expenses": 121,
        "The interests of minority shareholders": "N/A",
        "Total Cost of profits": 1291,
        "Profit after tax corporate income": 4783,
        "Volume": 16425000,
        "Close of Quarter": 22.4,
        "EPS": 1668,
        "Non-adjusted EPS": 1668,
        "PE": 13.4,
        "Book Price": 20
      }
    },
    {
      "quarter": "Q2 2016",
      "income status": {
        "Net sales": 145171,
        "Cost of goods sold": 119513,
        "Gross Profit": 25658,
        "Financial expenses": 25,
        "Of which: Interest expense": 3,
        "Cost of sales": 11543,
        "Enterprise cost management": 12389,
        "Total Operating Expenses": 23957,
        "Total revenue financing activities": 886,
        "Net profit from business activities": 2587,
        "Profit": -17,
        "Profit before tax": 2570,
        "Present corporate income tax expenses": 514,
        "Deferred income taxes expenses": "N/A",
        "The interests of minority shareholders": "N/A",
        "Total Cost of profits": 514,
        "Profit after tax corporate income": 2056,
        "Volume": 8212500,
        "Close of Quarter": 19.1,
        "EPS": 1654,
        "Non-adjusted EPS": 3308,
        "PE": 5.8,
        "Book Price": 19.1
      }
    },
    {
      "quarter": "Q1 2016",
      "income status": {
        "Net sales": 208943,
        "Cost of goods sold": 172870,
        "Gross Profit": 36073,
        "Financial expenses": 249,
        "Of which: Interest expense": 4,
        "Cost of sales": 14523,
        "Enterprise cost management": 13197,
        "Total Operating Expenses": 27969,
        "Total revenue financing activities": 436,
        "Net profit from business activities": 8540,
        "Profit": "N/A",
        "Profit before tax": 8540,
        "Present corporate income tax expenses": 1708,
        "Deferred income taxes expenses": "N/A",
        "The interests of minority shareholders": "N/A",
        "Total Cost of profits": 1708,
        "Profit after tax corporate income": 6832,
        "Volume": 8212500,
        "Close of Quarter": 19.5,
        "EPS": 1640,
        "Non-adjusted EPS": 3280,
        "PE": 5.9,
        "Book Price": 13.9
      }
    },
    {
      "quarter": "Q4 2015",
      "income status": {
        "Net sales": 284680,
        "Cost of goods sold": 232913,
        "Gross Profit": 51767,
        "Financial expenses": 77,
        "Of which: Interest expense": 4,
        "Cost of sales": 19469,
        "Enterprise cost management": 14475,
        "Total Operating Expenses": 34021,
        "Total revenue financing activities": 1760,
        "Net profit from business activities": 19505,
        "Profit": -1687,
        "Profit before tax": 17818,
        "Present corporate income tax expenses": 3788,
        "Deferred income taxes expenses": 300,
        "The interests of minority shareholders": "N/A",
        "Total Cost of profits": 4088,
        "Profit after tax corporate income": 13730,
        "Volume": 8212500,
        "Close of Quarter": 20.7,
        "EPS": 1610,
        "Non-adjusted EPS": 3220,
        "PE": 6.4,
        "Book Price": 13.5
      }
    },
    {
      "quarter": "Q3 2015",
      "income status": {
        "Net sales": 184922,
        "Cost of goods sold": 143066,
        "Gross Profit": 41856,
        "Financial expenses": 17,
        "Of which: Interest expense": 4,
        "Cost of sales": 20764,
        "Enterprise cost management": 16835,
        "Total Operating Expenses": 37616,
        "Total revenue financing activities": 857,
        "Net profit from business activities": 5098,
        "Profit": 667,
        "Profit before tax": 5765,
        "Present corporate income tax expenses": 915,
        "Deferred income taxes expenses": 300,
        "The interests of minority shareholders": "N/A",
        "Total Cost of profits": 1215,
        "Profit after tax corporate income": 4550,
        "Volume": 8212500,
        "Close of Quarter": 20.1,
        "EPS": 1614.5,
        "Non-adjusted EPS": 3229,
        "PE": 6.2,
        "Book Price": 13.5
      }
    },
    {
      "quarter": "Q2 2015",
      "income status": {
        "Net sales": 122993,
        "Cost of goods sold": 104253,
        "Gross Profit": 18741,
        "Financial expenses": 21,
        "Of which: Interest expense": 4,
        "Cost of sales": 7912,
        "Enterprise cost management": 9701,
        "Total Operating Expenses": 17634,
        "Total revenue financing activities": 973,
        "Net profit from business activities": 2081,
        "Profit": 372,
        "Profit before tax": 2452,
        "Present corporate income tax expenses": 23,
        "Deferred income taxes expenses": 600,
        "The interests of minority shareholders": "N/A",
        "Total Cost of profits": 623,
        "Profit after tax corporate income": 1829,
        "Volume": 8212500,
        "Close of Quarter": 20.0,
        "EPS": 1611.5,
        "Non-adjusted EPS": 3223,
        "PE": 6.2,
        "Book Price": 13.3
      }
    },
    {
      "quarter": "Q1 2015",
      "income status": {
        "Net sales": 189177,
        "Cost of goods sold": 161269,
        "Gross Profit": 27909,
        "Financial expenses": 51,
        "Of which: Interest expense": 4,
        "Cost of sales": 11016,
        "Enterprise cost management": 9529,
        "Total Operating Expenses": 20596,
        "Total revenue financing activities": 349,
        "Net profit from business activities": 7663,
        "Profit": 465,
        "Profit before tax": 8127,
        "Present corporate income tax expenses": 1788,
        "Deferred income taxes expenses": "N/A",
        "The interests of minority shareholders": "N/A",
        "Total Cost of profits": 1788,
        "Profit after tax corporate income": 6339,
        "Volume": 8212500,
        "Close of Quarter": 20.4,
        "EPS": 1614.5,
        "Non-adjusted EPS": 3229,
        "PE": 6.3,
        "Book Price": 13.1
      }
    },
    {
      "quarter": "Q4 2014",
      "income status": {
        "Net sales": 245902,
        "Cost of goods sold": 207277,
        "Gross Profit": 38625,
        "Financial expenses": 20,
        "Of which: Interest expense": 4,
        "Cost of sales": 19158,
        "Enterprise cost management": 4636,
        "Total Operating Expenses": 23814,
        "Total revenue financing activities": 2144,
        "Net profit from business activities": 16954,
        "Profit": 767,
        "Profit before tax": 17721,
        "Present corporate income tax expenses": 3923,
        "Deferred income taxes expenses": "N/A",
        "The interests of minority shareholders": "N/A",
        "Total Cost of profits": 3923,
        "Profit after tax corporate income": 13798,
        "Volume": 8212500,
        "Close of Quarter": 21.7,
        "EPS": 1614.5,
        "Non-adjusted EPS": 3229,
        "PE": 6.7,
        "Book Price": 12.8
      }
    },
    {
      "quarter": "Q3 2014",
      "income status": {
        "Net sales": 186413,
        "Cost of goods sold": 154704,
        "Gross Profit": 31709,
        "Financial expenses": 73,
        "Of which: Interest expense": 4,
        "Cost of sales": 13868,
        "Enterprise cost management": 12672,
        "Total Operating Expenses": 26613,
        "Total revenue financing activities": 562,
        "Net profit from business activities": 5659,
        "Profit": 110,
        "Profit before tax": 5769,
        "Present corporate income tax expenses": 1269,
        "Deferred income taxes expenses": "N/A",
        "The interests of minority shareholders": "N/A",
        "Total Cost of profits": 1269,
        "Profit after tax corporate income": 4500,
        "Volume": 8212500,
        "Close of Quarter": 17.6,
        "EPS": 1510,
        "Non-adjusted EPS": 3020,
        "PE": 5.8,
        "Book Price": 12.8
      }
    },
    {
      "quarter": "Q2 2014",
      "income status": {
        "Net sales": 140087,
        "Cost of goods sold": 118458,
        "Gross Profit": 21629,
        "Financial expenses": 23,
        "Of which: Interest expense": 4,
        "Cost of sales": 10594,
        "Enterprise cost management": 11119,
        "Total Operating Expenses": 21736,
        "Total revenue financing activities": 1892,
        "Net profit from business activities": 1785,
        "Profit": 628,
        "Profit before tax": 2413,
        "Present corporate income tax expenses": 531,
        "Deferred income taxes expenses": "N/A",
        "The interests of minority shareholders": "N/A",
        "Total Cost of profits": 531,
        "Profit after tax corporate income": 1882,
        "Volume": 8212500,
        "Close of Quarter": 19.3,
        "EPS": 1495,
        "Non-adjusted EPS": 2990,
        "PE": 6.5,
        "Book Price": 12.5
      }
    },
    {
      "quarter": "Q1 2014",
      "income status": {
        "Net sales": 202845,
        "Cost of goods sold": 161300,
        "Gross Profit": 41544,
        "Financial expenses": 24,
        "Of which: Interest expense": 4,
        "Cost of sales": 14163,
        "Enterprise cost management": 20484,
        "Total Operating Expenses": 34671,
        "Total revenue financing activities": 502,
        "Net profit from business activities": 7376,
        "Profit": 745,
        "Profit before tax": 8121,
        "Present corporate income tax expenses": 1786,
        "Deferred income taxes expenses": "N/A",
        "The interests of minority shareholders": "N/A",
        "Total Cost of profits": 1786,
        "Profit after tax corporate income": 6335,
        "Volume": 8212500,
        "Close of Quarter": 18.2,
        "EPS": 1487.5,
        "Non-adjusted EPS": 2975,
        "PE": 6.1,
        "Book Price": 12.3
      }
    },
    {
      "quarter": "Q4 2013",
      "income status": {
        "Net sales": 230517,
        "Cost of goods sold": 195409,
        "Gross Profit": 35108,
        "Financial expenses": 269,
        "Of which: Interest expense": -4,
        "Cost of sales": 14669,
        "Enterprise cost management": 5277,
        "Total Operating Expenses": 20215,
        "Total revenue financing activities": 776,
        "Net profit from business activities": 15669,
        "Profit": 449,
        "Profit before tax": 16117,
        "Present corporate income tax expenses": 4336,
        "Deferred income taxes expenses": -300,
        "The interests of minority shareholders": "N/A",
        "Total Cost of profits": 4036,
        "Profit after tax corporate income": 12081,
        "Volume": 8212500,
        "Close of Quarter": 12.2,
        "EPS": 1448.5,
        "Non-adjusted EPS": 2897,
        "PE": 4.2,
        "Book Price": 11.9
      }
    },
    {
      "quarter": "Q3 2013",
      "income status": {
        "Net sales": 182871,
        "Cost of goods sold": 148137,
        "Gross Profit": 34734,
        "Financial expenses": 5,
        "Of which: Interest expense": 4,
        "Cost of sales": 21267,
        "Enterprise cost management": 8962,
        "Total Operating Expenses": 30234,
        "Total revenue financing activities": 548,
        "Net profit from business activities": 5047,
        "Profit": 629,
        "Profit before tax": 5677,
        "Present corporate income tax expenses": 1419,
        "Deferred income taxes expenses": "N/A",
        "The interests of minority shareholders": "N/A",
        "Total Cost of profits": 1419,
        "Profit after tax corporate income": 4258,
        "Volume": 8212500,
        "Close of Quarter": 9.4,
        "EPS": 1376.5,
        "Non-adjusted EPS": 2753,
        "PE": 3.4,
        "Book Price": 12.0
      }
    },
    {
      "quarter": "Q2 2013",
      "income status": {
        "Net sales": 120907,
        "Cost of goods sold": 99388,
        "Gross Profit": 21518,
        "Financial expenses": 15,
        "Of which: Interest expense": 15,
        "Cost of sales": 10518,
        "Enterprise cost management": 10140,
        "Total Operating Expenses": 20673,
        "Total revenue financing activities": 1089,
        "Net profit from business activities": 1934,
        "Profit": 410,
        "Profit before tax": 2344,
        "Present corporate income tax expenses": 1,
        "Deferred income taxes expenses": 585,
        "The interests of minority shareholders": "N/A",
        "Total Cost of profits": 586,
        "Profit after tax corporate income": 1758,
        "Volume": 8212500,
        "Close of Quarter": 9.9,
        "EPS": 1347.5,
        "Non-adjusted EPS": 2695,
        "PE": 3.7,
        "Book Price": 11.7
      }
    },
    {
      "quarter": "Q1 2013",
      "income status": {
        "Net sales": 203281,
        "Cost of goods sold": 159708,
        "Gross Profit": 43573,
        "Financial expenses": 4,
        "Of which: Interest expense": 4,
        "Cost of sales": 18071,
        "Enterprise cost management": 19628,
        "Total Operating Expenses": 37703,
        "Total revenue financing activities": 1317,
        "Net profit from business activities": 7186,
        "Profit": 407,
        "Profit before tax": 7593,
        "Present corporate income tax expenses": 1898,
        "Deferred income taxes expenses": "N/A",
        "The interests of minority shareholders": "N/A",
        "Total Cost of profits": 1898,
        "Profit after tax corporate income": 5695,
        "Volume": 8212500,
        "Close of Quarter": 8.6,
        "EPS": 1343.5,
        "Non-adjusted EPS": 2687,
        "PE": 3.2,
        "Book Price": 11.6
      }
    },
    {
      "quarter": "Q4 2012",
      "income status": {
        "Net sales": 220599,
        "Cost of goods sold": 184668,
        "Gross Profit": 35932,
        "Financial expenses": 6,
        "Of which: Interest expense": 6,
        "Cost of sales": 14954,
        "Enterprise cost management": 11673,
        "Total Operating Expenses": 26633,
        "Total revenue financing activities": 1203,
        "Net profit from business activities": 10502,
        "Profit": 4025,
        "Profit before tax": 14527,
        "Present corporate income tax expenses": 4138,
        "Deferred income taxes expenses": -506,
        "The interests of minority shareholders": "N/A",
        "Total Cost of profits": 3632,
        "Profit after tax corporate income": 10896,
        "Volume": 8212500,
        "Close of Quarter": 8.5,
        "EPS": 1323.5,
        "Non-adjusted EPS": 2647,
        "PE": 3.2,
        "Book Price": 11.3
      }
    },
    {
      "quarter": "Q3 2012",
      "income status": {
        "Net sales": 158937,
        "Cost of goods sold": 130854,
        "Gross Profit": 28083,
        "Financial expenses": 67,
        "Of which: Interest expense": 5,
        "Cost of sales": 14137,
        "Enterprise cost management": 10339,
        "Total Operating Expenses": 24543,
        "Total revenue financing activities": 1005,
        "Net profit from business activities": 4545,
        "Profit": 503,
        "Profit before tax": 5048,
        "Present corporate income tax expenses": 1262,
        "Deferred income taxes expenses": "N/A",
        "The interests of minority shareholders": "N/A",
        "Total Cost of profits": 1262,
        "Profit after tax corporate income": 3786,
        "Volume": 8212500,
        "Close of Quarter": 7.0,
        "EPS": 1263.5,
        "Non-adjusted EPS": 2527,
        "PE": 2.8,
        "Book Price": 11.4
      }
    },
    {
      "quarter": "Q2 2012",
      "income status": {
        "Net sales": 118669,
        "Cost of goods sold": 102306,
        "Gross Profit": 16363,
        "Financial expenses": 4,
        "Of which: Interest expense": 4,
        "Cost of sales": 9280,
        "Enterprise cost management": 6380,
        "Total Operating Expenses": 15664,
        "Total revenue financing activities": 1230,
        "Net profit from business activities": 1929,
        "Profit": 320,
        "Profit before tax": 2248,
        "Present corporate income tax expenses": 84,
        "Deferred income taxes expenses": 478,
        "The interests of minority shareholders": "N/A",
        "Total Cost of profits": 562,
        "Profit after tax corporate income": 1686,
        "Volume": 8212500,
        "Close of Quarter": 7.2,
        "EPS": 1240,
        "Non-adjusted EPS": 2480,
        "PE": 2.9,
        "Book Price": 11.2
      }
    },
    {
      "quarter": "Q1 2012",
      "income status": {
        "Net sales": 178593,
        "Cost of goods sold": 155734,
        "Gross Profit": 22859,
        "Financial expenses": 4,
        "Of which: Interest expense": 4,
        "Cost of sales": 7698,
        "Enterprise cost management": 9510,
        "Total Operating Expenses": 17212,
        "Total revenue financing activities": 999,
        "Net profit from business activities": 6647,
        "Profit": 510,
        "Profit before tax": 7157,
        "Present corporate income tax expenses": 1789,
        "Deferred income taxes expenses": "N/A",
        "The interests of minority shareholders": "N/A",
        "Total Cost of profits": 1789,
        "Profit after tax corporate income": 5368,
        "Volume": 8212500,
        "Close of Quarter": 11.9,
        "EPS": 1235.5,
        "Non-adjusted EPS": 2471,
        "PE": 4.8,
        "Book Price": 11.2
      }
    },
    {
      "quarter": "Q4 2011",
      "income status": {
        "Net sales": 199812,
        "Cost of goods sold": 169646,
        "Gross Profit": 30166,
        "Financial expenses": 6,
        "Of which: Interest expense": 6,
        "Cost of sales": 12395,
        "Enterprise cost management": 6254,
        "Total Operating Expenses": 18655,
        "Total revenue financing activities": 312,
        "Net profit from business activities": 11823,
        "Profit": 1398,
        "Profit before tax": 27001,
        "Present corporate income tax expenses": 3590,
        "Deferred income taxes expenses": -284,
        "The interests of minority shareholders": "N/A",
        "Total Cost of profits": 3306,
        "Profit after tax corporate income": 9916,
        "Volume": 8212500,
        "Close of Quarter": 7.2,
        "EPS": 1233,
        "Non-adjusted EPS": 2466,
        "PE": 2.9,
        "Book Price": 10.9
      }
    },
    {
      "quarter": "Q3 2011",
      "income status": {
        "Net sales": 146552,
        "Cost of goods sold": 125133,
        "Gross Profit": 21419,
        "Financial expenses": -1,
        "Of which: Interest expense": -1,
        "Cost of sales": 8256,
        "Enterprise cost management": 10033,
        "Total Operating Expenses": 18288,
        "Total revenue financing activities": 752,
        "Net profit from business activities": 3883,
        "Profit": 652,
        "Profit before tax": 4535,
        "Present corporate income tax expenses": 1193,
        "Deferred income taxes expenses": -59,
        "The interests of minority shareholders": "N/A",
        "Total Cost of profits": 1134,
        "Profit after tax corporate income": 3401,
        "Volume": 5475000,
        "Close of Quarter": 7.6,
        "EPS": 1181,
        "Non-adjusted EPS": 3543,
        "PE": 2.1,
        "Book Price": 11.0
      }
    },
    {
      "quarter": "Q2 2011",
      "income status": {
        "Net sales": 112366,
        "Cost of goods sold": 94552,
        "Gross Profit": 17815,
        "Financial expenses": 9,
        "Of which: Interest expense": 9,
        "Cost of sales": 8389,
        "Enterprise cost management": 9035,
        "Total Operating Expenses": 17433,
        "Total revenue financing activities": 806,
        "Net profit from business activities": 1188,
        "Profit": 954,
        "Profit before tax": 2141,
        "Present corporate income tax expenses": 304,
        "Deferred income taxes expenses": 232,
        "The interests of minority shareholders": "N/A",
        "Total Cost of profits": 536,
        "Profit after tax corporate income": 1606,
        "Volume": 5475000,
        "Close of Quarter": 6.8,
        "EPS": 1172.3,
        "Non-adjusted EPS": 3517,
        "PE": 1.9,
        "Book Price": 10.8
      }
    },
    {
      "quarter": "Q1 2011",
      "income status": {
        "Net sales": 179577,
        "Cost of goods sold": 155017,
        "Gross Profit": 24560,
        "Financial expenses": 290,
        "Of which: Interest expense": 290,
        "Cost of sales": 8020,
        "Enterprise cost management": 9875,
        "Total Operating Expenses": 18185,
        "Total revenue financing activities": 357,
        "Net profit from business activities": 6732,
        "Profit": 371,
        "Profit before tax": 7104,
        "Present corporate income tax expenses": 1776,
        "Deferred income taxes expenses": "N/A",
        "The interests of minority shareholders": "N/A",
        "Total Cost of profits": 1776,
        "Profit after tax corporate income": 5328,
        "Volume": 5475000,
        "Close of Quarter": 8.3,
        "EPS": 1167.3,
        "Non-adjusted EPS": 3502,
        "PE": 2.4,
        "Book Price": 8.1
      }
    },
    {
      "quarter": "Q4 2010",
      "income status": {
        "Net sales": 177664,
        "Cost of goods sold": 148070,
        "Gross Profit": 29594,
        "Financial expenses": 91,
        "Of which: Interest expense": -2,
        "Cost of sales": 9446,
        "Enterprise cost management": 8802,
        "Total Operating Expenses": 18339,
        "Total revenue financing activities": 437,
        "Net profit from business activities": 11692,
        "Profit": 390,
        "Profit before tax": 12083,
        "Present corporate income tax expenses": 3305,
        "Deferred income taxes expenses": -285,
        "The interests of minority shareholders": "N/A",
        "Total Cost of profits": 3020,
        "Profit after tax corporate income": 9062,
        "Volume": 5475000,
        "Close of Quarter": 10.7,
        "EPS": 1151.3,
        "Non-adjusted EPS": 3454,
        "PE": 3.1,
        "Book Price": 7.8
      }
    },
    {
      "quarter": "Q3 2010",
      "income status": {
        "Net sales": 125592,
        "Cost of goods sold": 104727,
        "Gross Profit": 20865,
        "Financial expenses": 7,
        "Of which: Interest expense": 7,
        "Cost of sales": 9352,
        "Enterprise cost management": 7748,
        "Total Operating Expenses": 17107,
        "Total revenue financing activities": 145,
        "Net profit from business activities": 3903,
        "Profit": 442,
        "Profit before tax": 4345,
        "Present corporate income tax expenses": 1098,
        "Deferred income taxes expenses": -11,
        "The interests of minority shareholders": "N/A",
        "Total Cost of profits": 1087,
        "Profit after tax corporate income": 3259,
        "Volume": 5475000,
        "Close of Quarter": 14.0,
        "EPS": 1276.3,
        "Non-adjusted EPS": 3829,
        "PE": 3.7,
        "Book Price": 7.3
      }
    },
    {
      "quarter": "Q2 2010",
      "income status": {
        "Net sales": 86713,
        "Cost of goods sold": 75646,
        "Gross Profit": 11067,
        "Financial expenses": 6,
        "Of which: Interest expense": 6,
        "Cost of sales": 5900,
        "Enterprise cost management": 3948,
        "Total Operating Expenses": 9854,
        "Total revenue financing activities": 309,
        "Net profit from business activities": 1522,
        "Profit": 512,
        "Profit before tax": 2035,
        "Present corporate income tax expenses": 227,
        "Deferred income taxes expenses": 281,
        "The interests of minority shareholders": "N/A",
        "Total Cost of profits": 508,
        "Profit after tax corporate income": 1526,
        "Volume": 5475000,
        "Close of Quarter": 22.3,
        "EPS": 1270.7,
        "Non-adjusted EPS": 3812,
        "PE": 5.8,
        "Book Price": 7.1
      }
    },
    {
      "quarter": "Q1 2010",
      "income status": {
        "Net sales": 137945,
        "Cost of goods sold": 119469,
        "Gross Profit": 18476,
        "Financial expenses": -19,
        "Of which: Interest expense": -19,
        "Cost of sales": 5147,
        "Enterprise cost management": 7199,
        "Total Operating Expenses": 12327,
        "Total revenue financing activities": 332,
        "Net profit from business activities": 6480,
        "Profit": 268,
        "Profit before tax": 6748,
        "Present corporate income tax expenses": 1687,
        "Deferred income taxes expenses": "N/A",
        "The interests of minority shareholders": "N/A",
        "Total Cost of profits": 1687,
        "Profit after tax corporate income": 5061,
        "Volume": 5475000,
        "Close of Quarter": 12.3,
        "EPS": 1267.7,
        "Non-adjusted EPS": 3803,
        "PE": 3.2,
        "Book Price": 7.1
      }
    },
    {
      "quarter": "Q4 2009",
      "income status": {
        "Net sales": 146751,
        "Cost of goods sold": 118222,
        "Gross Profit": 28529,
        "Financial expenses": 32,
        "Of which: Interest expense": "N/A",
        "Cost of sales": 9361,
        "Enterprise cost management": 5058,
        "Total Operating Expenses": 14451,
        "Total revenue financing activities": 331,
        "Net profit from business activities": 14409,
        "Profit": 414,
        "Profit before tax": 14823,
        "Present corporate income tax expenses": 3928,
        "Deferred income taxes expenses": -222,
        "The interests of minority shareholders": "N/A",
        "Total Cost of profits": 3706,
        "Profit after tax corporate income": 11117,
        "Volume": 5475000,
        "Close of Quarter": 8.8,
        "EPS": 1239.7,
        "Non-adjusted EPS": 3719,
        "PE": 2.4,
        "Book Price": 7.2
      }
    },
    {
      "quarter": "Q3 2009",
      "income status": {
        "Net sales": 104056,
        "Cost of goods sold": 87809,
        "Gross Profit": 16247,
        "Financial expenses": 75,
        "Of which: Interest expense": 75,
        "Cost of sales": 6179,
        "Enterprise cost management": 6258,
        "Total Operating Expenses": 12512,
        "Total revenue financing activities": 216,
        "Net profit from business activities": 3950,
        "Profit": 275,
        "Profit before tax": 4225,
        "Present corporate income tax expenses": 933,
        "Deferred income taxes expenses": 123,
        "The interests of minority shareholders": "N/A",
        "Total Cost of profits": 1056,
        "Profit after tax corporate income": 3169,
        "Volume": 5475000,
        "Close of Quarter": 9.3,
        "EPS": 1130,
        "Non-adjusted EPS": 3390,
        "PE": 2.8,
        "Book Price": 7
      }
    },
    {
      "quarter": "Q2 2009",
      "income status": {
        "Net sales": 85304,
        "Cost of goods sold": 72061,
        "Gross Profit": 13243,
        "Financial expenses": 163,
        "Of which: Interest expense": 163,
        "Cost of sales": 6983,
        "Enterprise cost management": 5034,
        "Total Operating Expenses": 12180,
        "Total revenue financing activities": 329,
        "Net profit from business activities": 1393,
        "Profit": 575,
        "Profit before tax": 1968,
        "Present corporate income tax expenses": 281,
        "Deferred income taxes expenses": 211,
        "The interests of minority shareholders": "N/A",
        "Total Cost of profits": 492,
        "Profit after tax corporate income": 1476,
        "Volume": 5475000,
        "Close of Quarter": 8.9,
        "EPS": 1122.7,
        "Non-adjusted EPS": 3368,
        "PE": 2.7,
        "Book Price": 6.8
      }
    },
    {
      "quarter": "Q1 2009",
      "income status": {
        "Net sales": 122492,
        "Cost of goods sold": 105668,
        "Gross Profit": 16824,
        "Financial expenses": 1721,
        "Of which: Interest expense": 645,
        "Cost of sales": 4414,
        "Enterprise cost management": 5255,
        "Total Operating Expenses": 11390,
        "Total revenue financing activities": 462,
        "Net profit from business activities": 5897,
        "Profit": 238,
        "Profit before tax": 6135,
        "Present corporate income tax expenses": 1534,
        "Deferred income taxes expenses": "N/A",
        "The interests of minority shareholders": "N/A",
        "Total Cost of profits": 1534,
        "Profit after tax corporate income": 4601,
        "Volume": 5475000,
        "Close of Quarter": 5.2,
        "EPS": 1130.7,
        "Non-adjusted EPS": 3392,
        "PE": 1.5,
        "Book Price": 6.8
      }
    },
    {
      "quarter": "Q4 2008",
      "income status": {
        "Net sales": 133994,
        "Cost of goods sold": 108100,
        "Gross Profit": 25894,
        "Financial expenses": 2344,
        "Of which: Interest expense": 871,
        "Cost of sales": 7826,
        "Enterprise cost management": 5286,
        "Total Operating Expenses": 15456,
        "Total revenue financing activities": 91,
        "Net profit from business activities": 10530,
        "Profit": 302,
        "Profit before tax": 10831,
        "Present corporate income tax expenses": 1655,
        "Deferred income taxes expenses": -138,
        "The interests of minority shareholders": "N/A",
        "Total Cost of profits": 1517,
        "Profit after tax corporate income": 9315,
        "Volume": 5475000,
        "Close of Quarter": 5.7,
        "EPS": 1156.7,
        "Non-adjusted EPS": 3470,
        "PE": 1.6,
        "Book Price": 6.6
      }
    },
    {
      "quarter": "Q3 2008",
      "income status": {
        "Net sales": 94028,
        "Cost of goods sold": 80521,
        "Gross Profit": 13507,
        "Financial expenses": 1043,
        "Of which: Interest expense": 1018,
        "Cost of sales": 4409,
        "Enterprise cost management": 5525,
        "Total Operating Expenses": 10977,
        "Total revenue financing activities": 149,
        "Net profit from business activities": 2680,
        "Profit": 865,
        "Profit before tax": 3544,
        "Present corporate income tax expenses": 496,
        "Deferred income taxes expenses": "N/A",
        "The interests of minority shareholders": "N/A",
        "Total Cost of profits": 496,
        "Profit after tax corporate income": 3048,
        "Volume": 5475000,
        "Close of Quarter": 6.5,
        "EPS": 902.7,
        "Non-adjusted EPS": 2708,
        "PE": 2.4,
        "Book Price": 6.5
      }
    },
    {
      "quarter": "Q2 2008",
      "income status": {
        "Net sales": 82683,
        "Cost of goods sold": 70863,
        "Gross Profit": 11819,
        "Financial expenses": 768,
        "Of which: Interest expense": 760,
        "Cost of sales": 4670,
        "Enterprise cost management": 5290,
        "Total Operating Expenses": 10728,
        "Total revenue financing activities": 60,
        "Net profit from business activities": 1151,
        "Profit": 716,
        "Profit before tax": 1867,
        "Present corporate income tax expenses": 261,
        "Deferred income taxes expenses": "N/A",
        "The interests of minority shareholders": "N/A",
        "Total Cost of profits": 261,
        "Profit after tax corporate income": 1605,
        "Volume": 5475000,
        "Close of Quarter": 6.3,
        "EPS": 840.7,
        "Non-adjusted EPS": 2522,
        "PE": 2.5,
        "Book Price": 6.3
      }
    },
    {
      "quarter": "Q1 2008",
      "income status": {
        "Net sales": 105300,
        "Cost of goods sold": 89130,
        "Gross Profit": 16170,
        "Financial expenses": 477,
        "Of which: Interest expense": 477,
        "Cost of sales": 6007,
        "Enterprise cost management": 4585,
        "Total Operating Expenses": 11069,
        "Total revenue financing activities": 400,
        "Net profit from business activities": 5500,
        "Profit": 347,
        "Profit before tax": 5847,
        "Present corporate income tax expenses": 819,
        "Deferred income taxes expenses": "N/A",
        "The interests of minority shareholders": "N/A",
        "Total Cost of profits": 819,
        "Profit after tax corporate income": 5028,
        "Volume": 5475000,
        "Close of Quarter": 9.3,
        "EPS": 805.7,
        "Non-adjusted EPS": 2417,
        "PE": 3.8,
        "Book Price": 6.2
      }
    },
    {
      "quarter": "Q4 2007",
      "income status": {
        "Net sales": 118057,
        "Cost of goods sold": 89282,
        "Gross Profit": 28774,
        "Financial expenses": 561,
        "Of which: Interest expense": 525,
        "Cost of sales": 6453,
        "Enterprise cost management": 6373,
        "Total Operating Expenses": 13387,
        "Total revenue financing activities": 254,
        "Net profit from business activities": 22043,
        "Profit": "N/A",
        "Profit before tax": 16175,
        "Present corporate income tax expenses": 2197,
        "Deferred income taxes expenses": 8698,
        "The interests of minority shareholders": 8766,
        "Total Cost of profits": 19661,
        "Profit after tax corporate income": 5144,
        "Volume": 5475000,
        "Close of Quarter": 18.1,
        "EPS": 1046,
        "Non-adjusted EPS": 3138,
        "PE": 5.8,
        "Book Price": 6.4
      }
    },
    {
      "quarter": "Q3 2007",
      "income status": {
        "Net sales": 75346,
        "Cost of goods sold": 64769,
        "Gross Profit": 10577,
        "Financial expenses": 712,
        "Of which: Interest expense": 706,
        "Cost of sales": 4510,
        "Enterprise cost management": 3778,
        "Total Operating Expenses": 9000,
        "Total revenue financing activities": 311,
        "Net profit from business activities": 1889,
        "Profit": 472,
        "Profit before tax": 2361,
        "Present corporate income tax expenses": 331,
        "Deferred income taxes expenses": "N/A",
        "The interests of minority shareholders": "N/A",
        "Total Cost of profits": 331,
        "Profit after tax corporate income": 2030,
        "Volume": 5475000,
        "Close of Quarter": "N/A",
        "EPS": 2213,
        "Non-adjusted EPS": 6639,
        "PE": "N/A",
        "Book Price": 5.7
      }
    },
    {
      "quarter": "Q2 2007",
      "income status": {
        "Net sales": 54154,
        "Cost of goods sold": 45736,
        "Gross Profit": 8418,
        "Financial expenses": 671,
        "Of which: Interest expense": 671,
        "Cost of sales": 4293,
        "Enterprise cost management": 2666,
        "Total Operating Expenses": 7630,
        "Total revenue financing activities": 378,
        "Net profit from business activities": 1166,
        "Profit": 306,
        "Profit before tax": 1472,
        "Present corporate income tax expenses": 206,
        "Deferred income taxes expenses": 233,
        "The interests of minority shareholders": "N/A",
        "Total Cost of profits": 439,
        "Profit after tax corporate income": 1033,
        "Volume": 5475000,
        "Close of Quarter": "N/A",
        "EPS": 2208.3,
        "Non-adjusted EPS": 6625,
        "PE": "N/A",
        "Book Price": 4.5
      }
    },
    {
      "quarter": "Q1 2007",
      "income status": {
        "Net sales": 93690,
        "Cost of goods sold": 80047,
        "Gross Profit": 13643,
        "Financial expenses": 705,
        "Of which: Interest expense": 705,
        "Cost of sales": 5171,
        "Enterprise cost management": 3557,
        "Total Operating Expenses": 9433,
        "Total revenue financing activities": 189,
        "Net profit from business activities": 194,
        "Profit": "N/A",
        "Profit before tax": 4578,
        "Present corporate income tax expenses": 407,
        "Deferred income taxes expenses": -4806,
        "The interests of minority shareholders": -4805,
        "Total Cost of profits": -9204,
        "Profit after tax corporate income": 8975,
        "Volume": 5475000,
        "Close of Quarter": "N/A",
        "EPS": 2198.3,
        "Non-adjusted EPS": 6595,
        "PE": "N/A",
        "Book Price": "N/A"
      }
    },
    {
      "quarter": "Q4 2006",
      "income status": {
        "Net sales": 104358,
        "Cost of goods sold": 82789,
        "Gross Profit": 21568,
        "Financial expenses": 898,
        "Of which: Interest expense": 842,
        "Cost of sales": 5945,
        "Enterprise cost management": 2972,
        "Total Operating Expenses": 9815,
        "Total revenue financing activities": 156,
        "Net profit from business activities": 321,
        "Profit": "N/A",
        "Profit before tax": 12406,
        "Present corporate income tax expenses": 1736,
        "Deferred income taxes expenses": -13645,
        "The interests of minority shareholders": -13644,
        "Total Cost of profits": -25553,
        "Profit after tax corporate income": 24313,
        "Volume": 5475000,
        "Close of Quarter": "N/A",
        "EPS": 1784,
        "Non-adjusted EPS": 5352,
        "PE": "N/A",
        "Book Price": 4.4
      }
    },
    {
      "quarter": "Q3 2006",
      "income status": {
        "Net sales": 71323,
        "Cost of goods sold": 61532,
        "Gross Profit": 9790,
        "Financial expenses": 852,
        "Of which: Interest expense": 821,
        "Cost of sales": 5004,
        "Enterprise cost management": 3087,
        "Total Operating Expenses": 8943,
        "Total revenue financing activities": 61,
        "Net profit from business activities": 86,
        "Profit": "N/A",
        "Profit before tax": 1043,
        "Present corporate income tax expenses": 146,
        "Deferred income taxes expenses": -1053,
        "The interests of minority shareholders": -1053,
        "Total Cost of profits": -1960,
        "Profit after tax corporate income": 1950,
        "Volume": 5475000,
        "Close of Quarter": "N/A",
        "EPS": 303.7,
        "Non-adjusted EPS": 911,
        "PE": "N/A",
        "Book Price": "N/A"
      }
    },
    {
      "quarter": "Q2 2006",
      "income status": {
        "Net sales": 59310,
        "Cost of goods sold": 51263,
        "Gross Profit": 8046,
        "Financial expenses": 912,
        "Of which: Interest expense": 893,
        "Cost of sales": 4408,
        "Enterprise cost management": 2532,
        "Total Operating Expenses": 7852,
        "Total revenue financing activities": 577,
        "Net profit from business activities": 771,
        "Profit": 238,
        "Profit before tax": 1009,
        "Present corporate income tax expenses": 141,
        "Deferred income taxes expenses": "N/A",
        "The interests of minority shareholders": "N/A",
        "Total Cost of profits": 141,
        "Profit after tax corporate income": 868,
        "Volume": 5475000,
        "Close of Quarter": "N/A",
        "EPS": 185,
        "Non-adjusted EPS": 555,
        "PE": "N/A",
        "Book Price": "N/A"
      }
    },
    {
      "quarter": "Q1 2006",
      "income status": {
        "Net sales": 90838,
        "Cost of goods sold": 78872,
        "Gross Profit": 11965,
        "Financial expenses": 876,
        "Of which: Interest expense": 848,
        "Cost of sales": 4518,
        "Enterprise cost management": 3945,
        "Total Operating Expenses": 9339,
        "Total revenue financing activities": 275,
        "Net profit from business activities": "N/A",
        "Profit": "N/A",
        "Profit before tax": 3013,
        "Present corporate income tax expenses": "N/A",
        "Deferred income taxes expenses": "N/A",
        "The interests of minority shareholders": 422,
        "Total Cost of profits": 422,
        "Profit after tax corporate income": 2169,
        "Volume": 5475000,
        "Close of Quarter": "N/A",
        "EPS": 132,
        "Non-adjusted EPS": 396,
        "PE": "N/A",
        "Book Price": "N/A"
      }
    }
  ]
}