{
  "ticker": "YBC",
  "data": [
    {
      "quarter": "Q4 2013",
      "income status": {
        "Net sales": 118845,
        "Cost of goods sold": 106304,
        "Gross Profit": 12540,
        "Financial expenses": 6433,
        "Of which: Interest expense": 6433,
        "Cost of sales": 4183,
        "Enterprise cost management": 1776,
        "Total Operating Expenses": 12392,
        "Total revenue financing activities": 1,
        "Net profit from business activities": 149,
        "Profit": 383,
        "Profit before tax": 532,
        "Present corporate income tax expenses": "N/A",
        "Deferred income taxes expenses": "N/A",
        "The interests of minority shareholders": "N/A",
        "Total Cost of profits": 0,
        "Profit after tax corporate income": 532,
        "Volume": 4837430,
        "Close of Quarter": 4.8,
        "EPS": -4074,
        "Non-adjusted EPS": -4074,
        "PE": -1.2,
        "Book Price": 2.8
      }
    },
    {
      "quarter": "Q3 2013",
      "income status": {
        "Net sales": 112007,
        "Cost of goods sold": 100469,
        "Gross Profit": 11537,
        "Financial expenses": 8404,
        "Of which: Interest expense": 8404,
        "Cost of sales": 5614,
        "Enterprise cost management": 2182,
        "Total Operating Expenses": 16200,
        "Total revenue financing activities": 19,
        "Net profit from business activities": -4644,
        "Profit": -541,
        "Profit before tax": -5185,
        "Present corporate income tax expenses": "N/A",
        "Deferred income taxes expenses": "N/A",
        "The interests of minority shareholders": "N/A",
        "Total Cost of profits": 0,
        "Profit after tax corporate income": -5185,
        "Volume": 4837430,
        "Close of Quarter": 9,
        "EPS": -4374,
        "Non-adjusted EPS": -4374,
        "PE": -2.1,
        "Book Price": 2.7
      }
    },
    {
      "quarter": "Q2 2013",
      "income status": {
        "Net sales": 110266,
        "Cost of goods sold": 96519,
        "Gross Profit": 13747,
        "Financial expenses": 11902,
        "Of which: Interest expense": 10163,
        "Cost of sales": 4970,
        "Enterprise cost management": 4421,
        "Total Operating Expenses": 21293,
        "Total revenue financing activities": 4,
        "Net profit from business activities": -7542,
        "Profit": 358,
        "Profit before tax": -7185,
        "Present corporate income tax expenses": "N/A",
        "Deferred income taxes expenses": "N/A",
        "The interests of minority shareholders": "N/A",
        "Total Cost of profits": 0,
        "Profit after tax corporate income": -7185,
        "Volume": 4837430,
        "Close of Quarter": 17.3,
        "EPS": -3685,
        "Non-adjusted EPS": -3685,
        "PE": -4.7,
        "Book Price": 3.8
      }
    },
    {
      "quarter": "Q1 2013",
      "income status": {
        "Net sales": 91599,
        "Cost of goods sold": 84727,
        "Gross Profit": 6872,
        "Financial expenses": 8428,
        "Of which: Interest expense": 8428,
        "Cost of sales": 3816,
        "Enterprise cost management": 2242,
        "Total Operating Expenses": 14486,
        "Total revenue financing activities": 3,
        "Net profit from business activities": -7610,
        "Profit": -258,
        "Profit before tax": -7868,
        "Present corporate income tax expenses": "N/A",
        "Deferred income taxes expenses": "N/A",
        "The interests of minority shareholders": "N/A",
        "Total Cost of profits": 0,
        "Profit after tax corporate income": -7868,
        "Volume": 4837430,
        "Close of Quarter": 16.9,
        "EPS": -4505,
        "Non-adjusted EPS": -4505,
        "PE": -3.8,
        "Book Price": 5.2
      }
    },
    {
      "quarter": "Q4 2012",
      "income status": {
        "Net sales": 112648,
        "Cost of goods sold": 105901,
        "Gross Profit": 6747,
        "Financial expenses": 8895,
        "Of which: Interest expense": 8876,
        "Cost of sales": -146,
        "Enterprise cost management": 3438,
        "Total Operating Expenses": 12187,
        "Total revenue financing activities": 27,
        "Net profit from business activities": -5415,
        "Profit": 4493,
        "Profit before tax": -921,
        "Present corporate income tax expenses": "N/A",
        "Deferred income taxes expenses": "N/A",
        "The interests of minority shareholders": "N/A",
        "Total Cost of profits": 0,
        "Profit after tax corporate income": -921,
        "Volume": 4837430,
        "Close of Quarter": 14.3,
        "EPS": -4073,
        "Non-adjusted EPS": -4073,
        "PE": -3.5,
        "Book Price": 6.9
      }
    },
    {
      "quarter": "Q3 2012",
      "income status": {
        "Net sales": 84655,
        "Cost of goods sold": 70347,
        "Gross Profit": 14309,
        "Financial expenses": 8469,
        "Of which: Interest expense": 8469,
        "Cost of sales": 5740,
        "Enterprise cost management": 1863,
        "Total Operating Expenses": 16072,
        "Total revenue financing activities": 1,
        "Net profit from business activities": -1762,
        "Profit": -91,
        "Profit before tax": -1853,
        "Present corporate income tax expenses": "N/A",
        "Deferred income taxes expenses": "N/A",
        "The interests of minority shareholders": "N/A",
        "Total Cost of profits": 0,
        "Profit after tax corporate income": -1853,
        "Volume": 4837430,
        "Close of Quarter": 11,
        "EPS": -5171,
        "Non-adjusted EPS": -5171,
        "PE": -2.1,
        "Book Price": 8
      }
    },
    {
      "quarter": "Q2 2012",
      "income status": {
        "Net sales": 81955,
        "Cost of goods sold": 78667,
        "Gross Profit": 3289,
        "Financial expenses": 10381,
        "Of which: Interest expense": 10381,
        "Cost of sales": 1152,
        "Enterprise cost management": 1967,
        "Total Operating Expenses": 13500,
        "Total revenue financing activities": 2,
        "Net profit from business activities": -10209,
        "Profit": -937,
        "Profit before tax": -11146,
        "Present corporate income tax expenses": 7,
        "Deferred income taxes expenses": "N/A",
        "The interests of minority shareholders": "N/A",
        "Total Cost of profits": 7,
        "Profit after tax corporate income": -11153,
        "Volume": 4837430,
        "Close of Quarter": 15.5,
        "EPS": -5975,
        "Non-adjusted EPS": -5975,
        "PE": -2.6,
        "Book Price": 8.3
      }
    },
    {
      "quarter": "Q1 2012",
      "income status": {
        "Net sales": 79880,
        "Cost of goods sold": 66509,
        "Gross Profit": 13371,
        "Financial expenses": 9360,
        "Of which: Interest expense": 9360,
        "Cost of sales": 7626,
        "Enterprise cost management": 2098,
        "Total Operating Expenses": 19084,
        "Total revenue financing activities": 5,
        "Net profit from business activities": -5709,
        "Profit": -68,
        "Profit before tax": -5777,
        "Present corporate income tax expenses": "N/A",
        "Deferred income taxes expenses": "N/A",
        "The interests of minority shareholders": "N/A",
        "Total Cost of profits": 0,
        "Profit after tax corporate income": -5777,
        "Volume": 4837430,
        "Close of Quarter": 12.3,
        "EPS": -4636,
        "Non-adjusted EPS": -4636,
        "PE": -2.7,
        "Book Price": 9.7
      }
    },
    {
      "quarter": "Q4 2011",
      "income status": {
        "Net sales": 94105,
        "Cost of goods sold": 81444,
        "Gross Profit": 12661,
        "Financial expenses": 11040,
        "Of which: Interest expense": 11040,
        "Cost of sales": 5915,
        "Enterprise cost management": 2940,
        "Total Operating Expenses": 19895,
        "Total revenue financing activities": 8,
        "Net profit from business activities": -7227,
        "Profit": 1698,
        "Profit before tax": -14163,
        "Present corporate income tax expenses": 703,
        "Deferred income taxes expenses": "N/A",
        "The interests of minority shareholders": "N/A",
        "Total Cost of profits": 703,
        "Profit after tax corporate income": -6232,
        "Volume": 4837430,
        "Close of Quarter": 19.2,
        "EPS": -3110,
        "Non-adjusted EPS": -3110,
        "PE": -6.2,
        "Book Price": 10.9
      }
    },
    {
      "quarter": "Q3 2011",
      "income status": {
        "Net sales": 83485,
        "Cost of goods sold": 68641,
        "Gross Profit": 14844,
        "Financial expenses": 12089,
        "Of which: Interest expense": 12089,
        "Cost of sales": 6437,
        "Enterprise cost management": 2242,
        "Total Operating Expenses": 20768,
        "Total revenue financing activities": 14,
        "Net profit from business activities": -5910,
        "Profit": 170,
        "Profit before tax": -8634,
        "Present corporate income tax expenses": "N/A",
        "Deferred income taxes expenses": "N/A",
        "The interests of minority shareholders": "N/A",
        "Total Cost of profits": 0,
        "Profit after tax corporate income": -5740,
        "Volume": 4837430,
        "Close of Quarter": 18.3,
        "EPS": -1706,
        "Non-adjusted EPS": -1706,
        "PE": -10.7,
        "Book Price": 12.2
      }
    },
    {
      "quarter": "Q2 2011",
      "income status": {
        "Net sales": 86308,
        "Cost of goods sold": 71234,
        "Gross Profit": 15074,
        "Financial expenses": 12794,
        "Of which: Interest expense": 12794,
        "Cost of sales": 6425,
        "Enterprise cost management": 2145,
        "Total Operating Expenses": 21364,
        "Total revenue financing activities": 28,
        "Net profit from business activities": -6261,
        "Profit": 1584,
        "Profit before tax": -4677,
        "Present corporate income tax expenses": "N/A",
        "Deferred income taxes expenses": "N/A",
        "The interests of minority shareholders": "N/A",
        "Total Cost of profits": 0,
        "Profit after tax corporate income": -4677,
        "Volume": 4837430,
        "Close of Quarter": 19.4,
        "EPS": -629,
        "Non-adjusted EPS": -629,
        "PE": -30.8,
        "Book Price": 13.4
      }
    },
    {
      "quarter": "Q1 2011",
      "income status": {
        "Net sales": 69305,
        "Cost of goods sold": 52886,
        "Gross Profit": 16418,
        "Financial expenses": 8353,
        "Of which: Interest expense": 8353,
        "Cost of sales": 4478,
        "Enterprise cost management": 1831,
        "Total Operating Expenses": 14662,
        "Total revenue financing activities": 28,
        "Net profit from business activities": 1784,
        "Profit": "N/A",
        "Profit before tax": 1784,
        "Present corporate income tax expenses": 178,
        "Deferred income taxes expenses": "N/A",
        "The interests of minority shareholders": "N/A",
        "Total Cost of profits": 178,
        "Profit after tax corporate income": 1606,
        "Volume": 4837430,
        "Close of Quarter": 24.6,
        "EPS": 352,
        "Non-adjusted EPS": 352,
        "PE": 69.9,
        "Book Price": 14.3
      }
    },
    {
      "quarter": "Q4 2010",
      "income status": {
        "Net sales": 87447,
        "Cost of goods sold": 70923,
        "Gross Profit": 16524,
        "Financial expenses": 8620,
        "Of which: Interest expense": 8620,
        "Cost of sales": 7924,
        "Enterprise cost management": 2391,
        "Total Operating Expenses": 18935,
        "Total revenue financing activities": 19,
        "Net profit from business activities": -2392,
        "Profit": 3078,
        "Profit before tax": 685,
        "Present corporate income tax expenses": 129,
        "Deferred income taxes expenses": "N/A",
        "The interests of minority shareholders": "N/A",
        "Total Cost of profits": 129,
        "Profit after tax corporate income": 557,
        "Volume": 4837430,
        "Close of Quarter": 15.5,
        "EPS": 433,
        "Non-adjusted EPS": 433,
        "PE": 35.8,
        "Book Price": 14.2
      }
    },
    {
      "quarter": "Q3 2010",
      "income status": {
        "Net sales": 66755,
        "Cost of goods sold": 53629,
        "Gross Profit": 13127,
        "Financial expenses": 8739,
        "Of which: Interest expense": 8739,
        "Cost of sales": 4639,
        "Enterprise cost management": 1667,
        "Total Operating Expenses": 15045,
        "Total revenue financing activities": 76,
        "Net profit from business activities": -1841,
        "Profit": 1311,
        "Profit before tax": -530,
        "Present corporate income tax expenses": "N/A",
        "Deferred income taxes expenses": "N/A",
        "The interests of minority shareholders": "N/A",
        "Total Cost of profits": 0,
        "Profit after tax corporate income": -530,
        "Volume": 4837430,
        "Close of Quarter": 23.9,
        "EPS": 854,
        "Non-adjusted EPS": 854,
        "PE": 28.0,
        "Book Price": 14.1
      }
    },
    {
      "quarter": "Q2 2010",
      "income status": {
        "Net sales": 77384,
        "Cost of goods sold": 61382,
        "Gross Profit": 16002,
        "Financial expenses": 8656,
        "Of which: Interest expense": 8656,
        "Cost of sales": 5588,
        "Enterprise cost management": 1860,
        "Total Operating Expenses": 16104,
        "Total revenue financing activities": 105,
        "Net profit from business activities": 3,
        "Profit": 74,
        "Profit before tax": 77,
        "Present corporate income tax expenses": 8,
        "Deferred income taxes expenses": "N/A",
        "The interests of minority shareholders": "N/A",
        "Total Cost of profits": 8,
        "Profit after tax corporate income": 69,
        "Volume": 4837430,
        "Close of Quarter": 32.6,
        "EPS": 1465,
        "Non-adjusted EPS": 1465,
        "PE": 22.3,
        "Book Price": 14.2
      }
    },
    {
      "quarter": "Q1 2010",
      "income status": {
        "Net sales": 67714,
        "Cost of goods sold": 50500,
        "Gross Profit": 17214,
        "Financial expenses": 6665,
        "Of which: Interest expense": 6665,
        "Cost of sales": 7314,
        "Enterprise cost management": 2315,
        "Total Operating Expenses": 16294,
        "Total revenue financing activities": 41,
        "Net profit from business activities": 961,
        "Profit": 1135,
        "Profit before tax": 2097,
        "Present corporate income tax expenses": 96,
        "Deferred income taxes expenses": "N/A",
        "The interests of minority shareholders": "N/A",
        "Total Cost of profits": 96,
        "Profit after tax corporate income": 2001,
        "Volume": 4837430,
        "Close of Quarter": 30.1,
        "EPS": 2006,
        "Non-adjusted EPS": 2006,
        "PE": 15,
        "Book Price": 15.5
      }
    },
    {
      "quarter": "Q4 2009",
      "income status": {
        "Net sales": 84790,
        "Cost of goods sold": 67515,
        "Gross Profit": 17275,
        "Financial expenses": 6384,
        "Of which: Interest expense": "N/A",
        "Cost of sales": 6769,
        "Enterprise cost management": 2019,
        "Total Operating Expenses": 15172,
        "Total revenue financing activities": 238,
        "Net profit from business activities": 2342,
        "Profit": 537,
        "Profit before tax": 2879,
        "Present corporate income tax expenses": 288,
        "Deferred income taxes expenses": "N/A",
        "The interests of minority shareholders": "N/A",
        "Total Cost of profits": 288,
        "Profit after tax corporate income": 2591,
        "Volume": 4837430,
        "Close of Quarter": 32.2,
        "EPS": 1800,
        "Non-adjusted EPS": 1800,
        "PE": 17.9,
        "Book Price": 15.3
      }
    },
    {
      "quarter": "Q3 2009",
      "income status": {
        "Net sales": 80650,
        "Cost of goods sold": 61469,
        "Gross Profit": 19181,
        "Financial expenses": 6402,
        "Of which: Interest expense": "N/A",
        "Cost of sales": 7969,
        "Enterprise cost management": 2620,
        "Total Operating Expenses": 16991,
        "Total revenue financing activities": 30,
        "Net profit from business activities": 2220,
        "Profit": 477,
        "Profit before tax": 2697,
        "Present corporate income tax expenses": 270,
        "Deferred income taxes expenses": "N/A",
        "The interests of minority shareholders": "N/A",
        "Total Cost of profits": 270,
        "Profit after tax corporate income": 2427,
        "Volume": 4837430,
        "Close of Quarter": 25,
        "EPS": 1275,
        "Non-adjusted EPS": 1275,
        "PE": 19.6,
        "Book Price": 14.9
      }
    },
    {
      "quarter": "Q2 2009",
      "income status": {
        "Net sales": 80117,
        "Cost of goods sold": 63759,
        "Gross Profit": 16358,
        "Financial expenses": 7185,
        "Of which: Interest expense": "N/A",
        "Cost of sales": 7691,
        "Enterprise cost management": 2177,
        "Total Operating Expenses": 17053,
        "Total revenue financing activities": 34,
        "Net profit from business activities": -661,
        "Profit": 3644,
        "Profit before tax": 2983,
        "Present corporate income tax expenses": 298,
        "Deferred income taxes expenses": "N/A",
        "The interests of minority shareholders": "N/A",
        "Total Cost of profits": 298,
        "Profit after tax corporate income": 2685,
        "Volume": 4837430,
        "Close of Quarter": 17.8,
        "EPS": 1112,
        "Non-adjusted EPS": 1112,
        "PE": 16.0,
        "Book Price": 14.4
      }
    },
    {
      "quarter": "Q1 2009",
      "income status": {
        "Net sales": 68566,
        "Cost of goods sold": 53269,
        "Gross Profit": 15298,
        "Financial expenses": 6781,
        "Of which: Interest expense": "N/A",
        "Cost of sales": 5609,
        "Enterprise cost management": 2084,
        "Total Operating Expenses": 14474,
        "Total revenue financing activities": 14,
        "Net profit from business activities": 837,
        "Profit": 277,
        "Profit before tax": 1113,
        "Present corporate income tax expenses": 111,
        "Deferred income taxes expenses": "N/A",
        "The interests of minority shareholders": "N/A",
        "Total Cost of profits": 111,
        "Profit after tax corporate income": 1002,
        "Volume": 4837430,
        "Close of Quarter": 14.8,
        "EPS": 1078,
        "Non-adjusted EPS": 1078,
        "PE": 13.7,
        "Book Price": 11.3
      }
    },
    {
      "quarter": "Q4 2008",
      "income status": {
        "Net sales": 67453,
        "Cost of goods sold": 49110,
        "Gross Profit": 18343,
        "Financial expenses": 11017,
        "Of which: Interest expense": "N/A",
        "Cost of sales": 5053,
        "Enterprise cost management": 2400,
        "Total Operating Expenses": 18470,
        "Total revenue financing activities": 14,
        "Net profit from business activities": -114,
        "Profit": 255,
        "Profit before tax": 141,
        "Present corporate income tax expenses": 86,
        "Deferred income taxes expenses": "N/A",
        "The interests of minority shareholders": "N/A",
        "Total Cost of profits": 86,
        "Profit after tax corporate income": 55,
        "Volume": 4837430,
        "Close of Quarter": 14.2,
        "EPS": 1154,
        "Non-adjusted EPS": 1154,
        "PE": 12.3,
        "Book Price": 11
      }
    },
    {
      "quarter": "Q3 2008",
      "income status": {
        "Net sales": 62750,
        "Cost of goods sold": 46439,
        "Gross Profit": 16311,
        "Financial expenses": 7789,
        "Of which: Interest expense": "N/A",
        "Cost of sales": 5474,
        "Enterprise cost management": 2091,
        "Total Operating Expenses": 15354,
        "Total revenue financing activities": 28,
        "Net profit from business activities": 984,
        "Profit": 833,
        "Profit before tax": 1817,
        "Present corporate income tax expenses": 182,
        "Deferred income taxes expenses": "N/A",
        "The interests of minority shareholders": "N/A",
        "Total Cost of profits": 182,
        "Profit after tax corporate income": 1635,
        "Volume": 4837430,
        "Close of Quarter": 27.7,
        "EPS": 1143,
        "Non-adjusted EPS": 1143,
        "PE": 24.2,
        "Book Price": 11.5
      }
    },
    {
      "quarter": "Q2 2008",
      "income status": {
        "Net sales": 60144,
        "Cost of goods sold": 46792,
        "Gross Profit": 13352,
        "Financial expenses": 3594,
        "Of which: Interest expense": 3370,
        "Cost of sales": 4944,
        "Enterprise cost management": 2035,
        "Total Operating Expenses": 10573,
        "Total revenue financing activities": 24,
        "Net profit from business activities": 2803,
        "Profit": "N/A",
        "Profit before tax": 2803,
        "Present corporate income tax expenses": 280,
        "Deferred income taxes expenses": "N/A",
        "The interests of minority shareholders": "N/A",
        "Total Cost of profits": 280,
        "Profit after tax corporate income": 2523,
        "Volume": 4837430,
        "Close of Quarter": 17.6,
        "EPS": 805,
        "Non-adjusted EPS": 805,
        "PE": 21.9,
        "Book Price": 7.1
      }
    },
    {
      "quarter": "Q1 2008",
      "income status": {
        "Net sales": 35328,
        "Cost of goods sold": 26630,
        "Gross Profit": 8698,
        "Financial expenses": 1676,
        "Of which: Interest expense": 1676,
        "Cost of sales": 3482,
        "Enterprise cost management": 2040,
        "Total Operating Expenses": 7198,
        "Total revenue financing activities": 9,
        "Net profit from business activities": 1509,
        "Profit": 12,
        "Profit before tax": 1521,
        "Present corporate income tax expenses": 152,
        "Deferred income taxes expenses": "N/A",
        "The interests of minority shareholders": "N/A",
        "Total Cost of profits": 152,
        "Profit after tax corporate income": 1369,
        "Volume": 4837430,
        "Close of Quarter": "N/A",
        "EPS": 283,
        "Non-adjusted EPS": 283,
        "PE": "N/A",
        "Book Price": 6.6
      }
    }
  ]
}