{
  "ticker": "ACB",
  "data": [
    {
      "quarter": "Q1 2017",
      "income status": {
        "Net sales": 1908067,
        "Cost of goods sold": 4647289,
        "Gross Profit": -2739222,
        "Financial expenses": 365781,
        "Of which: Interest expense": "N/A",
        "Cost of sales": 335144,
        "Enterprise cost management": 1473788,
        "Total Operating Expenses": 2174713,
        "Total revenue financing activities": 767830,
        "Net profit from business activities": 1202109,
        "Profit": -607321,
        "Profit before tax": 594788,
        "Present corporate income tax expenses": -116622,
        "Deferred income taxes expenses": "N/A",
        "The interests of minority shareholders": "N/A",
        "Total Cost of profits": -116622,
        "Profit after tax corporate income": 478166,
        "Volume": 999407901,
        "Close of Quarter": 24.5,
        "EPS": 1494,
        "Non-adjusted EPS": 1494,
        "PE": 16.4,
        "Book Price": 14.6
      }
    },
    {
      "quarter": "Q4 2016",
      "income status": {
        "Net sales": 1946263,
        "Cost of goods sold": 4556524,
        "Gross Profit": -2610261,
        "Financial expenses": 164724,
        "Of which: Interest expense": "N/A",
        "Cost of sales": 379873,
        "Enterprise cost management": 1188704,
        "Total Operating Expenses": 1733301,
        "Total revenue financing activities": 320110,
        "Net profit from business activities": 1077669,
        "Profit": -654940,
        "Profit before tax": 422729,
        "Present corporate income tax expenses": -94372,
        "Deferred income taxes expenses": "N/A",
        "The interests of minority shareholders": "N/A",
        "Total Cost of profits": -94372,
        "Profit after tax corporate income": 328357,
        "Volume": 909780511,
        "Close of Quarter": 17.6,
        "EPS": 1326.3,
        "Non-adjusted EPS": 1457,
        "PE": 12.1,
        "Book Price": 14.1
      }
    },
    {
      "quarter": "Q3 2016",
      "income status": {
        "Net sales": 1656977,
        "Cost of goods sold": 4142504,
        "Gross Profit": -2485527,
        "Financial expenses": 22006,
        "Of which: Interest expense": "N/A",
        "Cost of sales": 319368,
        "Enterprise cost management": 1243131,
        "Total Operating Expenses": 1584505,
        "Total revenue financing activities": 194137,
        "Net profit from business activities": 607983,
        "Profit": -192153,
        "Profit before tax": 415830,
        "Present corporate income tax expenses": -82008,
        "Deferred income taxes expenses": "N/A",
        "The interests of minority shareholders": "N/A",
        "Total Cost of profits": -82008,
        "Profit after tax corporate income": 333822,
        "Volume": 909780511,
        "Close of Quarter": 16.7,
        "EPS": 1173.4,
        "Non-adjusted EPS": 1289,
        "PE": 12.9,
        "Book Price": 13.8
      }
    },
    {
      "quarter": "Q2 2016",
      "income status": {
        "Net sales": 1707079,
        "Cost of goods sold": 4014125,
        "Gross Profit": -2307046,
        "Financial expenses": 48290,
        "Of which: Interest expense": "N/A",
        "Cost of sales": 306181,
        "Enterprise cost management": 1171007,
        "Total Operating Expenses": 1525478,
        "Total revenue financing activities": 40168,
        "Net profit from business activities": 576240,
        "Profit": -137047,
        "Profit before tax": 439193,
        "Present corporate income tax expenses": -86474,
        "Deferred income taxes expenses": "N/A",
        "The interests of minority shareholders": "N/A",
        "Total Cost of profits": -86474,
        "Profit after tax corporate income": 352719,
        "Volume": 909780511,
        "Close of Quarter": 17.3,
        "EPS": 1123.3,
        "Non-adjusted EPS": 1234,
        "PE": 14.0,
        "Book Price": 13.4
      }
    },
    {
      "quarter": "Q1 2016",
      "income status": {
        "Net sales": 1581570,
        "Cost of goods sold": 3735096,
        "Gross Profit": -2153526,
        "Financial expenses": 61265,
        "Of which: Interest expense": "N/A",
        "Cost of sales": 268709,
        "Enterprise cost management": 1075047,
        "Total Operating Expenses": 1405021,
        "Total revenue financing activities": 116174,
        "Net profit from business activities": 622697,
        "Profit": -233447,
        "Profit before tax": 389250,
        "Present corporate income tax expenses": -78974,
        "Deferred income taxes expenses": "N/A",
        "The interests of minority shareholders": "N/A",
        "Total Cost of profits": -78974,
        "Profit after tax corporate income": 310276,
        "Volume": 909780511,
        "Close of Quarter": 16.7,
        "EPS": 1060.5,
        "Non-adjusted EPS": 1165,
        "PE": 14.3,
        "Book Price": 13.1
      }
    },
    {
      "quarter": "Q4 2015",
      "income status": {
        "Net sales": 1654858,
        "Cost of goods sold": 3688052,
        "Gross Profit": -2033194,
        "Financial expenses": 116576,
        "Of which: Interest expense": "N/A",
        "Cost of sales": 286065,
        "Enterprise cost management": 731574,
        "Total Operating Expenses": 1134215,
        "Total revenue financing activities": -634214,
        "Net profit from business activities": 289070,
        "Profit": -65465,
        "Profit before tax": 223605,
        "Present corporate income tax expenses": -47921,
        "Deferred income taxes expenses": "N/A",
        "The interests of minority shareholders": "N/A",
        "Total Cost of profits": -47921,
        "Profit after tax corporate income": 175684,
        "Volume": 909780511,
        "Close of Quarter": 18.0,
        "EPS": 1030.5,
        "Non-adjusted EPS": 1132,
        "PE": 15.9,
        "Book Price": 12.8
      }
    },
    {
      "quarter": "Q3 2015",
      "income status": {
        "Net sales": 1471720,
        "Cost of goods sold": 3565615,
        "Gross Profit": -2093895,
        "Financial expenses": 74473,
        "Of which: Interest expense": "N/A",
        "Cost of sales": 270028,
        "Enterprise cost management": 1317054,
        "Total Operating Expenses": 1661555,
        "Total revenue financing activities": 532988,
        "Net profit from business activities": 687654,
        "Profit": -327986,
        "Profit before tax": 359668,
        "Present corporate income tax expenses": -75635,
        "Deferred income taxes expenses": "N/A",
        "The interests of minority shareholders": "N/A",
        "Total Cost of profits": -75635,
        "Profit after tax corporate income": 284033,
        "Volume": 909780511,
        "Close of Quarter": 17.7,
        "EPS": 969.5,
        "Non-adjusted EPS": 1065,
        "PE": 16.6,
        "Book Price": 12.7
      }
    },
    {
      "quarter": "Q2 2015",
      "income status": {
        "Net sales": 3428453,
        "Cost of goods sold": 2061092,
        "Gross Profit": 1367361,
        "Financial expenses": 1731,
        "Of which: Interest expense": "N/A",
        "Cost of sales": 73796,
        "Enterprise cost management": 969977,
        "Total Operating Expenses": 1045504,
        "Total revenue financing activities": 293285,
        "Net profit from business activities": 615142,
        "Profit": -243529,
        "Profit before tax": 371613,
        "Present corporate income tax expenses": -81722,
        "Deferred income taxes expenses": "N/A",
        "The interests of minority shareholders": "N/A",
        "Total Cost of profits": -81722,
        "Profit after tax corporate income": 289891,
        "Volume": 909780511,
        "Close of Quarter": 18.7,
        "EPS": 949.5,
        "Non-adjusted EPS": 1043,
        "PE": 17.9,
        "Book Price": 12.4
      }
    },
    {
      "quarter": "Q1 2015",
      "income status": {
        "Net sales": 3399672,
        "Cost of goods sold": 2010084,
        "Gross Profit": 1389588,
        "Financial expenses": 1089,
        "Of which: Interest expense": "N/A",
        "Cost of sales": 54196,
        "Enterprise cost management": 1003078,
        "Total Operating Expenses": 1058363,
        "Total revenue financing activities": 275515,
        "Net profit from business activities": 606740,
        "Profit": -247475,
        "Profit before tax": 359265,
        "Present corporate income tax expenses": -78551,
        "Deferred income taxes expenses": "N/A",
        "The interests of minority shareholders": "N/A",
        "Total Cost of profits": -78551,
        "Profit after tax corporate income": 280714,
        "Volume": 909780511,
        "Close of Quarter": 14.6,
        "EPS": 983.2,
        "Non-adjusted EPS": 1080,
        "PE": 13.5,
        "Book Price": 12.7
      }
    },
    {
      "quarter": "Q4 2014",
      "income status": {
        "Net sales": 3474648,
        "Cost of goods sold": 2129687,
        "Gross Profit": 1344961,
        "Financial expenses": 15171,
        "Of which: Interest expense": "N/A",
        "Cost of sales": 68058,
        "Enterprise cost management": 1149802,
        "Total Operating Expenses": 1233031,
        "Total revenue financing activities": 345363,
        "Net profit from business activities": 457293,
        "Profit": -312896,
        "Profit before tax": 144397,
        "Present corporate income tax expenses": -27672,
        "Deferred income taxes expenses": "N/A",
        "The interests of minority shareholders": "N/A",
        "Total Cost of profits": -27672,
        "Profit after tax corporate income": 114332,
        "Volume": 908576969,
        "Close of Quarter": 13.4,
        "EPS": 952.8,
        "Non-adjusted EPS": 1048,
        "PE": 12.8,
        "Book Price": 12.4
      }
    },
    {
      "quarter": "Q3 2014",
      "income status": {
        "Net sales": 3577301,
        "Cost of goods sold": 2579458,
        "Gross Profit": 997843,
        "Financial expenses": 36698,
        "Of which: Interest expense": "N/A",
        "Cost of sales": 62474,
        "Enterprise cost management": 910257,
        "Total Operating Expenses": 1009429,
        "Total revenue financing activities": 437720,
        "Net profit from business activities": 426134,
        "Profit": -85669,
        "Profit before tax": 340465,
        "Present corporate income tax expenses": -76271,
        "Deferred income taxes expenses": "N/A",
        "The interests of minority shareholders": "N/A",
        "Total Cost of profits": -76271,
        "Profit after tax corporate income": 264194,
        "Volume": 908576969,
        "Close of Quarter": 13.3,
        "EPS": 544.6,
        "Non-adjusted EPS": 599,
        "PE": 22.1,
        "Book Price": 12.6
      }
    },
    {
      "quarter": "Q2 2014",
      "income status": {
        "Net sales": 3616264,
        "Cost of goods sold": 2248411,
        "Gross Profit": 1367853,
        "Financial expenses": 2885,
        "Of which: Interest expense": "N/A",
        "Cost of sales": 63264,
        "Enterprise cost management": 852357,
        "Total Operating Expenses": 918506,
        "Total revenue financing activities": 371369,
        "Net profit from business activities": 820716,
        "Profit": -408430,
        "Profit before tax": 412286,
        "Present corporate income tax expenses": -86943,
        "Deferred income taxes expenses": 2085,
        "The interests of minority shareholders": "N/A",
        "Total Cost of profits": -84858,
        "Profit after tax corporate income": 323258,
        "Volume": 908576969,
        "Close of Quarter": 13.4,
        "EPS": 680.9,
        "Non-adjusted EPS": 749,
        "PE": 17.9,
        "Book Price": 12.3
      }
    },
    {
      "quarter": "Q1 2014",
      "income status": {
        "Net sales": 3384086,
        "Cost of goods sold": 2329110,
        "Gross Profit": 1054976,
        "Financial expenses": 2785,
        "Of which: Interest expense": "N/A",
        "Cost of sales": 56446,
        "Enterprise cost management": 951191,
        "Total Operating Expenses": 1010422,
        "Total revenue financing activities": 443993,
        "Net profit from business activities": 488547,
        "Profit": -170294,
        "Profit before tax": 318253,
        "Present corporate income tax expenses": -80207,
        "Deferred income taxes expenses": -11972,
        "The interests of minority shareholders": "N/A",
        "Total Cost of profits": -92179,
        "Profit after tax corporate income": 250018,
        "Volume": 920311833,
        "Close of Quarter": 14.3,
        "EPS": 768.0,
        "Non-adjusted EPS": 834,
        "PE": 17.1,
        "Book Price": 12.8
      }
    },
    {
      "quarter": "Q4 2013",
      "income status": {
        "Net sales": 3251298,
        "Cost of goods sold": 2364406,
        "Gross Profit": 886892,
        "Financial expenses": 198376,
        "Of which: Interest expense": "N/A",
        "Cost of sales": 65061,
        "Enterprise cost management": 1333952,
        "Total Operating Expenses": 1597389,
        "Total revenue financing activities": 6862,
        "Net profit from business activities": -306883,
        "Profit": -137583,
        "Profit before tax": -444466,
        "Present corporate income tax expenses": 141558,
        "Deferred income taxes expenses": -9782,
        "The interests of minority shareholders": "N/A",
        "Total Cost of profits": 131776,
        "Profit after tax corporate income": -293126,
        "Volume": 920311833,
        "Close of Quarter": 13,
        "EPS": 825.1,
        "Non-adjusted EPS": 896,
        "PE": 14.5,
        "Book Price": 12.5
      }
    },
    {
      "quarter": "Q3 2013",
      "income status": {
        "Net sales": 3855297,
        "Cost of goods sold": 2666673,
        "Gross Profit": 1188624,
        "Financial expenses": 200558,
        "Of which: Interest expense": "N/A",
        "Cost of sales": 57312,
        "Enterprise cost management": 954914,
        "Total Operating Expenses": 1212784,
        "Total revenue financing activities": 640289,
        "Net profit from business activities": 616129,
        "Profit": -82197,
        "Profit before tax": 533932,
        "Present corporate income tax expenses": -133109,
        "Deferred income taxes expenses": "N/A",
        "The interests of minority shareholders": "N/A",
        "Total Cost of profits": -133109,
        "Profit after tax corporate income": 400823,
        "Volume": 920311833,
        "Close of Quarter": 12.9,
        "EPS": 959.5,
        "Non-adjusted EPS": 1042,
        "PE": 12.4,
        "Book Price": 12.8
      }
    },
    {
      "quarter": "Q2 2013",
      "income status": {
        "Net sales": 3915141,
        "Cost of goods sold": 2836059,
        "Gross Profit": 1079082,
        "Financial expenses": 25257,
        "Of which: Interest expense": "N/A",
        "Cost of sales": 53727,
        "Enterprise cost management": 1001974,
        "Total Operating Expenses": 1080958,
        "Total revenue financing activities": 609542,
        "Net profit from business activities": 607666,
        "Profit": 56928,
        "Profit before tax": 550738,
        "Present corporate income tax expenses": -316737,
        "Deferred income taxes expenses": 457744,
        "The interests of minority shareholders": "N/A",
        "Total Cost of profits": 141007,
        "Profit after tax corporate income": 409731,
        "Volume": 936241008,
        "Close of Quarter": 13.4,
        "EPS": 37.5,
        "Non-adjusted EPS": 40,
        "PE": 335.3,
        "Book Price": 12.5
      }
    },
    {
      "quarter": "Q1 2013",
      "income status": {
        "Net sales": 4183337,
        "Cost of goods sold": 2951522,
        "Gross Profit": 1231815,
        "Financial expenses": 17499,
        "Of which: Interest expense": "N/A",
        "Cost of sales": 50123,
        "Enterprise cost management": 844465,
        "Total Operating Expenses": 912087,
        "Total revenue financing activities": 277182,
        "Net profit from business activities": 596910,
        "Profit": 202015,
        "Profit before tax": 394895,
        "Present corporate income tax expenses": 87865,
        "Deferred income taxes expenses": "N/A",
        "The interests of minority shareholders": "N/A",
        "Total Cost of profits": 87865,
        "Profit after tax corporate income": 307030,
        "Volume": 936241008,
        "Close of Quarter": 13.1,
        "EPS": 398.1,
        "Non-adjusted EPS": 425,
        "PE": 30.8,
        "Book Price": 12.9
      }
    },
    {
      "quarter": "Q4 2012",
      "income status": {
        "Net sales": 4504556,
        "Cost of goods sold": 2910160,
        "Gross Profit": 1594396,
        "Financial expenses": 14490,
        "Of which: Interest expense": "N/A",
        "Cost of sales": 60870,
        "Enterprise cost management": 1303101,
        "Total Operating Expenses": 1378461,
        "Total revenue financing activities": -521183,
        "Net profit from business activities": -305248,
        "Profit": -89862,
        "Profit before tax": -215386,
        "Present corporate income tax expenses": -56827,
        "Deferred income taxes expenses": "N/A",
        "The interests of minority shareholders": "N/A",
        "Total Cost of profits": -56827,
        "Profit after tax corporate income": -158559,
        "Volume": 935849684,
        "Close of Quarter": 13.2,
        "EPS": 928.9,
        "Non-adjusted EPS": 992,
        "PE": 13.3,
        "Book Price": 12.7
      }
    },
    {
      "quarter": "Q3 2012",
      "income status": {
        "Net sales": 5067660,
        "Cost of goods sold": 3462920,
        "Gross Profit": 1604740,
        "Financial expenses": 27389,
        "Of which: Interest expense": "N/A",
        "Cost of sales": 52590,
        "Enterprise cost management": 1007422,
        "Total Operating Expenses": 1087401,
        "Total revenue financing activities": -934699,
        "Net profit from business activities": -417360,
        "Profit": 274103,
        "Profit before tax": -691463,
        "Present corporate income tax expenses": -170793,
        "Deferred income taxes expenses": "N/A",
        "The interests of minority shareholders": "N/A",
        "Total Cost of profits": -170793,
        "Profit after tax corporate income": -520670,
        "Volume": 935849684,
        "Close of Quarter": 13.1,
        "EPS": 2448.7,
        "Non-adjusted EPS": 2615,
        "PE": 5.0,
        "Book Price": 13.0
      }
    },
    {
      "quarter": "Q2 2012",
      "income status": {
        "Net sales": 6334542,
        "Cost of goods sold": 4247661,
        "Gross Profit": 2086881,
        "Financial expenses": 24311,
        "Of which: Interest expense": "N/A",
        "Cost of sales": 53563,
        "Enterprise cost management": 1075075,
        "Total Operating Expenses": 1152949,
        "Total revenue financing activities": 256002,
        "Net profit from business activities": 1189934,
        "Profit": 183835,
        "Profit before tax": 1006099,
        "Present corporate income tax expenses": 233006,
        "Deferred income taxes expenses": 2679,
        "The interests of minority shareholders": "N/A",
        "Total Cost of profits": 235685,
        "Profit after tax corporate income": 770414,
        "Volume": 935849684,
        "Close of Quarter": 20.5,
        "EPS": 3628.6,
        "Non-adjusted EPS": 3875,
        "PE": 5.3,
        "Book Price": 13.4
      }
    },
    {
      "quarter": "Q1 2012",
      "income status": {
        "Net sales": 6389062,
        "Cost of goods sold": 4777386,
        "Gross Profit": 1611676,
        "Financial expenses": 29943,
        "Of which: Interest expense": "N/A",
        "Cost of sales": 47005,
        "Enterprise cost management": 851466,
        "Total Operating Expenses": 928414,
        "Total revenue financing activities": 538677,
        "Net profit from business activities": 1221939,
        "Profit": 119466,
        "Profit before tax": 1102473,
        "Present corporate income tax expenses": 265268,
        "Deferred income taxes expenses": "N/A",
        "The interests of minority shareholders": "N/A",
        "Total Cost of profits": 265268,
        "Profit after tax corporate income": 837205,
        "Volume": 935849684,
        "Close of Quarter": 19.7,
        "EPS": 3421.6,
        "Non-adjusted EPS": 3654,
        "PE": 5.4,
        "Book Price": 12.7
      }
    },
    {
      "quarter": "Q4 2011",
      "income status": {
        "Net sales": 7171498,
        "Cost of goods sold": 5137603,
        "Gross Profit": 2033895,
        "Financial expenses": 25378,
        "Of which: Interest expense": "N/A",
        "Cost of sales": 62500,
        "Enterprise cost management": 1066774,
        "Total Operating Expenses": 1154652,
        "Total revenue financing activities": 764604,
        "Net profit from business activities": 1643847,
        "Profit": 10190,
        "Profit before tax": 1654037,
        "Present corporate income tax expenses": 293886,
        "Deferred income taxes expenses": "N/A",
        "The interests of minority shareholders": "N/A",
        "Total Cost of profits": 293886,
        "Profit after tax corporate income": 1360151,
        "Volume": 933570390,
        "Close of Quarter": 15.7,
        "EPS": 3220.9,
        "Non-adjusted EPS": 3448,
        "PE": 4.6,
        "Book Price": 13.8
      }
    },
    {
      "quarter": "Q3 2011",
      "income status": {
        "Net sales": 6831577,
        "Cost of goods sold": 5223671,
        "Gross Profit": 1607906,
        "Financial expenses": 28561,
        "Of which: Interest expense": "N/A",
        "Cost of sales": 60412,
        "Enterprise cost management": 793307,
        "Total Operating Expenses": 882280,
        "Total revenue financing activities": 245105,
        "Net profit from business activities": 970731,
        "Profit": 91767,
        "Profit before tax": 878964,
        "Present corporate income tax expenses": 225552,
        "Deferred income taxes expenses": -5250,
        "The interests of minority shareholders": "N/A",
        "Total Cost of profits": 220302,
        "Profit after tax corporate income": 658662,
        "Volume": 933570390,
        "Close of Quarter": 15.7,
        "EPS": 2710.8,
        "Non-adjusted EPS": 2902,
        "PE": 5.4,
        "Book Price": 12.5
      }
    },
    {
      "quarter": "Q2 2011",
      "income status": {
        "Net sales": 6333721,
        "Cost of goods sold": 4644478,
        "Gross Profit": 1689243,
        "Financial expenses": 57199,
        "Of which: Interest expense": "N/A",
        "Cost of sales": 151909,
        "Enterprise cost management": 722503,
        "Total Operating Expenses": 931611,
        "Total revenue financing activities": 202043,
        "Net profit from business activities": 959675,
        "Profit": -137214,
        "Profit before tax": 822461,
        "Present corporate income tax expenses": -253613,
        "Deferred income taxes expenses": "N/A",
        "The interests of minority shareholders": "N/A",
        "Total Cost of profits": -253613,
        "Profit after tax corporate income": 563598,
        "Volume": 933570390,
        "Close of Quarter": 15.2,
        "EPS": 2531.5,
        "Non-adjusted EPS": 2710,
        "PE": 5.6,
        "Book Price": 12.1
      }
    },
    {
      "quarter": "Q1 2011",
      "income status": {
        "Net sales": 5116139,
        "Cost of goods sold": 3847628,
        "Gross Profit": 1268511,
        "Financial expenses": 94611,
        "Of which: Interest expense": "N/A",
        "Cost of sales": 38768,
        "Enterprise cost management": 564881,
        "Total Operating Expenses": 698260,
        "Total revenue financing activities": 369179,
        "Net profit from business activities": 939430,
        "Profit": -76004,
        "Profit before tax": 863426,
        "Present corporate income tax expenses": -227257,
        "Deferred income taxes expenses": "N/A",
        "The interests of minority shareholders": "N/A",
        "Total Cost of profits": -227257,
        "Profit after tax corporate income": 636169,
        "Volume": 933570390,
        "Close of Quarter": 16.1,
        "EPS": 2538.0,
        "Non-adjusted EPS": 2717,
        "PE": 5.9,
        "Book Price": 12.0
      }
    },
    {
      "quarter": "Q4 2010",
      "income status": {
        "Net sales": 4693068,
        "Cost of goods sold": 3384857,
        "Gross Profit": 1308211,
        "Financial expenses": 141426,
        "Of which: Interest expense": "N/A",
        "Cost of sales": 41056,
        "Enterprise cost management": 646044,
        "Total Operating Expenses": 828526,
        "Total revenue financing activities": 669889,
        "Net profit from business activities": 1149574,
        "Profit": -44655,
        "Profit before tax": 1104919,
        "Present corporate income tax expenses": -253787,
        "Deferred income taxes expenses": "N/A",
        "The interests of minority shareholders": "N/A",
        "Total Cost of profits": -253787,
        "Profit after tax corporate income": 851132,
        "Volume": 777975325,
        "Close of Quarter": 18.4,
        "EPS": 2340.8,
        "Non-adjusted EPS": 3007,
        "PE": 6.1,
        "Book Price": 11.4
      }
    },
    {
      "quarter": "Q3 2010",
      "income status": {
        "Net sales": 3859469,
        "Cost of goods sold": 2722308,
        "Gross Profit": 1137161,
        "Financial expenses": 27222,
        "Of which: Interest expense": "N/A",
        "Cost of sales": 32840,
        "Enterprise cost management": 570893,
        "Total Operating Expenses": 630955,
        "Total revenue financing activities": 235780,
        "Net profit from business activities": 741986,
        "Profit": -74795,
        "Profit before tax": 667191,
        "Present corporate income tax expenses": -188514,
        "Deferred income taxes expenses": "N/A",
        "The interests of minority shareholders": "N/A",
        "Total Cost of profits": -188514,
        "Profit after tax corporate income": 478677,
        "Volume": 777975325,
        "Close of Quarter": 17,
        "EPS": 2143.0,
        "Non-adjusted EPS": 2753,
        "PE": 6.2,
        "Book Price": 10.4
      }
    },
    {
      "quarter": "Q2 2010",
      "income status": {
        "Net sales": 3393979,
        "Cost of goods sold": 2390245,
        "Gross Profit": 1003734,
        "Financial expenses": 21544,
        "Of which: Interest expense": "N/A",
        "Cost of sales": 36136,
        "Enterprise cost management": 500705,
        "Total Operating Expenses": 558385,
        "Total revenue financing activities": 400709,
        "Net profit from business activities": 846058,
        "Profit": -90947,
        "Profit before tax": 755111,
        "Present corporate income tax expenses": -185574,
        "Deferred income taxes expenses": "N/A",
        "The interests of minority shareholders": "N/A",
        "Total Cost of profits": -185574,
        "Profit after tax corporate income": 570547,
        "Volume": 777975325,
        "Close of Quarter": 18.2,
        "EPS": 2160.9,
        "Non-adjusted EPS": 2776,
        "PE": 6.6,
        "Book Price": 10.0
      }
    },
    {
      "quarter": "Q1 2010",
      "income status": {
        "Net sales": 3024255,
        "Cost of goods sold": 2298875,
        "Gross Profit": 725380,
        "Financial expenses": 20090,
        "Of which: Interest expense": "N/A",
        "Cost of sales": 30675,
        "Enterprise cost management": 442378,
        "Total Operating Expenses": 493143,
        "Total revenue financing activities": 363204,
        "Net profit from business activities": 595441,
        "Profit": -17059,
        "Profit before tax": 578382,
        "Present corporate income tax expenses": -139720,
        "Deferred income taxes expenses": "N/A",
        "The interests of minority shareholders": "N/A",
        "Total Cost of profits": -139720,
        "Profit after tax corporate income": 438662,
        "Volume": 777975325,
        "Close of Quarter": 20.5,
        "EPS": 2275.4,
        "Non-adjusted EPS": 2923,
        "PE": 7,
        "Book Price": 9.3
      }
    },
    {
      "quarter": "Q4 2009",
      "income status": {
        "Net sales": "N/A",
        "Cost of goods sold": "N/A",
        "Gross Profit": "N/A",
        "Financial expenses": "N/A",
        "Of which: Interest expense": "N/A",
        "Cost of sales": "N/A",
        "Enterprise cost management": "N/A",
        "Total Operating Expenses": 0,
        "Total revenue financing activities": "N/A",
        "Net profit from business activities": "N/A",
        "Profit": "N/A",
        "Profit before tax": 845939,
        "Present corporate income tax expenses": "N/A",
        "Deferred income taxes expenses": "N/A",
        "The interests of minority shareholders": "N/A",
        "Total Cost of profits": 0,
        "Profit after tax corporate income": 653810,
        "Volume": 777975325,
        "Close of Quarter": 21.3,
        "EPS": 2196.8,
        "Non-adjusted EPS": 2822,
        "PE": 7.5,
        "Book Price": 10.1
      }
    },
    {
      "quarter": "Q3 2009",
      "income status": {
        "Net sales": "N/A",
        "Cost of goods sold": "N/A",
        "Gross Profit": "N/A",
        "Financial expenses": "N/A",
        "Of which: Interest expense": "N/A",
        "Cost of sales": "N/A",
        "Enterprise cost management": "N/A",
        "Total Operating Expenses": 0,
        "Total revenue financing activities": "N/A",
        "Net profit from business activities": "N/A",
        "Profit": "N/A",
        "Profit before tax": 641749,
        "Present corporate income tax expenses": "N/A",
        "Deferred income taxes expenses": "N/A",
        "The interests of minority shareholders": "N/A",
        "Total Cost of profits": 0,
        "Profit after tax corporate income": 496469,
        "Volume": 632165378,
        "Close of Quarter": 26.2,
        "EPS": 2557.4,
        "Non-adjusted EPS": 4043,
        "PE": 6.5,
        "Book Price": 9.9
      }
    },
    {
      "quarter": "Q2 2009",
      "income status": {
        "Net sales": 2153789,
        "Cost of goods sold": 1419352,
        "Gross Profit": 734437,
        "Financial expenses": "N/A",
        "Of which: Interest expense": "N/A",
        "Cost of sales": 28330,
        "Enterprise cost management": 440531,
        "Total Operating Expenses": 468861,
        "Total revenue financing activities": 668710,
        "Net profit from business activities": 944823,
        "Profit": 944823,
        "Profit before tax": 868056,
        "Present corporate income tax expenses": "N/A",
        "Deferred income taxes expenses": "N/A",
        "The interests of minority shareholders": "N/A",
        "Total Cost of profits": 0,
        "Profit after tax corporate income": 685331,
        "Volume": 632165378,
        "Close of Quarter": 27.7,
        "EPS": 2358.7,
        "Non-adjusted EPS": 3729,
        "PE": 7.4,
        "Book Price": 7.6
      }
    },
    {
      "quarter": "Q1 2009",
      "income status": {
        "Net sales": 1979902,
        "Cost of goods sold": 1463399,
        "Gross Profit": 516503,
        "Financial expenses": "N/A",
        "Of which: Interest expense": "N/A",
        "Cost of sales": 22204,
        "Enterprise cost management": 415685,
        "Total Operating Expenses": 437889,
        "Total revenue financing activities": 461569,
        "Net profit from business activities": 560951,
        "Profit": 560951,
        "Profit before tax": 462547,
        "Present corporate income tax expenses": "N/A",
        "Deferred income taxes expenses": "N/A",
        "The interests of minority shareholders": "N/A",
        "Total Cost of profits": 0,
        "Profit after tax corporate income": 359890,
        "Volume": 632165378,
        "Close of Quarter": 16.2,
        "EPS": 2129.8,
        "Non-adjusted EPS": 3367,
        "PE": 4.8,
        "Book Price": 7.5
      }
    },
    {
      "quarter": "Q4 2008",
      "income status": {
        "Net sales": 3898708,
        "Cost of goods sold": 2730838,
        "Gross Profit": 1167870,
        "Financial expenses": "N/A",
        "Of which: Interest expense": "N/A",
        "Cost of sales": "N/A",
        "Enterprise cost management": "N/A",
        "Total Operating Expenses": 0,
        "Total revenue financing activities": "N/A",
        "Net profit from business activities": "N/A",
        "Profit": "N/A",
        "Profit before tax": 1167870,
        "Present corporate income tax expenses": "N/A",
        "Deferred income taxes expenses": "N/A",
        "The interests of minority shareholders": "N/A",
        "Total Cost of profits": 0,
        "Profit after tax corporate income": 1013876,
        "Volume": 632165378,
        "Close of Quarter": 15,
        "EPS": 2208.2,
        "Non-adjusted EPS": 3491,
        "PE": 4.3,
        "Book Price": 7.8
      }
    },
    {
      "quarter": "Q3 2008",
      "income status": {
        "Net sales": 3201321,
        "Cost of goods sold": 2852986,
        "Gross Profit": "N/A",
        "Financial expenses": "N/A",
        "Of which: Interest expense": "N/A",
        "Cost of sales": "N/A",
        "Enterprise cost management": "N/A",
        "Total Operating Expenses": 0,
        "Total revenue financing activities": "N/A",
        "Net profit from business activities": "N/A",
        "Profit": "N/A",
        "Profit before tax": 348335,
        "Present corporate income tax expenses": "N/A",
        "Deferred income taxes expenses": "N/A",
        "The interests of minority shareholders": "N/A",
        "Total Cost of profits": 0,
        "Profit after tax corporate income": 298434,
        "Volume": 263005996,
        "Close of Quarter": 18.9,
        "EPS": 1193.7,
        "Non-adjusted EPS": 4536,
        "PE": 4.2,
        "Book Price": 7.3
      }
    },
    {
      "quarter": "Q2 2008",
      "income status": {
        "Net sales": 2702697,
        "Cost of goods sold": 2174876,
        "Gross Profit": "N/A",
        "Financial expenses": "N/A",
        "Of which: Interest expense": "N/A",
        "Cost of sales": "N/A",
        "Enterprise cost management": "N/A",
        "Total Operating Expenses": 0,
        "Total revenue financing activities": "N/A",
        "Net profit from business activities": "N/A",
        "Profit": "N/A",
        "Profit before tax": 527821,
        "Present corporate income tax expenses": "N/A",
        "Deferred income taxes expenses": "N/A",
        "The interests of minority shareholders": "N/A",
        "Total Cost of profits": 0,
        "Profit after tax corporate income": 456146,
        "Volume": 263005996,
        "Close of Quarter": 11.5,
        "EPS": 895.0,
        "Non-adjusted EPS": 3401,
        "PE": 3.4,
        "Book Price": "N/A"
      }
    },
    {
      "quarter": "Q1 2008",
      "income status": {
        "Net sales": 1820617,
        "Cost of goods sold": 1264914,
        "Gross Profit": "N/A",
        "Financial expenses": "N/A",
        "Of which: Interest expense": "N/A",
        "Cost of sales": 15712,
        "Enterprise cost management": 272734,
        "Total Operating Expenses": 288446,
        "Total revenue financing activities": 293442,
        "Net profit from business activities": "N/A",
        "Profit": "N/A",
        "Profit before tax": 512842,
        "Present corporate income tax expenses": "N/A",
        "Deferred income taxes expenses": "N/A",
        "The interests of minority shareholders": "N/A",
        "Total Cost of profits": 0,
        "Profit after tax corporate income": 438464,
        "Volume": 263005996,
        "Close of Quarter": 22.1,
        "EPS": 438.7,
        "Non-adjusted EPS": 1667,
        "PE": 13.3,
        "Book Price": 6.7
      }
    }
  ]
}