{
  "ticker": "VTC",
  "data": [
    {
      "quarter": "Q1 2017",
      "income status": {
        "Net sales": 55832,
        "Cost of goods sold": 47290,
        "Gross Profit": 8542,
        "Financial expenses": 1780,
        "Of which: Interest expense": 1352,
        "Cost of sales": 3836,
        "Enterprise cost management": 2970,
        "Total Operating Expenses": 8586,
        "Total revenue financing activities": 534,
        "Net profit from business activities": 491,
        "Profit": -213,
        "Profit before tax": 277,
        "Present corporate income tax expenses": 638,
        "Deferred income taxes expenses": 1,
        "The interests of minority shareholders": 1020,
        "Total Cost of profits": 1659,
        "Profit after tax corporate income": -1382,
        "Volume": 4534696,
        "Close of Quarter": 9.2,
        "EPS": 584,
        "Non-adjusted EPS": 584,
        "PE": 15.8,
        "Book Price": 17.3
      }
    },
    {
      "quarter": "Q4 2016",
      "income status": {
        "Net sales": 204066,
        "Cost of goods sold": 176025,
        "Gross Profit": 28041,
        "Financial expenses": 5637,
        "Of which: Interest expense": 3343,
        "Cost of sales": 7862,
        "Enterprise cost management": 8360,
        "Total Operating Expenses": 21859,
        "Total revenue financing activities": 1236,
        "Net profit from business activities": 7237,
        "Profit": 2446,
        "Profit before tax": 9684,
        "Present corporate income tax expenses": 1460,
        "Deferred income taxes expenses": 4,
        "The interests of minority shareholders": 2253,
        "Total Cost of profits": 3717,
        "Profit after tax corporate income": 5966,
        "Volume": 4534696,
        "Close of Quarter": 10.1,
        "EPS": 552,
        "Non-adjusted EPS": 552,
        "PE": 18.2,
        "Book Price": 19
      }
    },
    {
      "quarter": "Q3 2016",
      "income status": {
        "Net sales": 92880,
        "Cost of goods sold": 81846,
        "Gross Profit": 11034,
        "Financial expenses": 2459,
        "Of which: Interest expense": 2297,
        "Cost of sales": 3765,
        "Enterprise cost management": 3008,
        "Total Operating Expenses": 9232,
        "Total revenue financing activities": 192,
        "Net profit from business activities": 2038,
        "Profit": 497,
        "Profit before tax": 2535,
        "Present corporate income tax expenses": 354,
        "Deferred income taxes expenses": 1,
        "The interests of minority shareholders": 528,
        "Total Cost of profits": 883,
        "Profit after tax corporate income": 1652,
        "Volume": 4534696,
        "Close of Quarter": 8.2,
        "EPS": 1917,
        "Non-adjusted EPS": 1917,
        "PE": 4.3,
        "Book Price": 16.7
      }
    },
    {
      "quarter": "Q2 2016",
      "income status": {
        "Net sales": 30366,
        "Cost of goods sold": 23513,
        "Gross Profit": 6853,
        "Financial expenses": 1921,
        "Of which: Interest expense": 1181,
        "Cost of sales": 3534,
        "Enterprise cost management": 3384,
        "Total Operating Expenses": 8839,
        "Total revenue financing activities": 282,
        "Net profit from business activities": -1518,
        "Profit": 1,
        "Profit before tax": -1517,
        "Present corporate income tax expenses": 797,
        "Deferred income taxes expenses": 7,
        "The interests of minority shareholders": 1267,
        "Total Cost of profits": 2071,
        "Profit after tax corporate income": -3588,
        "Volume": 4534696,
        "Close of Quarter": 7.1,
        "EPS": 1396,
        "Non-adjusted EPS": 1396,
        "PE": 5.1,
        "Book Price": 16.2
      }
    },
    {
      "quarter": "Q1 2016",
      "income status": {
        "Net sales": 14621,
        "Cost of goods sold": 10379,
        "Gross Profit": 4242,
        "Financial expenses": 353,
        "Of which: Interest expense": 286,
        "Cost of sales": 2599,
        "Enterprise cost management": 2243,
        "Total Operating Expenses": 5195,
        "Total revenue financing activities": 120,
        "Net profit from business activities": -732,
        "Profit": "N/A",
        "Profit before tax": -733,
        "Present corporate income tax expenses": 305,
        "Deferred income taxes expenses": 1,
        "The interests of minority shareholders": 489,
        "Total Cost of profits": 795,
        "Profit after tax corporate income": -1529,
        "Volume": 4534696,
        "Close of Quarter": 7.2,
        "EPS": 2015,
        "Non-adjusted EPS": 2015,
        "PE": 3.6,
        "Book Price": 17.1
      }
    },
    {
      "quarter": "Q4 2015",
      "income status": {
        "Net sales": 60814,
        "Cost of goods sold": 42657,
        "Gross Profit": 18157,
        "Financial expenses": 374,
        "Of which: Interest expense": 288,
        "Cost of sales": 2330,
        "Enterprise cost management": 3043,
        "Total Operating Expenses": 5747,
        "Total revenue financing activities": 61,
        "Net profit from business activities": 12789,
        "Profit": -28,
        "Profit before tax": 12761,
        "Present corporate income tax expenses": 270,
        "Deferred income taxes expenses": 1,
        "The interests of minority shareholders": 332,
        "Total Cost of profits": 603,
        "Profit after tax corporate income": 12157,
        "Volume": 4534696,
        "Close of Quarter": 5.1,
        "EPS": 1589,
        "Non-adjusted EPS": 1589,
        "PE": 3.2,
        "Book Price": 17.3
      }
    },
    {
      "quarter": "Q3 2015",
      "income status": {
        "Net sales": 18247,
        "Cost of goods sold": 12770,
        "Gross Profit": 5477,
        "Financial expenses": 303,
        "Of which: Interest expense": 315,
        "Cost of sales": 2982,
        "Enterprise cost management": 1914,
        "Total Operating Expenses": 5199,
        "Total revenue financing activities": 57,
        "Net profit from business activities": 599,
        "Profit": -118,
        "Profit before tax": 481,
        "Present corporate income tax expenses": 514,
        "Deferred income taxes expenses": 1,
        "The interests of minority shareholders": 675,
        "Total Cost of profits": 1190,
        "Profit after tax corporate income": -709,
        "Volume": 4534696,
        "Close of Quarter": 5.7,
        "EPS": 278,
        "Non-adjusted EPS": 278,
        "PE": 20.4,
        "Book Price": 14.7
      }
    },
    {
      "quarter": "Q2 2015",
      "income status": {
        "Net sales": 21194,
        "Cost of goods sold": 14597,
        "Gross Profit": 6597,
        "Financial expenses": 316,
        "Of which: Interest expense": 283,
        "Cost of sales": 3736,
        "Enterprise cost management": 2697,
        "Total Operating Expenses": 6749,
        "Total revenue financing activities": 954,
        "Net profit from business activities": 821,
        "Profit": -69,
        "Profit before tax": 752,
        "Present corporate income tax expenses": 668,
        "Deferred income taxes expenses": 11,
        "The interests of minority shareholders": 852,
        "Total Cost of profits": 1531,
        "Profit after tax corporate income": -780,
        "Volume": 4534696,
        "Close of Quarter": 5.8,
        "EPS": 326,
        "Non-adjusted EPS": 326,
        "PE": 17.7,
        "Book Price": 14.8
      }
    },
    {
      "quarter": "Q1 2015",
      "income status": {
        "Net sales": 8418,
        "Cost of goods sold": 6076,
        "Gross Profit": 2342,
        "Financial expenses": 319,
        "Of which: Interest expense": 293,
        "Cost of sales": 3160,
        "Enterprise cost management": 2148,
        "Total Operating Expenses": 5627,
        "Total revenue financing activities": 86,
        "Net profit from business activities": -3253,
        "Profit": -1,
        "Profit before tax": -3254,
        "Present corporate income tax expenses": 119,
        "Deferred income taxes expenses": "N/A",
        "The interests of minority shareholders": 91,
        "Total Cost of profits": 210,
        "Profit after tax corporate income": -3464,
        "Volume": 4534696,
        "Close of Quarter": 5.2,
        "EPS": -23,
        "Non-adjusted EPS": -23,
        "PE": -227.0,
        "Book Price": 14.9
      }
    },
    {
      "quarter": "Q4 2014",
      "income status": {
        "Net sales": 65744,
        "Cost of goods sold": 50206,
        "Gross Profit": 15538,
        "Financial expenses": 384,
        "Of which: Interest expense": 337,
        "Cost of sales": 3888,
        "Enterprise cost management": 2467,
        "Total Operating Expenses": 6739,
        "Total revenue financing activities": 55,
        "Net profit from business activities": 9190,
        "Profit": 1334,
        "Profit before tax": 10524,
        "Present corporate income tax expenses": 1070,
        "Deferred income taxes expenses": "N/A",
        "The interests of minority shareholders": 3240,
        "Total Cost of profits": 4310,
        "Profit after tax corporate income": 6215,
        "Volume": 4534696,
        "Close of Quarter": 4.6,
        "EPS": 480,
        "Non-adjusted EPS": 480,
        "PE": 9.5,
        "Book Price": 15.6
      }
    },
    {
      "quarter": "Q3 2014",
      "income status": {
        "Net sales": 13102,
        "Cost of goods sold": 9030,
        "Gross Profit": 4072,
        "Financial expenses": 120,
        "Of which: Interest expense": 120,
        "Cost of sales": 2494,
        "Enterprise cost management": 1989,
        "Total Operating Expenses": 4603,
        "Total revenue financing activities": 14,
        "Net profit from business activities": -474,
        "Profit": 133,
        "Profit before tax": -341,
        "Present corporate income tax expenses": 84,
        "Deferred income taxes expenses": 13,
        "The interests of minority shareholders": 55,
        "Total Cost of profits": 152,
        "Profit after tax corporate income": -493,
        "Volume": 4534696,
        "Close of Quarter": 4.6,
        "EPS": -45,
        "Non-adjusted EPS": -45,
        "PE": -101.8,
        "Book Price": 13.5
      }
    },
    {
      "quarter": "Q2 2014",
      "income status": {
        "Net sales": 8620,
        "Cost of goods sold": 7090,
        "Gross Profit": 1530,
        "Financial expenses": 78,
        "Of which: Interest expense": 77,
        "Cost of sales": 1688,
        "Enterprise cost management": 2423,
        "Total Operating Expenses": 4189,
        "Total revenue financing activities": 88,
        "Net profit from business activities": -2413,
        "Profit": -8,
        "Profit before tax": -2421,
        "Present corporate income tax expenses": -8,
        "Deferred income taxes expenses": 26,
        "The interests of minority shareholders": -77,
        "Total Cost of profits": -59,
        "Profit after tax corporate income": -2362,
        "Volume": 4534696,
        "Close of Quarter": 4.5,
        "EPS": 120,
        "Non-adjusted EPS": 120,
        "PE": 37.4,
        "Book Price": 13.6
      }
    },
    {
      "quarter": "Q1 2014",
      "income status": {
        "Net sales": 20373,
        "Cost of goods sold": 15836,
        "Gross Profit": 4537,
        "Financial expenses": 75,
        "Of which: Interest expense": 70,
        "Cost of sales": 2151,
        "Enterprise cost management": 2497,
        "Total Operating Expenses": 4723,
        "Total revenue financing activities": 56,
        "Net profit from business activities": -39,
        "Profit": -151,
        "Profit before tax": -189,
        "Present corporate income tax expenses": 434,
        "Deferred income taxes expenses": "N/A",
        "The interests of minority shareholders": 561,
        "Total Cost of profits": 995,
        "Profit after tax corporate income": -1185,
        "Volume": 4534696,
        "Close of Quarter": 5.0,
        "EPS": 464,
        "Non-adjusted EPS": 464,
        "PE": 10.9,
        "Book Price": 14.3
      }
    },
    {
      "quarter": "Q4 2013",
      "income status": {
        "Net sales": 22711,
        "Cost of goods sold": 15416,
        "Gross Profit": 7295,
        "Financial expenses": 158,
        "Of which: Interest expense": 157,
        "Cost of sales": 1988,
        "Enterprise cost management": 1663,
        "Total Operating Expenses": 3809,
        "Total revenue financing activities": 36,
        "Net profit from business activities": 3522,
        "Profit": 381,
        "Profit before tax": 4015,
        "Present corporate income tax expenses": 87,
        "Deferred income taxes expenses": "N/A",
        "The interests of minority shareholders": 92,
        "Total Cost of profits": 179,
        "Profit after tax corporate income": 3836,
        "Volume": 4534696,
        "Close of Quarter": 2.6,
        "EPS": 167,
        "Non-adjusted EPS": 167,
        "PE": 15.3,
        "Book Price": 10.6
      }
    },
    {
      "quarter": "Q3 2013",
      "income status": {
        "Net sales": 28754,
        "Cost of goods sold": 23999,
        "Gross Profit": 4754,
        "Financial expenses": 197,
        "Of which: Interest expense": 116,
        "Cost of sales": 2437,
        "Enterprise cost management": 1996,
        "Total Operating Expenses": 4630,
        "Total revenue financing activities": 1217,
        "Net profit from business activities": 1341,
        "Profit": -384,
        "Profit before tax": 1074,
        "Present corporate income tax expenses": 373,
        "Deferred income taxes expenses": -10,
        "The interests of minority shareholders": 454,
        "Total Cost of profits": 817,
        "Profit after tax corporate income": 257,
        "Volume": 4534696,
        "Close of Quarter": 2.4,
        "EPS": -86,
        "Non-adjusted EPS": -86,
        "PE": -27.7,
        "Book Price": 9.8
      }
    },
    {
      "quarter": "Q2 2013",
      "income status": {
        "Net sales": 29601,
        "Cost of goods sold": 23303,
        "Gross Profit": 6297,
        "Financial expenses": 43,
        "Of which: Interest expense": 13,
        "Cost of sales": 2044,
        "Enterprise cost management": 2491,
        "Total Operating Expenses": 4578,
        "Total revenue financing activities": 46,
        "Net profit from business activities": 1765,
        "Profit": -222,
        "Profit before tax": 1611,
        "Present corporate income tax expenses": 833,
        "Deferred income taxes expenses": 354,
        "The interests of minority shareholders": 1230,
        "Total Cost of profits": 2417,
        "Profit after tax corporate income": -805,
        "Volume": 4534696,
        "Close of Quarter": 2.7,
        "EPS": -463,
        "Non-adjusted EPS": -463,
        "PE": -5.8,
        "Book Price": 10
      }
    },
    {
      "quarter": "Q1 2013",
      "income status": {
        "Net sales": 7901,
        "Cost of goods sold": 6894,
        "Gross Profit": 1007,
        "Financial expenses": 37,
        "Of which: Interest expense": 36,
        "Cost of sales": 1934,
        "Enterprise cost management": 1901,
        "Total Operating Expenses": 3872,
        "Total revenue financing activities": 103,
        "Net profit from business activities": -2762,
        "Profit": 242,
        "Profit before tax": -2458,
        "Present corporate income tax expenses": 180,
        "Deferred income taxes expenses": -326,
        "The interests of minority shareholders": 219,
        "Total Cost of profits": 73,
        "Profit after tax corporate income": -2531,
        "Volume": 4534696,
        "Close of Quarter": 2.3,
        "EPS": -533,
        "Non-adjusted EPS": -533,
        "PE": -4.3,
        "Book Price": 10
      }
    },
    {
      "quarter": "Q4 2012",
      "income status": {
        "Net sales": 24477,
        "Cost of goods sold": 17094,
        "Gross Profit": 7382,
        "Financial expenses": 56,
        "Of which: Interest expense": 22,
        "Cost of sales": 2737,
        "Enterprise cost management": 2259,
        "Total Operating Expenses": 5052,
        "Total revenue financing activities": 39,
        "Net profit from business activities": 2369,
        "Profit": 497,
        "Profit before tax": 3483,
        "Present corporate income tax expenses": 152,
        "Deferred income taxes expenses": 26,
        "The interests of minority shareholders": 616,
        "Total Cost of profits": 794,
        "Profit after tax corporate income": 2689,
        "Volume": 4534696,
        "Close of Quarter": 2.5,
        "EPS": -702,
        "Non-adjusted EPS": -702,
        "PE": -3.5,
        "Book Price": 10.6
      }
    },
    {
      "quarter": "Q3 2012",
      "income status": {
        "Net sales": 17165,
        "Cost of goods sold": 14250,
        "Gross Profit": 2916,
        "Financial expenses": 232,
        "Of which: Interest expense": 226,
        "Cost of sales": 1884,
        "Enterprise cost management": 1768,
        "Total Operating Expenses": 3884,
        "Total revenue financing activities": 84,
        "Net profit from business activities": -884,
        "Profit": 4,
        "Profit before tax": -1147,
        "Present corporate income tax expenses": 146,
        "Deferred income taxes expenses": 26,
        "The interests of minority shareholders": 132,
        "Total Cost of profits": 304,
        "Profit after tax corporate income": -1451,
        "Volume": 4534696,
        "Close of Quarter": 2.6,
        "EPS": -1427,
        "Non-adjusted EPS": -1427,
        "PE": -1.8,
        "Book Price": 10.4
      }
    },
    {
      "quarter": "Q2 2012",
      "income status": {
        "Net sales": 22337,
        "Cost of goods sold": 17462,
        "Gross Profit": 4875,
        "Financial expenses": 269,
        "Of which: Interest expense": 249,
        "Cost of sales": 1893,
        "Enterprise cost management": 1789,
        "Total Operating Expenses": 3951,
        "Total revenue financing activities": 48,
        "Net profit from business activities": 972,
        "Profit": -1005,
        "Profit before tax": -294,
        "Present corporate income tax expenses": 341,
        "Deferred income taxes expenses": -18,
        "The interests of minority shareholders": 505,
        "Total Cost of profits": 828,
        "Profit after tax corporate income": -1122,
        "Volume": 4534696,
        "Close of Quarter": 2.7,
        "EPS": -964,
        "Non-adjusted EPS": -964,
        "PE": -2.8,
        "Book Price": 10.1
      }
    },
    {
      "quarter": "Q1 2012",
      "income status": {
        "Net sales": 12620,
        "Cost of goods sold": 11851,
        "Gross Profit": 769,
        "Financial expenses": 217,
        "Of which: Interest expense": 204,
        "Cost of sales": 1328,
        "Enterprise cost management": 1985,
        "Total Operating Expenses": 3530,
        "Total revenue financing activities": 116,
        "Net profit from business activities": -2645,
        "Profit": -712,
        "Profit before tax": -3377,
        "Present corporate income tax expenses": 90,
        "Deferred income taxes expenses": "N/A",
        "The interests of minority shareholders": -169,
        "Total Cost of profits": -79,
        "Profit after tax corporate income": -3298,
        "Volume": 4534696,
        "Close of Quarter": 3.0,
        "EPS": -1609,
        "Non-adjusted EPS": -1609,
        "PE": -1.9,
        "Book Price": 10.4
      }
    },
    {
      "quarter": "Q4 2011",
      "income status": {
        "Net sales": 32370,
        "Cost of goods sold": 25913,
        "Gross Profit": 6457,
        "Financial expenses": 456,
        "Of which: Interest expense": 381,
        "Cost of sales": 2405,
        "Enterprise cost management": 3059,
        "Total Operating Expenses": 5920,
        "Total revenue financing activities": 55,
        "Net profit from business activities": 592,
        "Profit": -61,
        "Profit before tax": 1035,
        "Present corporate income tax expenses": 259,
        "Deferred income taxes expenses": 1,
        "The interests of minority shareholders": 1378,
        "Total Cost of profits": 1638,
        "Profit after tax corporate income": -602,
        "Volume": 4534696,
        "Close of Quarter": 2.3,
        "EPS": -1663,
        "Non-adjusted EPS": -1663,
        "PE": -1.4,
        "Book Price": 11.2
      }
    },
    {
      "quarter": "Q3 2011",
      "income status": {
        "Net sales": 18671,
        "Cost of goods sold": 13108,
        "Gross Profit": 5563,
        "Financial expenses": 350,
        "Of which: Interest expense": 301,
        "Cost of sales": 1837,
        "Enterprise cost management": 2241,
        "Total Operating Expenses": 4428,
        "Total revenue financing activities": 54,
        "Net profit from business activities": 1189,
        "Profit": 136,
        "Profit before tax": -7147,
        "Present corporate income tax expenses": "N/A",
        "Deferred income taxes expenses": 1,
        "The interests of minority shareholders": 480,
        "Total Cost of profits": 481,
        "Profit after tax corporate income": 650,
        "Volume": 4534696,
        "Close of Quarter": 3.5,
        "EPS": -19,
        "Non-adjusted EPS": -19,
        "PE": -183.2,
        "Book Price": 11.5
      }
    },
    {
      "quarter": "Q2 2011",
      "income status": {
        "Net sales": 7226,
        "Cost of goods sold": 7990,
        "Gross Profit": -764,
        "Financial expenses": 474,
        "Of which: Interest expense": 338,
        "Cost of sales": 1729,
        "Enterprise cost management": 2482,
        "Total Operating Expenses": 4685,
        "Total revenue financing activities": 404,
        "Net profit from business activities": -5045,
        "Profit": 122,
        "Profit before tax": -5117,
        "Present corporate income tax expenses": "N/A",
        "Deferred income taxes expenses": 1,
        "The interests of minority shareholders": -1070,
        "Total Cost of profits": -1069,
        "Profit after tax corporate income": -4048,
        "Volume": 4534696,
        "Close of Quarter": 4.3,
        "EPS": -279,
        "Non-adjusted EPS": -279,
        "PE": -15.4,
        "Book Price": 11.1
      }
    },
    {
      "quarter": "Q1 2011",
      "income status": {
        "Net sales": 3457,
        "Cost of goods sold": 3719,
        "Gross Profit": -261,
        "Financial expenses": 308,
        "Of which: Interest expense": 255,
        "Cost of sales": 1556,
        "Enterprise cost management": 2230,
        "Total Operating Expenses": 4094,
        "Total revenue financing activities": 209,
        "Net profit from business activities": -4147,
        "Profit": 11,
        "Profit before tax": -4273,
        "Present corporate income tax expenses": -1,
        "Deferred income taxes expenses": "N/A",
        "The interests of minority shareholders": -729,
        "Total Cost of profits": -730,
        "Profit after tax corporate income": -3543,
        "Volume": 4534696,
        "Close of Quarter": 5.0,
        "EPS": 70,
        "Non-adjusted EPS": 70,
        "PE": 70.7,
        "Book Price": 12
      }
    },
    {
      "quarter": "Q4 2010",
      "income status": {
        "Net sales": 31552,
        "Cost of goods sold": 19758,
        "Gross Profit": 11794,
        "Financial expenses": 414,
        "Of which: Interest expense": 367,
        "Cost of sales": 2098,
        "Enterprise cost management": 2637,
        "Total Operating Expenses": 5149,
        "Total revenue financing activities": 22,
        "Net profit from business activities": 6667,
        "Profit": 293,
        "Profit before tax": 7162,
        "Present corporate income tax expenses": 88,
        "Deferred income taxes expenses": "N/A",
        "The interests of minority shareholders": 219,
        "Total Cost of profits": 307,
        "Profit after tax corporate income": 6855,
        "Volume": 4534696,
        "Close of Quarter": 7.0,
        "EPS": 149,
        "Non-adjusted EPS": 149,
        "PE": 46.7,
        "Book Price": 12.8
      }
    },
    {
      "quarter": "Q3 2010",
      "income status": {
        "Net sales": 17356,
        "Cost of goods sold": 12308,
        "Gross Profit": 5048,
        "Financial expenses": 534,
        "Of which: Interest expense": 523,
        "Cost of sales": 1707,
        "Enterprise cost management": 2701,
        "Total Operating Expenses": 4942,
        "Total revenue financing activities": 87,
        "Net profit from business activities": 193,
        "Profit": "N/A",
        "Profit before tax": -1,
        "Present corporate income tax expenses": "N/A",
        "Deferred income taxes expenses": "N/A",
        "The interests of minority shareholders": 530,
        "Total Cost of profits": 530,
        "Profit after tax corporate income": -531,
        "Volume": 4534696,
        "Close of Quarter": 8.7,
        "EPS": -51,
        "Non-adjusted EPS": -51,
        "PE": -170.6,
        "Book Price": 11.3
      }
    },
    {
      "quarter": "Q2 2010",
      "income status": {
        "Net sales": 15193,
        "Cost of goods sold": 11106,
        "Gross Profit": 4087,
        "Financial expenses": 853,
        "Of which: Interest expense": 693,
        "Cost of sales": 2351,
        "Enterprise cost management": 2567,
        "Total Operating Expenses": 5771,
        "Total revenue financing activities": 99,
        "Net profit from business activities": -1585,
        "Profit": -272,
        "Profit before tax": -1977,
        "Present corporate income tax expenses": "N/A",
        "Deferred income taxes expenses": "N/A",
        "The interests of minority shareholders": 485,
        "Total Cost of profits": 485,
        "Profit after tax corporate income": -2462,
        "Volume": 4050085,
        "Close of Quarter": 10.6,
        "EPS": 515.3,
        "Non-adjusted EPS": 577,
        "PE": 18.4,
        "Book Price": 11.4
      }
    },
    {
      "quarter": "Q1 2010",
      "income status": {
        "Net sales": 8978,
        "Cost of goods sold": 7760,
        "Gross Profit": 1218,
        "Financial expenses": 932,
        "Of which: Interest expense": 548,
        "Cost of sales": 1697,
        "Enterprise cost management": 2514,
        "Total Operating Expenses": 5143,
        "Total revenue financing activities": 234,
        "Net profit from business activities": -3691,
        "Profit": 19,
        "Profit before tax": -3851,
        "Present corporate income tax expenses": "N/A",
        "Deferred income taxes expenses": "N/A",
        "The interests of minority shareholders": -664,
        "Total Cost of profits": -664,
        "Profit after tax corporate income": -3187,
        "Volume": 4050085,
        "Close of Quarter": 8.7,
        "EPS": 861.0,
        "Non-adjusted EPS": 964,
        "PE": 9.0,
        "Book Price": 12.0
      }
    },
    {
      "quarter": "Q4 2009",
      "income status": {
        "Net sales": 28181,
        "Cost of goods sold": 13766,
        "Gross Profit": 14415,
        "Financial expenses": 471,
        "Of which: Interest expense": 474,
        "Cost of sales": 3909,
        "Enterprise cost management": 2759,
        "Total Operating Expenses": 7139,
        "Total revenue financing activities": 198,
        "Net profit from business activities": 7474,
        "Profit": 294,
        "Profit before tax": 7306,
        "Present corporate income tax expenses": 1243,
        "Deferred income taxes expenses": -310,
        "The interests of minority shareholders": 426,
        "Total Cost of profits": 1359,
        "Profit after tax corporate income": 5947,
        "Volume": 4050085,
        "Close of Quarter": 9.2,
        "EPS": 792.2,
        "Non-adjusted EPS": 887,
        "PE": 10.4,
        "Book Price": 13.4
      }
    },
    {
      "quarter": "Q3 2009",
      "income status": {
        "Net sales": 41183,
        "Cost of goods sold": 32823,
        "Gross Profit": 8360,
        "Financial expenses": 616,
        "Of which: Interest expense": "N/A",
        "Cost of sales": 2238,
        "Enterprise cost management": 2591,
        "Total Operating Expenses": 5445,
        "Total revenue financing activities": 168,
        "Net profit from business activities": 3083,
        "Profit": -67,
        "Profit before tax": 3016,
        "Present corporate income tax expenses": 64,
        "Deferred income taxes expenses": "N/A",
        "The interests of minority shareholders": 913,
        "Total Cost of profits": 977,
        "Profit after tax corporate income": 2039,
        "Volume": 4050085,
        "Close of Quarter": 9.7,
        "EPS": 504.6,
        "Non-adjusted EPS": 565,
        "PE": 17.2,
        "Book Price": 11.9
      }
    },
    {
      "quarter": "Q2 2009",
      "income status": {
        "Net sales": 23413,
        "Cost of goods sold": 17429,
        "Gross Profit": 5984,
        "Financial expenses": 1125,
        "Of which: Interest expense": "N/A",
        "Cost of sales": 2580,
        "Enterprise cost management": 3120,
        "Total Operating Expenses": 6825,
        "Total revenue financing activities": 95,
        "Net profit from business activities": -746,
        "Profit": 7,
        "Profit before tax": -739,
        "Present corporate income tax expenses": "N/A",
        "Deferred income taxes expenses": "N/A",
        "The interests of minority shareholders": 156,
        "Total Cost of profits": 156,
        "Profit after tax corporate income": -895,
        "Volume": 4050085,
        "Close of Quarter": 9.5,
        "EPS": -217.9,
        "Non-adjusted EPS": -244,
        "PE": -38.9,
        "Book Price": 11.3
      }
    },
    {
      "quarter": "Q1 2009",
      "income status": {
        "Net sales": 9211,
        "Cost of goods sold": 7452,
        "Gross Profit": 1759,
        "Financial expenses": 735,
        "Of which: Interest expense": 618,
        "Cost of sales": 2432,
        "Enterprise cost management": 2392,
        "Total Operating Expenses": 5559,
        "Total revenue financing activities": 174,
        "Net profit from business activities": -3626,
        "Profit": -10,
        "Profit before tax": -3636,
        "Present corporate income tax expenses": "N/A",
        "Deferred income taxes expenses": "N/A",
        "The interests of minority shareholders": -136,
        "Total Cost of profits": -136,
        "Profit after tax corporate income": -3500,
        "Volume": 4050085,
        "Close of Quarter": 6.8,
        "EPS": 28.6,
        "Non-adjusted EPS": 32,
        "PE": 212.2,
        "Book Price": 11.3
      }
    },
    {
      "quarter": "Q4 2008",
      "income status": {
        "Net sales": 38703,
        "Cost of goods sold": 26364,
        "Gross Profit": 12339,
        "Financial expenses": 752,
        "Of which: Interest expense": 536,
        "Cost of sales": 3983,
        "Enterprise cost management": 3152,
        "Total Operating Expenses": 7887,
        "Total revenue financing activities": 299,
        "Net profit from business activities": 4751,
        "Profit": 2,
        "Profit before tax": 4753,
        "Present corporate income tax expenses": 786,
        "Deferred income taxes expenses": "N/A",
        "The interests of minority shareholders": -677,
        "Total Cost of profits": 109,
        "Profit after tax corporate income": 4645,
        "Volume": 4050085,
        "Close of Quarter": 6.6,
        "EPS": 743.1,
        "Non-adjusted EPS": 832,
        "PE": 8.0,
        "Book Price": 11.7
      }
    },
    {
      "quarter": "Q3 2008",
      "income status": {
        "Net sales": 17111,
        "Cost of goods sold": 13437,
        "Gross Profit": 3673,
        "Financial expenses": 975,
        "Of which: Interest expense": 790,
        "Cost of sales": 2484,
        "Enterprise cost management": 1823,
        "Total Operating Expenses": 5282,
        "Total revenue financing activities": 165,
        "Net profit from business activities": -1444,
        "Profit": -26,
        "Profit before tax": -1470,
        "Present corporate income tax expenses": -242,
        "Deferred income taxes expenses": "N/A",
        "The interests of minority shareholders": 10,
        "Total Cost of profits": -232,
        "Profit after tax corporate income": -1238,
        "Volume": 4050085,
        "Close of Quarter": 10.9,
        "EPS": 575.2,
        "Non-adjusted EPS": 644,
        "PE": 16.9,
        "Book Price": 11.4
      }
    },
    {
      "quarter": "Q2 2008",
      "income status": {
        "Net sales": 17067,
        "Cost of goods sold": 11807,
        "Gross Profit": 5260,
        "Financial expenses": 778,
        "Of which: Interest expense": 559,
        "Cost of sales": 2052,
        "Enterprise cost management": 1661,
        "Total Operating Expenses": 4491,
        "Total revenue financing activities": 123,
        "Net profit from business activities": 892,
        "Profit": "N/A",
        "Profit before tax": 892,
        "Present corporate income tax expenses": 300,
        "Deferred income taxes expenses": "N/A",
        "The interests of minority shareholders": 371,
        "Total Cost of profits": 671,
        "Profit after tax corporate income": 221,
        "Volume": 2608187,
        "Close of Quarter": 12.7,
        "EPS": 1238.9,
        "Non-adjusted EPS": 2154,
        "PE": 5.9,
        "Book Price": 8.5
      }
    },
    {
      "quarter": "Q1 2008",
      "income status": {
        "Net sales": 13418,
        "Cost of goods sold": 9111,
        "Gross Profit": 4307,
        "Financial expenses": 435,
        "Of which: Interest expense": 381,
        "Cost of sales": 2056,
        "Enterprise cost management": 1182,
        "Total Operating Expenses": 3673,
        "Total revenue financing activities": 80,
        "Net profit from business activities": 713,
        "Profit": -29,
        "Profit before tax": 684,
        "Present corporate income tax expenses": 68,
        "Deferred income taxes expenses": "N/A",
        "The interests of minority shareholders": 873,
        "Total Cost of profits": 941,
        "Profit after tax corporate income": -257,
        "Volume": 2608187,
        "Close of Quarter": 14.1,
        "EPS": 1131.3,
        "Non-adjusted EPS": 1967,
        "PE": 7.2,
        "Book Price": 8.4
      }
    },
    {
      "quarter": "Q4 2007",
      "income status": {
        "Net sales": 38443,
        "Cost of goods sold": 27332,
        "Gross Profit": 11112,
        "Financial expenses": 335,
        "Of which: Interest expense": 291,
        "Cost of sales": 3185,
        "Enterprise cost management": 2085,
        "Total Operating Expenses": 5605,
        "Total revenue financing activities": 87,
        "Net profit from business activities": 5594,
        "Profit": -7,
        "Profit before tax": 5587,
        "Present corporate income tax expenses": 1268,
        "Deferred income taxes expenses": "N/A",
        "The interests of minority shareholders": 438,
        "Total Cost of profits": 1706,
        "Profit after tax corporate income": 3882,
        "Volume": 2608187,
        "Close of Quarter": 28.8,
        "EPS": 1144.6,
        "Non-adjusted EPS": 1990,
        "PE": 14.5,
        "Book Price": 9.2
      }
    },
    {
      "quarter": "Q3 2007",
      "income status": {
        "Net sales": 18433,
        "Cost of goods sold": 12461,
        "Gross Profit": 5972,
        "Financial expenses": 270,
        "Of which: Interest expense": 228,
        "Cost of sales": 2073,
        "Enterprise cost management": 1138,
        "Total Operating Expenses": 3481,
        "Total revenue financing activities": 46,
        "Net profit from business activities": 2537,
        "Profit": 142,
        "Profit before tax": 2679,
        "Present corporate income tax expenses": 268,
        "Deferred income taxes expenses": "N/A",
        "The interests of minority shareholders": 638,
        "Total Cost of profits": 906,
        "Profit after tax corporate income": 1773,
        "Volume": 2608187,
        "Close of Quarter": 26.3,
        "EPS": 980.7,
        "Non-adjusted EPS": 1705,
        "PE": 15.4,
        "Book Price": 8.6
      }
    },
    {
      "quarter": "Q2 2007",
      "income status": {
        "Net sales": 14828,
        "Cost of goods sold": 11232,
        "Gross Profit": 3596,
        "Financial expenses": 243,
        "Of which: Interest expense": 179,
        "Cost of sales": 2272,
        "Enterprise cost management": 1144,
        "Total Operating Expenses": 3659,
        "Total revenue financing activities": 119,
        "Net profit from business activities": 56,
        "Profit": -46,
        "Profit before tax": 10,
        "Present corporate income tax expenses": 1,
        "Deferred income taxes expenses": "N/A",
        "The interests of minority shareholders": 276,
        "Total Cost of profits": 277,
        "Profit after tax corporate income": -267,
        "Volume": 2415000,
        "Close of Quarter": 28.2,
        "EPS": 494.8,
        "Non-adjusted EPS": 929,
        "PE": 30.3,
        "Book Price": 8.1
      }
    },
    {
      "quarter": "Q1 2007",
      "income status": {
        "Net sales": 13915,
        "Cost of goods sold": 10943,
        "Gross Profit": 2972,
        "Financial expenses": 183,
        "Of which: Interest expense": 125,
        "Cost of sales": 1836,
        "Enterprise cost management": 1019,
        "Total Operating Expenses": 3038,
        "Total revenue financing activities": 61,
        "Net profit from business activities": -4,
        "Profit": -1,
        "Profit before tax": -6,
        "Present corporate income tax expenses": "N/A",
        "Deferred income taxes expenses": "N/A",
        "The interests of minority shareholders": 191,
        "Total Cost of profits": 191,
        "Profit after tax corporate income": -197,
        "Volume": 2415000,
        "Close of Quarter": 34.5,
        "EPS": 587.4,
        "Non-adjusted EPS": 1103,
        "PE": 31.3,
        "Book Price": 8.1
      }
    },
    {
      "quarter": "Q4 2006",
      "income status": {
        "Net sales": 44135,
        "Cost of goods sold": 35481,
        "Gross Profit": 8654,
        "Financial expenses": 388,
        "Of which: Interest expense": 162,
        "Cost of sales": 2239,
        "Enterprise cost management": 1723,
        "Total Operating Expenses": 4350,
        "Total revenue financing activities": 76,
        "Net profit from business activities": 4380,
        "Profit": 278,
        "Profit before tax": 4659,
        "Present corporate income tax expenses": 975,
        "Deferred income taxes expenses": "N/A",
        "The interests of minority shareholders": 546,
        "Total Cost of profits": 1521,
        "Profit after tax corporate income": 3137,
        "Volume": 2415000,
        "Close of Quarter": 18.8,
        "EPS": 758.4,
        "Non-adjusted EPS": 1424,
        "PE": 13.2,
        "Book Price": 8.2
      }
    },
    {
      "quarter": "Q3 2006",
      "income status": {
        "Net sales": 19331,
        "Cost of goods sold": 16538,
        "Gross Profit": 2793,
        "Financial expenses": 273,
        "Of which: Interest expense": "N/A",
        "Cost of sales": 1958,
        "Enterprise cost management": 1475,
        "Total Operating Expenses": 3706,
        "Total revenue financing activities": 208,
        "Net profit from business activities": -705,
        "Profit": 2,
        "Profit before tax": -704,
        "Present corporate income tax expenses": -189,
        "Deferred income taxes expenses": "N/A",
        "The interests of minority shareholders": -86,
        "Total Cost of profits": -275,
        "Profit after tax corporate income": -429,
        "Volume": 2415000,
        "Close of Quarter": 24.9,
        "EPS": 66.6,
        "Non-adjusted EPS": 125,
        "PE": 199.3,
        "Book Price": 7.7
      }
    },
    {
      "quarter": "Q2 2006",
      "income status": {
        "Net sales": 21356,
        "Cost of goods sold": 17166,
        "Gross Profit": 4190,
        "Financial expenses": 249,
        "Of which: Interest expense": "N/A",
        "Cost of sales": 1734,
        "Enterprise cost management": 1509,
        "Total Operating Expenses": 3492,
        "Total revenue financing activities": 65,
        "Net profit from business activities": 763,
        "Profit": -17,
        "Profit before tax": 747,
        "Present corporate income tax expenses": -40,
        "Deferred income taxes expenses": "N/A",
        "The interests of minority shareholders": 634,
        "Total Cost of profits": 594,
        "Profit after tax corporate income": 153,
        "Volume": 1797740,
        "Close of Quarter": 29.5,
        "EPS": 161.0,
        "Non-adjusted EPS": 406,
        "PE": 72.8,
        "Book Price": 7.9
      }
    },
    {
      "quarter": "Q1 2006",
      "income status": {
        "Net sales": 22286,
        "Cost of goods sold": 17858,
        "Gross Profit": 4427,
        "Financial expenses": 153,
        "Of which: Interest expense": "N/A",
        "Cost of sales": 1819,
        "Enterprise cost management": 1539,
        "Total Operating Expenses": 3511,
        "Total revenue financing activities": 186,
        "Net profit from business activities": 1103,
        "Profit": -12,
        "Profit before tax": 1090,
        "Present corporate income tax expenses": 101,
        "Deferred income taxes expenses": "N/A",
        "The interests of minority shareholders": 412,
        "Total Cost of profits": 513,
        "Profit after tax corporate income": 577,
        "Volume": 1797740,
        "Close of Quarter": 20.9,
        "EPS": 127.3,
        "Non-adjusted EPS": 321,
        "PE": 65.0,
        "Book Price": 7.8
      }
    }
  ]
}