{
  "ticker": "DHA",
  "data": [
    {
      "quarter": "Q1 2017",
      "income status": {
        "Net sales": 56322,
        "Cost of goods sold": 38904,
        "Gross Profit": 17418,
        "Financial expenses": "N/A",
        "Of which: Interest expense": "N/A",
        "Cost of sales": 171,
        "Enterprise cost management": 3195,
        "Total Operating Expenses": 3366,
        "Total revenue financing activities": 2503,
        "Net profit from business activities": 16555,
        "Profit": 227,
        "Profit before tax": 16782,
        "Present corporate income tax expenses": 3356,
        "Deferred income taxes expenses": "N/A",
        "The interests of minority shareholders": "N/A",
        "Total Cost of profits": 3356,
        "Profit after tax corporate income": 13426,
        "Volume": 15061213,
        "Close of Quarter": 28.4,
        "EPS": 3596,
        "Non-adjusted EPS": 3596,
        "PE": 7.9,
        "Book Price": 23
      }
    },
    {
      "quarter": "Q4 2016",
      "income status": {
        "Net sales": 56766,
        "Cost of goods sold": 41137,
        "Gross Profit": 15630,
        "Financial expenses": "N/A",
        "Of which: Interest expense": "N/A",
        "Cost of sales": 22,
        "Enterprise cost management": 5147,
        "Total Operating Expenses": 5169,
        "Total revenue financing activities": 548,
        "Net profit from business activities": 11009,
        "Profit": 13114,
        "Profit before tax": 24123,
        "Present corporate income tax expenses": 4825,
        "Deferred income taxes expenses": "N/A",
        "The interests of minority shareholders": "N/A",
        "Total Cost of profits": 4825,
        "Profit after tax corporate income": 19298,
        "Volume": 15061213,
        "Close of Quarter": 28.1,
        "EPS": 3269,
        "Non-adjusted EPS": 3269,
        "PE": 8.6,
        "Book Price": 22.6
      }
    },
    {
      "quarter": "Q3 2016",
      "income status": {
        "Net sales": 47620,
        "Cost of goods sold": 35926,
        "Gross Profit": 11695,
        "Financial expenses": "N/A",
        "Of which: Interest expense": "N/A",
        "Cost of sales": 71,
        "Enterprise cost management": 3648,
        "Total Operating Expenses": 3719,
        "Total revenue financing activities": 1185,
        "Net profit from business activities": 9161,
        "Profit": "N/A",
        "Profit before tax": 9161,
        "Present corporate income tax expenses": 1832,
        "Deferred income taxes expenses": "N/A",
        "The interests of minority shareholders": "N/A",
        "Total Cost of profits": 1832,
        "Profit after tax corporate income": 7329,
        "Volume": 15061213,
        "Close of Quarter": 34.6,
        "EPS": 2722,
        "Non-adjusted EPS": 2722,
        "PE": 12.7,
        "Book Price": 22.4
      }
    },
    {
      "quarter": "Q2 2016",
      "income status": {
        "Net sales": 50983,
        "Cost of goods sold": 35211,
        "Gross Profit": 15772,
        "Financial expenses": 140,
        "Of which: Interest expense": "N/A",
        "Cost of sales": 20,
        "Enterprise cost management": 3152,
        "Total Operating Expenses": 3312,
        "Total revenue financing activities": 3001,
        "Net profit from business activities": 15462,
        "Profit": 1726,
        "Profit before tax": 17187,
        "Present corporate income tax expenses": 3074,
        "Deferred income taxes expenses": "N/A",
        "The interests of minority shareholders": "N/A",
        "Total Cost of profits": 3074,
        "Profit after tax corporate income": 14113,
        "Volume": 15061213,
        "Close of Quarter": 33.2,
        "EPS": 2837,
        "Non-adjusted EPS": 2837,
        "PE": 11.7,
        "Book Price": 21.9
      }
    },
    {
      "quarter": "Q1 2016",
      "income status": {
        "Net sales": 40054,
        "Cost of goods sold": 28203,
        "Gross Profit": 11851,
        "Financial expenses": "N/A",
        "Of which: Interest expense": "N/A",
        "Cost of sales": 97,
        "Enterprise cost management": 3233,
        "Total Operating Expenses": 3330,
        "Total revenue financing activities": 1005,
        "Net profit from business activities": 9527,
        "Profit": 1093,
        "Profit before tax": 10620,
        "Present corporate income tax expenses": 2124,
        "Deferred income taxes expenses": "N/A",
        "The interests of minority shareholders": "N/A",
        "Total Cost of profits": 2124,
        "Profit after tax corporate income": 8496,
        "Volume": 15061213,
        "Close of Quarter": 24.4,
        "EPS": 2938,
        "Non-adjusted EPS": 2938,
        "PE": 8.3,
        "Book Price": 22.2
      }
    },
    {
      "quarter": "Q4 2015",
      "income status": {
        "Net sales": 64349,
        "Cost of goods sold": 43843,
        "Gross Profit": 20506,
        "Financial expenses": 931,
        "Of which: Interest expense": "N/A",
        "Cost of sales": 25,
        "Enterprise cost management": 6157,
        "Total Operating Expenses": 7113,
        "Total revenue financing activities": 528,
        "Net profit from business activities": 13920,
        "Profit": 267,
        "Profit before tax": 14187,
        "Present corporate income tax expenses": 3121,
        "Deferred income taxes expenses": "N/A",
        "The interests of minority shareholders": "N/A",
        "Total Cost of profits": 3121,
        "Profit after tax corporate income": 11066,
        "Volume": 15061213,
        "Close of Quarter": 18.4,
        "EPS": 2946,
        "Non-adjusted EPS": 2946,
        "PE": 6.2,
        "Book Price": 22.6
      }
    },
    {
      "quarter": "Q3 2015",
      "income status": {
        "Net sales": 48280,
        "Cost of goods sold": 34124,
        "Gross Profit": 14156,
        "Financial expenses": "N/A",
        "Of which: Interest expense": "N/A",
        "Cost of sales": 59,
        "Enterprise cost management": 3110,
        "Total Operating Expenses": 3169,
        "Total revenue financing activities": 578,
        "Net profit from business activities": 11566,
        "Profit": "N/A",
        "Profit before tax": 11566,
        "Present corporate income tax expenses": 2513,
        "Deferred income taxes expenses": "N/A",
        "The interests of minority shareholders": "N/A",
        "Total Cost of profits": 2513,
        "Profit after tax corporate income": 9053,
        "Volume": 15061213,
        "Close of Quarter": 15.3,
        "EPS": 2558,
        "Non-adjusted EPS": 2558,
        "PE": 6.0,
        "Book Price": 21.9
      }
    },
    {
      "quarter": "Q2 2015",
      "income status": {
        "Net sales": 44612,
        "Cost of goods sold": 32345,
        "Gross Profit": 12267,
        "Financial expenses": "N/A",
        "Of which: Interest expense": "N/A",
        "Cost of sales": 36,
        "Enterprise cost management": 2382,
        "Total Operating Expenses": 2418,
        "Total revenue financing activities": 9750,
        "Net profit from business activities": 19599,
        "Profit": -22,
        "Profit before tax": 19577,
        "Present corporate income tax expenses": 3938,
        "Deferred income taxes expenses": "N/A",
        "The interests of minority shareholders": "N/A",
        "Total Cost of profits": 3938,
        "Profit after tax corporate income": 15639,
        "Volume": 15061213,
        "Close of Quarter": 14.4,
        "EPS": 2233,
        "Non-adjusted EPS": 2233,
        "PE": 6.5,
        "Book Price": 21.3
      }
    },
    {
      "quarter": "Q1 2015",
      "income status": {
        "Net sales": 44269,
        "Cost of goods sold": 31306,
        "Gross Profit": 12963,
        "Financial expenses": "N/A",
        "Of which: Interest expense": "N/A",
        "Cost of sales": 126,
        "Enterprise cost management": 2116,
        "Total Operating Expenses": 2242,
        "Total revenue financing activities": 318,
        "Net profit from business activities": 11039,
        "Profit": "N/A",
        "Profit before tax": 11039,
        "Present corporate income tax expenses": 2429,
        "Deferred income taxes expenses": "N/A",
        "The interests of minority shareholders": "N/A",
        "Total Cost of profits": 2429,
        "Profit after tax corporate income": 8611,
        "Volume": 15061213,
        "Close of Quarter": 13.3,
        "EPS": 1486,
        "Non-adjusted EPS": 1486,
        "PE": 8.9,
        "Book Price": 21.3
      }
    },
    {
      "quarter": "Q4 2014",
      "income status": {
        "Net sales": 47250,
        "Cost of goods sold": 36473,
        "Gross Profit": 10777,
        "Financial expenses": 1590,
        "Of which: Interest expense": "N/A",
        "Cost of sales": 37,
        "Enterprise cost management": 2944,
        "Total Operating Expenses": 4571,
        "Total revenue financing activities": 213,
        "Net profit from business activities": 6419,
        "Profit": 227,
        "Profit before tax": 6646,
        "Present corporate income tax expenses": 1427,
        "Deferred income taxes expenses": "N/A",
        "The interests of minority shareholders": "N/A",
        "Total Cost of profits": 1427,
        "Profit after tax corporate income": 5219,
        "Volume": 15061213,
        "Close of Quarter": 11.0,
        "EPS": 986,
        "Non-adjusted EPS": 986,
        "PE": 11.2,
        "Book Price": 20.7
      }
    },
    {
      "quarter": "Q3 2014",
      "income status": {
        "Net sales": 41016,
        "Cost of goods sold": 33304,
        "Gross Profit": 7712,
        "Financial expenses": 75,
        "Of which: Interest expense": 70,
        "Cost of sales": 73,
        "Enterprise cost management": 2593,
        "Total Operating Expenses": 2741,
        "Total revenue financing activities": 197,
        "Net profit from business activities": 5168,
        "Profit": 176,
        "Profit before tax": 5343,
        "Present corporate income tax expenses": 1176,
        "Deferred income taxes expenses": "N/A",
        "The interests of minority shareholders": "N/A",
        "Total Cost of profits": 1176,
        "Profit after tax corporate income": 4168,
        "Volume": 15061213,
        "Close of Quarter": 10.2,
        "EPS": 730,
        "Non-adjusted EPS": 730,
        "PE": 14.0,
        "Book Price": 20.4
      }
    },
    {
      "quarter": "Q2 2014",
      "income status": {
        "Net sales": 45372,
        "Cost of goods sold": 36704,
        "Gross Profit": 8668,
        "Financial expenses": 292,
        "Of which: Interest expense": 342,
        "Cost of sales": 41,
        "Enterprise cost management": 3527,
        "Total Operating Expenses": 3860,
        "Total revenue financing activities": 897,
        "Net profit from business activities": 5705,
        "Profit": -160,
        "Profit before tax": 5544,
        "Present corporate income tax expenses": 1168,
        "Deferred income taxes expenses": "N/A",
        "The interests of minority shareholders": "N/A",
        "Total Cost of profits": 1168,
        "Profit after tax corporate income": 4377,
        "Volume": 15061213,
        "Close of Quarter": 8.0,
        "EPS": 882,
        "Non-adjusted EPS": 882,
        "PE": 9.1,
        "Book Price": 20.1
      }
    },
    {
      "quarter": "Q1 2014",
      "income status": {
        "Net sales": 37472,
        "Cost of goods sold": 34186,
        "Gross Profit": 3287,
        "Financial expenses": 363,
        "Of which: Interest expense": 363,
        "Cost of sales": 170,
        "Enterprise cost management": 1496,
        "Total Operating Expenses": 2029,
        "Total revenue financing activities": 130,
        "Net profit from business activities": 1389,
        "Profit": "N/A",
        "Profit before tax": 1389,
        "Present corporate income tax expenses": 305,
        "Deferred income taxes expenses": "N/A",
        "The interests of minority shareholders": "N/A",
        "Total Cost of profits": 305,
        "Profit after tax corporate income": 1083,
        "Volume": 15061213,
        "Close of Quarter": 8.7,
        "EPS": 516,
        "Non-adjusted EPS": 516,
        "PE": 16.8,
        "Book Price": 20.4
      }
    },
    {
      "quarter": "Q4 2013",
      "income status": {
        "Net sales": 40582,
        "Cost of goods sold": 35128,
        "Gross Profit": 5454,
        "Financial expenses": 2118,
        "Of which: Interest expense": 343,
        "Cost of sales": 108,
        "Enterprise cost management": 1391,
        "Total Operating Expenses": 3617,
        "Total revenue financing activities": 1353,
        "Net profit from business activities": 3190,
        "Profit": -1510,
        "Profit before tax": 1681,
        "Present corporate income tax expenses": 309,
        "Deferred income taxes expenses": "N/A",
        "The interests of minority shareholders": "N/A",
        "Total Cost of profits": 309,
        "Profit after tax corporate income": 1372,
        "Volume": 15061213,
        "Close of Quarter": 6.8,
        "EPS": 575,
        "Non-adjusted EPS": 575,
        "PE": 11.8,
        "Book Price": 20.3
      }
    },
    {
      "quarter": "Q3 2013",
      "income status": {
        "Net sales": 35148,
        "Cost of goods sold": 25888,
        "Gross Profit": 9259,
        "Financial expenses": 493,
        "Of which: Interest expense": 483,
        "Cost of sales": 2,
        "Enterprise cost management": 1746,
        "Total Operating Expenses": 2241,
        "Total revenue financing activities": 1463,
        "Net profit from business activities": 8482,
        "Profit": "N/A",
        "Profit before tax": 8482,
        "Present corporate income tax expenses": 2027,
        "Deferred income taxes expenses": "N/A",
        "The interests of minority shareholders": "N/A",
        "Total Cost of profits": 2027,
        "Profit after tax corporate income": 6455,
        "Volume": 15061213,
        "Close of Quarter": 5.0,
        "EPS": 558,
        "Non-adjusted EPS": 558,
        "PE": 9,
        "Book Price": 20.2
      }
    },
    {
      "quarter": "Q2 2013",
      "income status": {
        "Net sales": 35733,
        "Cost of goods sold": 36561,
        "Gross Profit": -828,
        "Financial expenses": 1738,
        "Of which: Interest expense": 928,
        "Cost of sales": 412,
        "Enterprise cost management": 2300,
        "Total Operating Expenses": 4450,
        "Total revenue financing activities": 895,
        "Net profit from business activities": -4383,
        "Profit": 2818,
        "Profit before tax": -1565,
        "Present corporate income tax expenses": -428,
        "Deferred income taxes expenses": "N/A",
        "The interests of minority shareholders": "N/A",
        "Total Cost of profits": -428,
        "Profit after tax corporate income": -1138,
        "Volume": 15061213,
        "Close of Quarter": 6.6,
        "EPS": 518,
        "Non-adjusted EPS": 518,
        "PE": 12.8,
        "Book Price": 19.8
      }
    },
    {
      "quarter": "Q1 2013",
      "income status": {
        "Net sales": 36666,
        "Cost of goods sold": 30621,
        "Gross Profit": 6044,
        "Financial expenses": 2525,
        "Of which: Interest expense": 890,
        "Cost of sales": 700,
        "Enterprise cost management": 1680,
        "Total Operating Expenses": 4905,
        "Total revenue financing activities": 1264,
        "Net profit from business activities": 2403,
        "Profit": "N/A",
        "Profit before tax": 2403,
        "Present corporate income tax expenses": 428,
        "Deferred income taxes expenses": "N/A",
        "The interests of minority shareholders": "N/A",
        "Total Cost of profits": 428,
        "Profit after tax corporate income": 1976,
        "Volume": 15061213,
        "Close of Quarter": 6.9,
        "EPS": 1115,
        "Non-adjusted EPS": 1115,
        "PE": 6.2,
        "Book Price": 20.9
      }
    },
    {
      "quarter": "Q4 2012",
      "income status": {
        "Net sales": 50138,
        "Cost of goods sold": 47788,
        "Gross Profit": 2350,
        "Financial expenses": -728,
        "Of which: Interest expense": 153,
        "Cost of sales": 630,
        "Enterprise cost management": 4030,
        "Total Operating Expenses": 3932,
        "Total revenue financing activities": 915,
        "Net profit from business activities": -668,
        "Profit": 1979,
        "Profit before tax": 1311,
        "Present corporate income tax expenses": 201,
        "Deferred income taxes expenses": "N/A",
        "The interests of minority shareholders": "N/A",
        "Total Cost of profits": 201,
        "Profit after tax corporate income": 1111,
        "Volume": 15061213,
        "Close of Quarter": 6.8,
        "EPS": 1070,
        "Non-adjusted EPS": 1070,
        "PE": 6.4,
        "Book Price": 20.8
      }
    },
    {
      "quarter": "Q3 2012",
      "income status": {
        "Net sales": 54967,
        "Cost of goods sold": 44717,
        "Gross Profit": 10251,
        "Financial expenses": 1417,
        "Of which: Interest expense": "N/A",
        "Cost of sales": 873,
        "Enterprise cost management": 1856,
        "Total Operating Expenses": 4146,
        "Total revenue financing activities": 890,
        "Net profit from business activities": 6996,
        "Profit": "N/A",
        "Profit before tax": 6996,
        "Present corporate income tax expenses": 1138,
        "Deferred income taxes expenses": "N/A",
        "The interests of minority shareholders": "N/A",
        "Total Cost of profits": 1138,
        "Profit after tax corporate income": 5857,
        "Volume": 15061213,
        "Close of Quarter": 6.3,
        "EPS": 1988,
        "Non-adjusted EPS": 1988,
        "PE": 3.2,
        "Book Price": 20.7
      }
    },
    {
      "quarter": "Q2 2012",
      "income status": {
        "Net sales": 61649,
        "Cost of goods sold": 47958,
        "Gross Profit": 13692,
        "Financial expenses": 547,
        "Of which: Interest expense": 1286,
        "Cost of sales": 1220,
        "Enterprise cost management": 3508,
        "Total Operating Expenses": 5275,
        "Total revenue financing activities": 902,
        "Net profit from business activities": 9318,
        "Profit": -36,
        "Profit before tax": 9282,
        "Present corporate income tax expenses": 1439,
        "Deferred income taxes expenses": "N/A",
        "The interests of minority shareholders": "N/A",
        "Total Cost of profits": 1439,
        "Profit after tax corporate income": 7843,
        "Volume": 15061213,
        "Close of Quarter": 7.7,
        "EPS": 2085,
        "Non-adjusted EPS": 2085,
        "PE": 3.7,
        "Book Price": 20.3
      }
    },
    {
      "quarter": "Q1 2012",
      "income status": {
        "Net sales": 49245,
        "Cost of goods sold": 43130,
        "Gross Profit": 6115,
        "Financial expenses": 1323,
        "Of which: Interest expense": 1316,
        "Cost of sales": 1095,
        "Enterprise cost management": 2369,
        "Total Operating Expenses": 4787,
        "Total revenue financing activities": 420,
        "Net profit from business activities": 1748,
        "Profit": "N/A",
        "Profit before tax": 1748,
        "Present corporate income tax expenses": 437,
        "Deferred income taxes expenses": "N/A",
        "The interests of minority shareholders": "N/A",
        "Total Cost of profits": 437,
        "Profit after tax corporate income": 1311,
        "Volume": 15061213,
        "Close of Quarter": 8.0,
        "EPS": 2537,
        "Non-adjusted EPS": 2537,
        "PE": 3.2,
        "Book Price": 21.2
      }
    },
    {
      "quarter": "Q4 2011",
      "income status": {
        "Net sales": 48869,
        "Cost of goods sold": 30140,
        "Gross Profit": 18729,
        "Financial expenses": 2578,
        "Of which: Interest expense": 2385,
        "Cost of sales": 1422,
        "Enterprise cost management": 3150,
        "Total Operating Expenses": 7150,
        "Total revenue financing activities": 1830,
        "Net profit from business activities": 13409,
        "Profit": 133,
        "Profit before tax": 13542,
        "Present corporate income tax expenses": -1386,
        "Deferred income taxes expenses": "N/A",
        "The interests of minority shareholders": "N/A",
        "Total Cost of profits": -1386,
        "Profit after tax corporate income": 14928,
        "Volume": 15061213,
        "Close of Quarter": 5.5,
        "EPS": 3183,
        "Non-adjusted EPS": 3183,
        "PE": 1.7,
        "Book Price": 22.5
      }
    },
    {
      "quarter": "Q3 2011",
      "income status": {
        "Net sales": 53796,
        "Cost of goods sold": 37349,
        "Gross Profit": 16447,
        "Financial expenses": 2459,
        "Of which: Interest expense": 2458,
        "Cost of sales": 1510,
        "Enterprise cost management": 4265,
        "Total Operating Expenses": 8234,
        "Total revenue financing activities": 1539,
        "Net profit from business activities": 9752,
        "Profit": "N/A",
        "Profit before tax": 9752,
        "Present corporate income tax expenses": 2438,
        "Deferred income taxes expenses": "N/A",
        "The interests of minority shareholders": "N/A",
        "Total Cost of profits": 2438,
        "Profit after tax corporate income": 7314,
        "Volume": 15061213,
        "Close of Quarter": 7.0,
        "EPS": 2620,
        "Non-adjusted EPS": 2620,
        "PE": 2.7,
        "Book Price": 21.5
      }
    },
    {
      "quarter": "Q2 2011",
      "income status": {
        "Net sales": 69952,
        "Cost of goods sold": 43043,
        "Gross Profit": 26909,
        "Financial expenses": 2163,
        "Of which: Interest expense": 2162,
        "Cost of sales": 2236,
        "Enterprise cost management": 5206,
        "Total Operating Expenses": 9605,
        "Total revenue financing activities": 2127,
        "Net profit from business activities": 19432,
        "Profit": "N/A",
        "Profit before tax": 19432,
        "Present corporate income tax expenses": 4768,
        "Deferred income taxes expenses": "N/A",
        "The interests of minority shareholders": "N/A",
        "Total Cost of profits": 4768,
        "Profit after tax corporate income": 14664,
        "Volume": 15061213,
        "Close of Quarter": 8.2,
        "EPS": 2948,
        "Non-adjusted EPS": 2948,
        "PE": 2.8,
        "Book Price": 22.2
      }
    },
    {
      "quarter": "Q1 2011",
      "income status": {
        "Net sales": 46858,
        "Cost of goods sold": 28023,
        "Gross Profit": 18836,
        "Financial expenses": 1598,
        "Of which: Interest expense": 1594,
        "Cost of sales": 1360,
        "Enterprise cost management": 3589,
        "Total Operating Expenses": 6547,
        "Total revenue financing activities": 2277,
        "Net profit from business activities": 14566,
        "Profit": "N/A",
        "Profit before tax": 14566,
        "Present corporate income tax expenses": 3527,
        "Deferred income taxes expenses": "N/A",
        "The interests of minority shareholders": "N/A",
        "Total Cost of profits": 3527,
        "Profit after tax corporate income": 11039,
        "Volume": 15061213,
        "Close of Quarter": 9.2,
        "EPS": 3422,
        "Non-adjusted EPS": 3422,
        "PE": 2.7,
        "Book Price": 21.9
      }
    },
    {
      "quarter": "Q4 2010",
      "income status": {
        "Net sales": 57369,
        "Cost of goods sold": 41159,
        "Gross Profit": 16211,
        "Financial expenses": 1610,
        "Of which: Interest expense": 886,
        "Cost of sales": 2020,
        "Enterprise cost management": 5232,
        "Total Operating Expenses": 8862,
        "Total revenue financing activities": 1087,
        "Net profit from business activities": 8437,
        "Profit": "N/A",
        "Profit before tax": 8437,
        "Present corporate income tax expenses": 1996,
        "Deferred income taxes expenses": "N/A",
        "The interests of minority shareholders": "N/A",
        "Total Cost of profits": 1996,
        "Profit after tax corporate income": 6441,
        "Volume": 15061213,
        "Close of Quarter": 11.6,
        "EPS": 3544,
        "Non-adjusted EPS": 3544,
        "PE": 3.3,
        "Book Price": 22.2
      }
    },
    {
      "quarter": "Q3 2010",
      "income status": {
        "Net sales": 61651,
        "Cost of goods sold": 40016,
        "Gross Profit": 21635,
        "Financial expenses": 394,
        "Of which: Interest expense": "N/A",
        "Cost of sales": 1986,
        "Enterprise cost management": 4103,
        "Total Operating Expenses": 6483,
        "Total revenue financing activities": 1051,
        "Net profit from business activities": 16203,
        "Profit": "N/A",
        "Profit before tax": 16203,
        "Present corporate income tax expenses": 3946,
        "Deferred income taxes expenses": "N/A",
        "The interests of minority shareholders": "N/A",
        "Total Cost of profits": 3946,
        "Profit after tax corporate income": 12257,
        "Volume": 10040937,
        "Close of Quarter": 13.1,
        "EPS": 4419.4,
        "Non-adjusted EPS": 6629,
        "PE": 2.0,
        "Book Price": 21.7
      }
    },
    {
      "quarter": "Q2 2010",
      "income status": {
        "Net sales": 71913,
        "Cost of goods sold": 41958,
        "Gross Profit": 29955,
        "Financial expenses": 1076,
        "Of which: Interest expense": 10,
        "Cost of sales": 2547,
        "Enterprise cost management": 5033,
        "Total Operating Expenses": 8656,
        "Total revenue financing activities": 7670,
        "Net profit from business activities": 28969,
        "Profit": "N/A",
        "Profit before tax": 28969,
        "Present corporate income tax expenses": 7171,
        "Deferred income taxes expenses": "N/A",
        "The interests of minority shareholders": "N/A",
        "Total Cost of profits": 7171,
        "Profit after tax corporate income": 21798,
        "Volume": 10040937,
        "Close of Quarter": 15.5,
        "EPS": 4897.4,
        "Non-adjusted EPS": 7346,
        "PE": 2.1,
        "Book Price": 20.9
      }
    },
    {
      "quarter": "Q1 2010",
      "income status": {
        "Net sales": 45375,
        "Cost of goods sold": 24166,
        "Gross Profit": 21209,
        "Financial expenses": "N/A",
        "Of which: Interest expense": "N/A",
        "Cost of sales": 1989,
        "Enterprise cost management": 2899,
        "Total Operating Expenses": 4888,
        "Total revenue financing activities": 793,
        "Net profit from business activities": 17114,
        "Profit": "N/A",
        "Profit before tax": 17114,
        "Present corporate income tax expenses": 4237,
        "Deferred income taxes expenses": "N/A",
        "The interests of minority shareholders": "N/A",
        "Total Cost of profits": 4237,
        "Profit after tax corporate income": 12877,
        "Volume": 10040937,
        "Close of Quarter": 15.5,
        "EPS": 4764.1,
        "Non-adjusted EPS": 7146,
        "PE": 2.2,
        "Book Price": 22.1
      }
    },
    {
      "quarter": "Q4 2009",
      "income status": {
        "Net sales": 56002,
        "Cost of goods sold": 36767,
        "Gross Profit": 19235,
        "Financial expenses": -9817,
        "Of which: Interest expense": "N/A",
        "Cost of sales": 2083,
        "Enterprise cost management": 4228,
        "Total Operating Expenses": -3506,
        "Total revenue financing activities": 963,
        "Net profit from business activities": 23704,
        "Profit": "N/A",
        "Profit before tax": 23704,
        "Present corporate income tax expenses": 4077,
        "Deferred income taxes expenses": "N/A",
        "The interests of minority shareholders": "N/A",
        "Total Cost of profits": 4077,
        "Profit after tax corporate income": 19627,
        "Volume": 10040937,
        "Close of Quarter": 14.5,
        "EPS": 4412.7,
        "Non-adjusted EPS": 6619,
        "PE": 2.2,
        "Book Price": 21.1
      }
    },
    {
      "quarter": "Q3 2009",
      "income status": {
        "Net sales": 52079,
        "Cost of goods sold": 28853,
        "Gross Profit": 23226,
        "Financial expenses": -4419,
        "Of which: Interest expense": "N/A",
        "Cost of sales": 1744,
        "Enterprise cost management": 3145,
        "Total Operating Expenses": 470,
        "Total revenue financing activities": 812,
        "Net profit from business activities": 23568,
        "Profit": "N/A",
        "Profit before tax": 23568,
        "Present corporate income tax expenses": 4112,
        "Deferred income taxes expenses": "N/A",
        "The interests of minority shareholders": "N/A",
        "Total Cost of profits": 4112,
        "Profit after tax corporate income": 19456,
        "Volume": 10040937,
        "Close of Quarter": 15.6,
        "EPS": 3590.1,
        "Non-adjusted EPS": 5385,
        "PE": 2.9,
        "Book Price": 19.9
      }
    },
    {
      "quarter": "Q2 2009",
      "income status": {
        "Net sales": 54199,
        "Cost of goods sold": 30041,
        "Gross Profit": 24159,
        "Financial expenses": 234,
        "Of which: Interest expense": "N/A",
        "Cost of sales": 1800,
        "Enterprise cost management": 3397,
        "Total Operating Expenses": 5431,
        "Total revenue financing activities": 5030,
        "Net profit from business activities": 23758,
        "Profit": "N/A",
        "Profit before tax": 23758,
        "Present corporate income tax expenses": 3961,
        "Deferred income taxes expenses": "N/A",
        "The interests of minority shareholders": "N/A",
        "Total Cost of profits": 3961,
        "Profit after tax corporate income": 19796,
        "Volume": 10040937,
        "Close of Quarter": 8.4,
        "EPS": 3235.4,
        "Non-adjusted EPS": 4853,
        "PE": 1.7,
        "Book Price": 18.6
      }
    },
    {
      "quarter": "Q1 2009",
      "income status": {
        "Net sales": 30326,
        "Cost of goods sold": 18787,
        "Gross Profit": 11539,
        "Financial expenses": 398,
        "Of which: Interest expense": "N/A",
        "Cost of sales": 1164,
        "Enterprise cost management": 2193,
        "Total Operating Expenses": 3755,
        "Total revenue financing activities": 1273,
        "Net profit from business activities": 9056,
        "Profit": "N/A",
        "Profit before tax": 9056,
        "Present corporate income tax expenses": 1475,
        "Deferred income taxes expenses": "N/A",
        "The interests of minority shareholders": "N/A",
        "Total Cost of profits": 1475,
        "Profit after tax corporate income": 7582,
        "Volume": 10040937,
        "Close of Quarter": 5.3,
        "EPS": 2587.4,
        "Non-adjusted EPS": 3881,
        "PE": 1.4,
        "Book Price": 18.7
      }
    },
    {
      "quarter": "Q4 2008",
      "income status": {
        "Net sales": 38416,
        "Cost of goods sold": 22422,
        "Gross Profit": 15994,
        "Financial expenses": 5342,
        "Of which: Interest expense": "N/A",
        "Cost of sales": 1612,
        "Enterprise cost management": 2107,
        "Total Operating Expenses": 9061,
        "Total revenue financing activities": 2356,
        "Net profit from business activities": 9288,
        "Profit": "N/A",
        "Profit before tax": 9288,
        "Present corporate income tax expenses": 1910,
        "Deferred income taxes expenses": 140,
        "The interests of minority shareholders": "N/A",
        "Total Cost of profits": 2050,
        "Profit after tax corporate income": 7238,
        "Volume": 10040937,
        "Close of Quarter": 5.7,
        "EPS": 2751.4,
        "Non-adjusted EPS": 4127,
        "PE": 1.4,
        "Book Price": 18.7
      }
    },
    {
      "quarter": "Q3 2008",
      "income status": {
        "Net sales": 39275,
        "Cost of goods sold": 19684,
        "Gross Profit": 19590,
        "Financial expenses": 6,
        "Of which: Interest expense": "N/A",
        "Cost of sales": 1434,
        "Enterprise cost management": 1766,
        "Total Operating Expenses": 3206,
        "Total revenue financing activities": 1968,
        "Net profit from business activities": 18352,
        "Profit": 120,
        "Profit before tax": 18472,
        "Present corporate income tax expenses": 4355,
        "Deferred income taxes expenses": "N/A",
        "The interests of minority shareholders": "N/A",
        "Total Cost of profits": 4355,
        "Profit after tax corporate income": 14116,
        "Volume": 10040937,
        "Close of Quarter": 6.6,
        "EPS": 2601.4,
        "Non-adjusted EPS": 3902,
        "PE": 1.7,
        "Book Price": 18.2
      }
    },
    {
      "quarter": "Q2 2008",
      "income status": {
        "Net sales": 52815,
        "Cost of goods sold": 25010,
        "Gross Profit": 27804,
        "Financial expenses": 16260,
        "Of which: Interest expense": "N/A",
        "Cost of sales": 1778,
        "Enterprise cost management": 2307,
        "Total Operating Expenses": 20345,
        "Total revenue financing activities": 5288,
        "Net profit from business activities": 12747,
        "Profit": "N/A",
        "Profit before tax": 12747,
        "Present corporate income tax expenses": 2718,
        "Deferred income taxes expenses": "N/A",
        "The interests of minority shareholders": "N/A",
        "Total Cost of profits": 2718,
        "Profit after tax corporate income": 10029,
        "Volume": 10099670,
        "Close of Quarter": 6.3,
        "EPS": 2284.7,
        "Non-adjusted EPS": 3407,
        "PE": 1.9,
        "Book Price": 17.4
      }
    },
    {
      "quarter": "Q1 2008",
      "income status": {
        "Net sales": 28227,
        "Cost of goods sold": 17190,
        "Gross Profit": 11037,
        "Financial expenses": 145,
        "Of which: Interest expense": "N/A",
        "Cost of sales": 1266,
        "Enterprise cost management": 1579,
        "Total Operating Expenses": 2990,
        "Total revenue financing activities": 5364,
        "Net profit from business activities": 13410,
        "Profit": "N/A",
        "Profit before tax": 13410,
        "Present corporate income tax expenses": 3352,
        "Deferred income taxes expenses": "N/A",
        "The interests of minority shareholders": "N/A",
        "Total Cost of profits": 3352,
        "Profit after tax corporate income": 10057,
        "Volume": 10099670,
        "Close of Quarter": 7.8,
        "EPS": 2514.7,
        "Non-adjusted EPS": 3750,
        "PE": 2.1,
        "Book Price": 18.0
      }
    },
    {
      "quarter": "Q4 2007",
      "income status": {
        "Net sales": 30730,
        "Cost of goods sold": 18711,
        "Gross Profit": 12018,
        "Financial expenses": 4386,
        "Of which: Interest expense": 99,
        "Cost of sales": 1297,
        "Enterprise cost management": 1956,
        "Total Operating Expenses": 7639,
        "Total revenue financing activities": 1702,
        "Net profit from business activities": 6081,
        "Profit": 560,
        "Profit before tax": 6641,
        "Present corporate income tax expenses": 1660,
        "Deferred income taxes expenses": "N/A",
        "The interests of minority shareholders": "N/A",
        "Total Cost of profits": 1660,
        "Profit after tax corporate income": 4981,
        "Volume": 6706500,
        "Close of Quarter": 16.5,
        "EPS": 2444.2,
        "Non-adjusted EPS": 5489,
        "PE": 3,
        "Book Price": 13.8
      }
    },
    {
      "quarter": "Q3 2007",
      "income status": {
        "Net sales": 26368,
        "Cost of goods sold": 16391,
        "Gross Profit": 9977,
        "Financial expenses": 260,
        "Of which: Interest expense": "N/A",
        "Cost of sales": 1124,
        "Enterprise cost management": 1227,
        "Total Operating Expenses": 2611,
        "Total revenue financing activities": 4874,
        "Net profit from business activities": 12240,
        "Profit": "N/A",
        "Profit before tax": 12240,
        "Present corporate income tax expenses": 2897,
        "Deferred income taxes expenses": "N/A",
        "The interests of minority shareholders": "N/A",
        "Total Cost of profits": 2897,
        "Profit after tax corporate income": 9343,
        "Volume": 6706500,
        "Close of Quarter": 18.2,
        "EPS": 2605.8,
        "Non-adjusted EPS": 5852,
        "PE": 3.1,
        "Book Price": 13.5
      }
    },
    {
      "quarter": "Q2 2007",
      "income status": {
        "Net sales": 26611,
        "Cost of goods sold": 16947,
        "Gross Profit": 9664,
        "Financial expenses": 46,
        "Of which: Interest expense": "N/A",
        "Cost of sales": 1109,
        "Enterprise cost management": 1575,
        "Total Operating Expenses": 2730,
        "Total revenue financing activities": 12087,
        "Net profit from business activities": 19020,
        "Profit": 450,
        "Profit before tax": 19470,
        "Present corporate income tax expenses": 5978,
        "Deferred income taxes expenses": "N/A",
        "The interests of minority shareholders": "N/A",
        "Total Cost of profits": 5978,
        "Profit after tax corporate income": 13492,
        "Volume": 6706500,
        "Close of Quarter": 15.2,
        "EPS": 2260.3,
        "Non-adjusted EPS": 5076,
        "PE": 3,
        "Book Price": 12.9
      }
    },
    {
      "quarter": "Q1 2007",
      "income status": {
        "Net sales": 14421,
        "Cost of goods sold": 10087,
        "Gross Profit": 4335,
        "Financial expenses": 112,
        "Of which: Interest expense": "N/A",
        "Cost of sales": 662,
        "Enterprise cost management": 978,
        "Total Operating Expenses": 1752,
        "Total revenue financing activities": 7670,
        "Net profit from business activities": 10253,
        "Profit": "N/A",
        "Profit before tax": 10253,
        "Present corporate income tax expenses": 1256,
        "Deferred income taxes expenses": "N/A",
        "The interests of minority shareholders": "N/A",
        "Total Cost of profits": 1256,
        "Profit after tax corporate income": 8997,
        "Volume": 6706500,
        "Close of Quarter": 16.1,
        "EPS": 1754.4,
        "Non-adjusted EPS": 3940,
        "PE": 4.1,
        "Book Price": 12.8
      }
    },
    {
      "quarter": "Q4 2006",
      "income status": {
        "Net sales": 24647,
        "Cost of goods sold": 15679,
        "Gross Profit": 8968,
        "Financial expenses": 106,
        "Of which: Interest expense": "N/A",
        "Cost of sales": 1037,
        "Enterprise cost management": 1768,
        "Total Operating Expenses": 2911,
        "Total revenue financing activities": 3829,
        "Net profit from business activities": 9885,
        "Profit": "N/A",
        "Profit before tax": 9885,
        "Present corporate income tax expenses": 2471,
        "Deferred income taxes expenses": "N/A",
        "The interests of minority shareholders": "N/A",
        "Total Cost of profits": 2471,
        "Profit after tax corporate income": 7414,
        "Volume": 6706500,
        "Close of Quarter": 13.4,
        "EPS": 1512.6,
        "Non-adjusted EPS": 3397,
        "PE": 3.9,
        "Book Price": 12.3
      }
    },
    {
      "quarter": "Q3 2006",
      "income status": {
        "Net sales": 18860,
        "Cost of goods sold": 11998,
        "Gross Profit": 6863,
        "Financial expenses": 49,
        "Of which: Interest expense": "N/A",
        "Cost of sales": 689,
        "Enterprise cost management": 1118,
        "Total Operating Expenses": 1856,
        "Total revenue financing activities": 470,
        "Net profit from business activities": 5477,
        "Profit": "N/A",
        "Profit before tax": 5477,
        "Present corporate income tax expenses": 1337,
        "Deferred income taxes expenses": "N/A",
        "The interests of minority shareholders": "N/A",
        "Total Cost of profits": 1337,
        "Profit after tax corporate income": 4139,
        "Volume": 5005000,
        "Close of Quarter": 14.0,
        "EPS": 1020.2,
        "Non-adjusted EPS": 3070,
        "PE": 4.6,
        "Book Price": 6.5
      }
    },
    {
      "quarter": "Q2 2006",
      "income status": {
        "Net sales": 23219,
        "Cost of goods sold": 14861,
        "Gross Profit": 8358,
        "Financial expenses": 2,
        "Of which: Interest expense": "N/A",
        "Cost of sales": 818,
        "Enterprise cost management": 1381,
        "Total Operating Expenses": 2201,
        "Total revenue financing activities": 1377,
        "Net profit from business activities": 7535,
        "Profit": 206,
        "Profit before tax": 7741,
        "Present corporate income tax expenses": 1868,
        "Deferred income taxes expenses": "N/A",
        "The interests of minority shareholders": "N/A",
        "Total Cost of profits": 1868,
        "Profit after tax corporate income": 5872,
        "Volume": 5005000,
        "Close of Quarter": 14.6,
        "EPS": 745.4,
        "Non-adjusted EPS": 2243,
        "PE": 6.5,
        "Book Price": 6.2
      }
    },
    {
      "quarter": "Q1 2006",
      "income status": {
        "Net sales": 16825,
        "Cost of goods sold": 9428,
        "Gross Profit": 7397,
        "Financial expenses": 82,
        "Of which: Interest expense": "N/A",
        "Cost of sales": 640,
        "Enterprise cost management": 1018,
        "Total Operating Expenses": 1740,
        "Total revenue financing activities": 1392,
        "Net profit from business activities": 7050,
        "Profit": "N/A",
        "Profit before tax": 7050,
        "Present corporate income tax expenses": 1695,
        "Deferred income taxes expenses": "N/A",
        "The interests of minority shareholders": "N/A",
        "Total Cost of profits": 1695,
        "Profit after tax corporate income": 5355,
        "Volume": 3849962,
        "Close of Quarter": 14.0,
        "EPS": 355.6,
        "Non-adjusted EPS": 1391,
        "PE": 10.0,
        "Book Price": 5.9
      }
    }
  ]
}