{
  "ticker": "SSC",
  "data": [
    {
      "quarter": "Q1 2017",
      "income status": {
        "Net sales": 99830,
        "Cost of goods sold": 79804,
        "Gross Profit": 20027,
        "Financial expenses": -1042,
        "Of which: Interest expense": -1197,
        "Cost of sales": 1830,
        "Enterprise cost management": 7854,
        "Total Operating Expenses": 8642,
        "Total revenue financing activities": 236,
        "Net profit from business activities": 11622,
        "Profit": -154,
        "Profit before tax": 11467,
        "Present corporate income tax expenses": 48,
        "Deferred income taxes expenses": 3294,
        "The interests of minority shareholders": 59,
        "Total Cost of profits": 3401,
        "Profit after tax corporate income": 8066,
        "Volume": 14791387,
        "Close of Quarter": 56.8,
        "EPS": 2639,
        "Non-adjusted EPS": 2639,
        "PE": 21.5,
        "Book Price": 24
      }
    },
    {
      "quarter": "Q4 2016",
      "income status": {
        "Net sales": 125570,
        "Cost of goods sold": 91733,
        "Gross Profit": 33838,
        "Financial expenses": -345,
        "Of which: Interest expense": 390,
        "Cost of sales": 16564,
        "Enterprise cost management": 7318,
        "Total Operating Expenses": 23537,
        "Total revenue financing activities": 461,
        "Net profit from business activities": 10763,
        "Profit": 356,
        "Profit before tax": 11119,
        "Present corporate income tax expenses": 4209,
        "Deferred income taxes expenses": -2147,
        "The interests of minority shareholders": 560,
        "Total Cost of profits": 2622,
        "Profit after tax corporate income": 8497,
        "Volume": 14791387,
        "Close of Quarter": 39.1,
        "EPS": 2645,
        "Non-adjusted EPS": 2645,
        "PE": 14.8,
        "Book Price": 24.3
      }
    },
    {
      "quarter": "Q3 2016",
      "income status": {
        "Net sales": 93167,
        "Cost of goods sold": 56328,
        "Gross Profit": 36839,
        "Financial expenses": 2278,
        "Of which: Interest expense": 1051,
        "Cost of sales": 10930,
        "Enterprise cost management": 10354,
        "Total Operating Expenses": 23562,
        "Total revenue financing activities": 730,
        "Net profit from business activities": 14007,
        "Profit": -61,
        "Profit before tax": 13946,
        "Present corporate income tax expenses": 5126,
        "Deferred income taxes expenses": -451,
        "The interests of minority shareholders": -186,
        "Total Cost of profits": 4489,
        "Profit after tax corporate income": 9458,
        "Volume": 14791387,
        "Close of Quarter": 39.5,
        "EPS": 2630,
        "Non-adjusted EPS": 2630,
        "PE": 15.0,
        "Book Price": 24.1
      }
    },
    {
      "quarter": "Q2 2016",
      "income status": {
        "Net sales": 131566,
        "Cost of goods sold": 94779,
        "Gross Profit": 36787,
        "Financial expenses": 1175,
        "Of which: Interest expense": 4338,
        "Cost of sales": 10384,
        "Enterprise cost management": 10685,
        "Total Operating Expenses": 22244,
        "Total revenue financing activities": 995,
        "Net profit from business activities": 15538,
        "Profit": 37,
        "Profit before tax": 15575,
        "Present corporate income tax expenses": 604,
        "Deferred income taxes expenses": 2140,
        "The interests of minority shareholders": -186,
        "Total Cost of profits": 2558,
        "Profit after tax corporate income": 13016,
        "Volume": 14791387,
        "Close of Quarter": 45,
        "EPS": 2633,
        "Non-adjusted EPS": 2633,
        "PE": 17.1,
        "Book Price": 23.4
      }
    },
    {
      "quarter": "Q1 2016",
      "income status": {
        "Net sales": 93652,
        "Cost of goods sold": 66299,
        "Gross Profit": 27353,
        "Financial expenses": 2056,
        "Of which: Interest expense": -1515,
        "Cost of sales": 9218,
        "Enterprise cost management": 7839,
        "Total Operating Expenses": 19113,
        "Total revenue financing activities": 212,
        "Net profit from business activities": 8451,
        "Profit": 1,
        "Profit before tax": 8452,
        "Present corporate income tax expenses": 450,
        "Deferred income taxes expenses": -75,
        "The interests of minority shareholders": -67,
        "Total Cost of profits": 308,
        "Profit after tax corporate income": 8145,
        "Volume": 14791387,
        "Close of Quarter": 40.0,
        "EPS": 3637,
        "Non-adjusted EPS": 3637,
        "PE": 11.0,
        "Book Price": 24.8
      }
    },
    {
      "quarter": "Q4 2015",
      "income status": {
        "Net sales": 224151,
        "Cost of goods sold": 160156,
        "Gross Profit": 63995,
        "Financial expenses": 2269,
        "Of which: Interest expense": 1505,
        "Cost of sales": 26169,
        "Enterprise cost management": 23659,
        "Total Operating Expenses": 52097,
        "Total revenue financing activities": 341,
        "Net profit from business activities": 12239,
        "Profit": -891,
        "Profit before tax": 11347,
        "Present corporate income tax expenses": 3954,
        "Deferred income taxes expenses": -839,
        "The interests of minority shareholders": -45,
        "Total Cost of profits": 3070,
        "Profit after tax corporate income": 8278,
        "Volume": 14791387,
        "Close of Quarter": 54.3,
        "EPS": 3769,
        "Non-adjusted EPS": 3769,
        "PE": 14.4,
        "Book Price": 24.3
      }
    },
    {
      "quarter": "Q3 2015",
      "income status": {
        "Net sales": 91858,
        "Cost of goods sold": 60898,
        "Gross Profit": 30960,
        "Financial expenses": 381,
        "Of which: Interest expense": 366,
        "Cost of sales": 8640,
        "Enterprise cost management": 10014,
        "Total Operating Expenses": 19035,
        "Total revenue financing activities": 251,
        "Net profit from business activities": 12176,
        "Profit": 62,
        "Profit before tax": 12238,
        "Present corporate income tax expenses": 2780,
        "Deferred income taxes expenses": -75,
        "The interests of minority shareholders": 31,
        "Total Cost of profits": 2736,
        "Profit after tax corporate income": 9502,
        "Volume": 14791387,
        "Close of Quarter": 45.6,
        "EPS": 4867,
        "Non-adjusted EPS": 4867,
        "PE": 9.4,
        "Book Price": 24.9
      }
    },
    {
      "quarter": "Q2 2015",
      "income status": {
        "Net sales": 215898,
        "Cost of goods sold": 147855,
        "Gross Profit": 68044,
        "Financial expenses": 1194,
        "Of which: Interest expense": 1554,
        "Cost of sales": 18339,
        "Enterprise cost management": 15489,
        "Total Operating Expenses": 35022,
        "Total revenue financing activities": 341,
        "Net profit from business activities": 33363,
        "Profit": 3975,
        "Profit before tax": 37338,
        "Present corporate income tax expenses": 10208,
        "Deferred income taxes expenses": -852,
        "The interests of minority shareholders": 106,
        "Total Cost of profits": 9462,
        "Profit after tax corporate income": 27877,
        "Volume": 14791387,
        "Close of Quarter": 45.8,
        "EPS": 5216,
        "Non-adjusted EPS": 5216,
        "PE": 8.8,
        "Book Price": 24.3
      }
    },
    {
      "quarter": "Q1 2015",
      "income status": {
        "Net sales": 82099,
        "Cost of goods sold": 57374,
        "Gross Profit": 24725,
        "Financial expenses": 314,
        "Of which: Interest expense": -136,
        "Cost of sales": 7835,
        "Enterprise cost management": 6147,
        "Total Operating Expenses": 14296,
        "Total revenue financing activities": 339,
        "Net profit from business activities": 10769,
        "Profit": 29,
        "Profit before tax": 10798,
        "Present corporate income tax expenses": 406,
        "Deferred income taxes expenses": 263,
        "The interests of minority shareholders": 30,
        "Total Cost of profits": 699,
        "Profit after tax corporate income": 10099,
        "Volume": 14791387,
        "Close of Quarter": 51.5,
        "EPS": 5459,
        "Non-adjusted EPS": 5459,
        "PE": 9.4,
        "Book Price": 26
      }
    },
    {
      "quarter": "Q4 2014",
      "income status": {
        "Net sales": 179990,
        "Cost of goods sold": 117996,
        "Gross Profit": 61994,
        "Financial expenses": 1415,
        "Of which: Interest expense": 1218,
        "Cost of sales": 15654,
        "Enterprise cost management": 19777,
        "Total Operating Expenses": 36846,
        "Total revenue financing activities": 112,
        "Net profit from business activities": 25261,
        "Profit": 98,
        "Profit before tax": 25358,
        "Present corporate income tax expenses": "N/A",
        "Deferred income taxes expenses": 795,
        "The interests of minority shareholders": 53,
        "Total Cost of profits": 848,
        "Profit after tax corporate income": 24510,
        "Volume": 14791387,
        "Close of Quarter": 48.4,
        "EPS": 5866,
        "Non-adjusted EPS": 5866,
        "PE": 8.2,
        "Book Price": 25.3
      }
    },
    {
      "quarter": "Q3 2014",
      "income status": {
        "Net sales": 109010,
        "Cost of goods sold": 74145,
        "Gross Profit": 34865,
        "Financial expenses": 1135,
        "Of which: Interest expense": 1269,
        "Cost of sales": 12798,
        "Enterprise cost management": 8775,
        "Total Operating Expenses": 22708,
        "Total revenue financing activities": 1140,
        "Net profit from business activities": 13296,
        "Profit": 1438,
        "Profit before tax": 14734,
        "Present corporate income tax expenses": 151,
        "Deferred income taxes expenses": -178,
        "The interests of minority shareholders": 92,
        "Total Cost of profits": 65,
        "Profit after tax corporate income": 14669,
        "Volume": 14791387,
        "Close of Quarter": 52.7,
        "EPS": 4951,
        "Non-adjusted EPS": 4951,
        "PE": 10.7,
        "Book Price": 24
      }
    },
    {
      "quarter": "Q2 2014",
      "income status": {
        "Net sales": 215055,
        "Cost of goods sold": 154746,
        "Gross Profit": 60308,
        "Financial expenses": 1662,
        "Of which: Interest expense": 1822,
        "Cost of sales": 15744,
        "Enterprise cost management": 11603,
        "Total Operating Expenses": 29009,
        "Total revenue financing activities": 379,
        "Net profit from business activities": 31678,
        "Profit": -64,
        "Profit before tax": 31614,
        "Present corporate income tax expenses": 292,
        "Deferred income taxes expenses": -212,
        "The interests of minority shareholders": 72,
        "Total Cost of profits": 152,
        "Profit after tax corporate income": 31462,
        "Volume": 14791387,
        "Close of Quarter": 52.7,
        "EPS": 5379,
        "Non-adjusted EPS": 5379,
        "PE": 9.8,
        "Book Price": 23
      }
    },
    {
      "quarter": "Q1 2014",
      "income status": {
        "Net sales": 103522,
        "Cost of goods sold": 68654,
        "Gross Profit": 34867,
        "Financial expenses": 1346,
        "Of which: Interest expense": 952,
        "Cost of sales": 9853,
        "Enterprise cost management": 7774,
        "Total Operating Expenses": 18973,
        "Total revenue financing activities": 156,
        "Net profit from business activities": 16051,
        "Profit": 7,
        "Profit before tax": 16058,
        "Present corporate income tax expenses": "N/A",
        "Deferred income taxes expenses": -66,
        "The interests of minority shareholders": 4,
        "Total Cost of profits": -62,
        "Profit after tax corporate income": 16121,
        "Volume": 14791387,
        "Close of Quarter": 40.6,
        "EPS": 5666,
        "Non-adjusted EPS": 5666,
        "PE": 7.2,
        "Book Price": 21.5
      }
    },
    {
      "quarter": "Q4 2013",
      "income status": {
        "Net sales": 146161,
        "Cost of goods sold": 113057,
        "Gross Profit": 33104,
        "Financial expenses": 2374,
        "Of which: Interest expense": 1573,
        "Cost of sales": 12585,
        "Enterprise cost management": 7184,
        "Total Operating Expenses": 22143,
        "Total revenue financing activities": 451,
        "Net profit from business activities": 11411,
        "Profit": 140,
        "Profit before tax": 11551,
        "Present corporate income tax expenses": 765,
        "Deferred income taxes expenses": -191,
        "The interests of minority shareholders": -2,
        "Total Cost of profits": 572,
        "Profit after tax corporate income": 10978,
        "Volume": 14791387,
        "Close of Quarter": 39.8,
        "EPS": 5332,
        "Non-adjusted EPS": 5332,
        "PE": 7.5,
        "Book Price": 20.5
      }
    },
    {
      "quarter": "Q3 2013",
      "income status": {
        "Net sales": 139835,
        "Cost of goods sold": 95422,
        "Gross Profit": 44413,
        "Financial expenses": 1581,
        "Of which: Interest expense": 1272,
        "Cost of sales": 11095,
        "Enterprise cost management": 10898,
        "Total Operating Expenses": 23574,
        "Total revenue financing activities": 256,
        "Net profit from business activities": 21096,
        "Profit": -68,
        "Profit before tax": 21028,
        "Present corporate income tax expenses": "N/A",
        "Deferred income taxes expenses": 14,
        "The interests of minority shareholders": 9,
        "Total Cost of profits": 23,
        "Profit after tax corporate income": 21004,
        "Volume": 14791387,
        "Close of Quarter": 34.9,
        "EPS": 5486,
        "Non-adjusted EPS": 5486,
        "PE": 6.4,
        "Book Price": 21.1
      }
    },
    {
      "quarter": "Q2 2013",
      "income status": {
        "Net sales": 217504,
        "Cost of goods sold": 156923,
        "Gross Profit": 60581,
        "Financial expenses": 2238,
        "Of which: Interest expense": 1551,
        "Cost of sales": 13425,
        "Enterprise cost management": 9628,
        "Total Operating Expenses": 25291,
        "Total revenue financing activities": 1174,
        "Net profit from business activities": 36464,
        "Profit": 202,
        "Profit before tax": 36666,
        "Present corporate income tax expenses": 1867,
        "Deferred income taxes expenses": -847,
        "The interests of minority shareholders": -55,
        "Total Cost of profits": 965,
        "Profit after tax corporate income": 35701,
        "Volume": 14791387,
        "Close of Quarter": 35.5,
        "EPS": 5255,
        "Non-adjusted EPS": 5255,
        "PE": 6.8,
        "Book Price": 19.7
      }
    },
    {
      "quarter": "Q1 2013",
      "income status": {
        "Net sales": 103470,
        "Cost of goods sold": 78132,
        "Gross Profit": 25337,
        "Financial expenses": 310,
        "Of which: Interest expense": 24,
        "Cost of sales": 7305,
        "Enterprise cost management": 7437,
        "Total Operating Expenses": 15052,
        "Total revenue financing activities": 879,
        "Net profit from business activities": 11164,
        "Profit": 23,
        "Profit before tax": 11187,
        "Present corporate income tax expenses": "N/A",
        "Deferred income taxes expenses": -40,
        "The interests of minority shareholders": 45,
        "Total Cost of profits": 5,
        "Profit after tax corporate income": 11182,
        "Volume": 14791387,
        "Close of Quarter": 30.8,
        "EPS": 4421,
        "Non-adjusted EPS": 4421,
        "PE": 7.0,
        "Book Price": 18.9
      }
    },
    {
      "quarter": "Q4 2012",
      "income status": {
        "Net sales": 132215,
        "Cost of goods sold": 103529,
        "Gross Profit": 28687,
        "Financial expenses": 646,
        "Of which: Interest expense": 295,
        "Cost of sales": 8975,
        "Enterprise cost management": 7883,
        "Total Operating Expenses": 17504,
        "Total revenue financing activities": 1240,
        "Net profit from business activities": 12424,
        "Profit": 249,
        "Profit before tax": 12673,
        "Present corporate income tax expenses": -673,
        "Deferred income taxes expenses": 63,
        "The interests of minority shareholders": 21,
        "Total Cost of profits": -589,
        "Profit after tax corporate income": 13261,
        "Volume": 14791387,
        "Close of Quarter": 27.2,
        "EPS": 4622,
        "Non-adjusted EPS": 4622,
        "PE": 5.9,
        "Book Price": 18.1
      }
    },
    {
      "quarter": "Q3 2012",
      "income status": {
        "Net sales": 100456,
        "Cost of goods sold": 64711,
        "Gross Profit": 35745,
        "Financial expenses": 142,
        "Of which: Interest expense": 84,
        "Cost of sales": 9986,
        "Enterprise cost management": 8831,
        "Total Operating Expenses": 18959,
        "Total revenue financing activities": 134,
        "Net profit from business activities": 16922,
        "Profit": 74,
        "Profit before tax": 16996,
        "Present corporate income tax expenses": -645,
        "Deferred income taxes expenses": 16,
        "The interests of minority shareholders": 40,
        "Total Cost of profits": -589,
        "Profit after tax corporate income": 17585,
        "Volume": 14791387,
        "Close of Quarter": 27.4,
        "EPS": 4278,
        "Non-adjusted EPS": 4278,
        "PE": 6.4,
        "Book Price": 18.4
      }
    },
    {
      "quarter": "Q2 2012",
      "income status": {
        "Net sales": 151065,
        "Cost of goods sold": 96827,
        "Gross Profit": 54239,
        "Financial expenses": 923,
        "Of which: Interest expense": 572,
        "Cost of sales": 10552,
        "Enterprise cost management": 11273,
        "Total Operating Expenses": 22748,
        "Total revenue financing activities": 740,
        "Net profit from business activities": 32231,
        "Profit": 32,
        "Profit before tax": 32262,
        "Present corporate income tax expenses": 10294,
        "Deferred income taxes expenses": -1384,
        "The interests of minority shareholders": -7,
        "Total Cost of profits": 8903,
        "Profit after tax corporate income": 23359,
        "Volume": 14791387,
        "Close of Quarter": 26.4,
        "EPS": 3668,
        "Non-adjusted EPS": 3668,
        "PE": 7.2,
        "Book Price": 17
      }
    },
    {
      "quarter": "Q1 2012",
      "income status": {
        "Net sales": 75466,
        "Cost of goods sold": 46773,
        "Gross Profit": 28693,
        "Financial expenses": -11,
        "Of which: Interest expense": "N/A",
        "Cost of sales": 6879,
        "Enterprise cost management": 5842,
        "Total Operating Expenses": 12710,
        "Total revenue financing activities": 1668,
        "Net profit from business activities": 17651,
        "Profit": 39,
        "Profit before tax": 17690,
        "Present corporate income tax expenses": 3466,
        "Deferred income taxes expenses": 165,
        "The interests of minority shareholders": -107,
        "Total Cost of profits": 3524,
        "Profit after tax corporate income": 14166,
        "Volume": 14791387,
        "Close of Quarter": 26.4,
        "EPS": 3942,
        "Non-adjusted EPS": 3942,
        "PE": 6.7,
        "Book Price": 16.4
      }
    },
    {
      "quarter": "Q4 2011",
      "income status": {
        "Net sales": 106558,
        "Cost of goods sold": 71021,
        "Gross Profit": 35537,
        "Financial expenses": 378,
        "Of which: Interest expense": 53,
        "Cost of sales": 16685,
        "Enterprise cost management": 10008,
        "Total Operating Expenses": 27071,
        "Total revenue financing activities": 1775,
        "Net profit from business activities": 10241,
        "Profit": 13,
        "Profit before tax": 10254,
        "Present corporate income tax expenses": 2417,
        "Deferred income taxes expenses": -166,
        "The interests of minority shareholders": -158,
        "Total Cost of profits": 2093,
        "Profit after tax corporate income": 8161,
        "Volume": 14791387,
        "Close of Quarter": 21.6,
        "EPS": 3921,
        "Non-adjusted EPS": 3921,
        "PE": 5.5,
        "Book Price": 15.4
      }
    },
    {
      "quarter": "Q3 2011",
      "income status": {
        "Net sales": 53611,
        "Cost of goods sold": 31211,
        "Gross Profit": 22400,
        "Financial expenses": 122,
        "Of which: Interest expense": 73,
        "Cost of sales": 5840,
        "Enterprise cost management": 6684,
        "Total Operating Expenses": 12646,
        "Total revenue financing activities": 1085,
        "Net profit from business activities": 10839,
        "Profit": -22,
        "Profit before tax": 10816,
        "Present corporate income tax expenses": 2203,
        "Deferred income taxes expenses": 130,
        "The interests of minority shareholders": -86,
        "Total Cost of profits": 2247,
        "Profit after tax corporate income": 8570,
        "Volume": 14791387,
        "Close of Quarter": 15.0,
        "EPS": 4049,
        "Non-adjusted EPS": 4049,
        "PE": 3.7,
        "Book Price": 15.9
      }
    },
    {
      "quarter": "Q2 2011",
      "income status": {
        "Net sales": 153513,
        "Cost of goods sold": 95792,
        "Gross Profit": 57721,
        "Financial expenses": 596,
        "Of which: Interest expense": 421,
        "Cost of sales": 10960,
        "Enterprise cost management": 12108,
        "Total Operating Expenses": 23664,
        "Total revenue financing activities": 299,
        "Net profit from business activities": 34356,
        "Profit": 18,
        "Profit before tax": 34374,
        "Present corporate income tax expenses": 7063,
        "Deferred income taxes expenses": -221,
        "The interests of minority shareholders": 114,
        "Total Cost of profits": 6956,
        "Profit after tax corporate income": 27418,
        "Volume": 14791387,
        "Close of Quarter": 16.3,
        "EPS": 4052,
        "Non-adjusted EPS": 4052,
        "PE": 4.0,
        "Book Price": 15.4
      }
    },
    {
      "quarter": "Q1 2011",
      "income status": {
        "Net sales": 69832,
        "Cost of goods sold": 41260,
        "Gross Profit": 28572,
        "Financial expenses": 431,
        "Of which: Interest expense": 55,
        "Cost of sales": 5456,
        "Enterprise cost management": 6412,
        "Total Operating Expenses": 12299,
        "Total revenue financing activities": 1259,
        "Net profit from business activities": 17531,
        "Profit": "N/A",
        "Profit before tax": 17531,
        "Present corporate income tax expenses": 3650,
        "Deferred income taxes expenses": 80,
        "The interests of minority shareholders": -54,
        "Total Cost of profits": 3676,
        "Profit after tax corporate income": 13854,
        "Volume": 14791387,
        "Close of Quarter": 14.2,
        "EPS": 3416,
        "Non-adjusted EPS": 3416,
        "PE": 4.2,
        "Book Price": 14.7
      }
    },
    {
      "quarter": "Q4 2010",
      "income status": {
        "Net sales": 70582,
        "Cost of goods sold": 48133,
        "Gross Profit": 22449,
        "Financial expenses": 400,
        "Of which: Interest expense": 122,
        "Cost of sales": 5299,
        "Enterprise cost management": 5991,
        "Total Operating Expenses": 11690,
        "Total revenue financing activities": 1941,
        "Net profit from business activities": 12700,
        "Profit": 52,
        "Profit before tax": 12752,
        "Present corporate income tax expenses": 2612,
        "Deferred income taxes expenses": "N/A",
        "The interests of minority shareholders": 86,
        "Total Cost of profits": 2698,
        "Profit after tax corporate income": 10053,
        "Volume": 14991387,
        "Close of Quarter": 18.5,
        "EPS": 3398.3,
        "Non-adjusted EPS": 3353,
        "PE": 5.5,
        "Book Price": 14.0
      }
    },
    {
      "quarter": "Q3 2010",
      "income status": {
        "Net sales": 62679,
        "Cost of goods sold": 40473,
        "Gross Profit": 22206,
        "Financial expenses": 99,
        "Of which: Interest expense": 32,
        "Cost of sales": 5837,
        "Enterprise cost management": 6045,
        "Total Operating Expenses": 11981,
        "Total revenue financing activities": 454,
        "Net profit from business activities": 10680,
        "Profit": 214,
        "Profit before tax": 10894,
        "Present corporate income tax expenses": 2290,
        "Deferred income taxes expenses": -11,
        "The interests of minority shareholders": 2,
        "Total Cost of profits": 2281,
        "Profit after tax corporate income": 8613,
        "Volume": 9999020,
        "Close of Quarter": 22.5,
        "EPS": 3507.1,
        "Non-adjusted EPS": 5188,
        "PE": 4.3,
        "Book Price": 13.7
      }
    },
    {
      "quarter": "Q2 2010",
      "income status": {
        "Net sales": 109786,
        "Cost of goods sold": 69841,
        "Gross Profit": 39945,
        "Financial expenses": 1854,
        "Of which: Interest expense": 151,
        "Cost of sales": 8123,
        "Enterprise cost management": 8384,
        "Total Operating Expenses": 18361,
        "Total revenue financing activities": 569,
        "Net profit from business activities": 22154,
        "Profit": 325,
        "Profit before tax": 22479,
        "Present corporate income tax expenses": 4502,
        "Deferred income taxes expenses": 13,
        "The interests of minority shareholders": -38,
        "Total Cost of profits": 4477,
        "Profit after tax corporate income": 18003,
        "Volume": 9999020,
        "Close of Quarter": 22.2,
        "EPS": 3307.7,
        "Non-adjusted EPS": 4893,
        "PE": 4.5,
        "Book Price": 13.1
      }
    },
    {
      "quarter": "Q1 2010",
      "income status": {
        "Net sales": 68278,
        "Cost of goods sold": 43383,
        "Gross Profit": 24896,
        "Financial expenses": 721,
        "Of which: Interest expense": 149,
        "Cost of sales": 4375,
        "Enterprise cost management": 4404,
        "Total Operating Expenses": 9500,
        "Total revenue financing activities": 1381,
        "Net profit from business activities": 16777,
        "Profit": 275,
        "Profit before tax": 17052,
        "Present corporate income tax expenses": 3477,
        "Deferred income taxes expenses": -27,
        "The interests of minority shareholders": 3,
        "Total Cost of profits": 3453,
        "Profit after tax corporate income": 13599,
        "Volume": 9999020,
        "Close of Quarter": 22.2,
        "EPS": 3250.9,
        "Non-adjusted EPS": 4809,
        "PE": 4.6,
        "Book Price": 12.7
      }
    },
    {
      "quarter": "Q4 2009",
      "income status": {
        "Net sales": 64750,
        "Cost of goods sold": 43054,
        "Gross Profit": 21697,
        "Financial expenses": 543,
        "Of which: Interest expense": 265,
        "Cost of sales": 9398,
        "Enterprise cost management": 1286,
        "Total Operating Expenses": 11227,
        "Total revenue financing activities": 1987,
        "Net profit from business activities": 12456,
        "Profit": 588,
        "Profit before tax": 13045,
        "Present corporate income tax expenses": 1389,
        "Deferred income taxes expenses": "N/A",
        "The interests of minority shareholders": "N/A",
        "Total Cost of profits": 1389,
        "Profit after tax corporate income": 11656,
        "Volume": 9999020,
        "Close of Quarter": 26.3,
        "EPS": 3423.3,
        "Non-adjusted EPS": 5064,
        "PE": 5.2,
        "Book Price": 11.8
      }
    },
    {
      "quarter": "Q3 2009",
      "income status": {
        "Net sales": 35708,
        "Cost of goods sold": 23470,
        "Gross Profit": 12237,
        "Financial expenses": 264,
        "Of which: Interest expense": 26,
        "Cost of sales": 2699,
        "Enterprise cost management": 4125,
        "Total Operating Expenses": 7088,
        "Total revenue financing activities": 1186,
        "Net profit from business activities": 6335,
        "Profit": 9,
        "Profit before tax": 6344,
        "Present corporate income tax expenses": 678,
        "Deferred income taxes expenses": "N/A",
        "The interests of minority shareholders": "N/A",
        "Total Cost of profits": 678,
        "Profit after tax corporate income": 5665,
        "Volume": 9999020,
        "Close of Quarter": 30.5,
        "EPS": 2807.4,
        "Non-adjusted EPS": 4153,
        "PE": 7.3,
        "Book Price": 11.6
      }
    },
    {
      "quarter": "Q2 2009",
      "income status": {
        "Net sales": 95736,
        "Cost of goods sold": 53849,
        "Gross Profit": 41887,
        "Financial expenses": 722,
        "Of which: Interest expense": 152,
        "Cost of sales": 6276,
        "Enterprise cost management": 16299,
        "Total Operating Expenses": 23297,
        "Total revenue financing activities": 332,
        "Net profit from business activities": 18921,
        "Profit": 13,
        "Profit before tax": 18934,
        "Present corporate income tax expenses": 1771,
        "Deferred income taxes expenses": "N/A",
        "The interests of minority shareholders": "N/A",
        "Total Cost of profits": 1771,
        "Profit after tax corporate income": 17164,
        "Volume": 9899020,
        "Close of Quarter": 20.2,
        "EPS": 2757.3,
        "Non-adjusted EPS": 4120,
        "PE": 4.9,
        "Book Price": 10.9
      }
    },
    {
      "quarter": "Q1 2009",
      "income status": {
        "Net sales": 61936,
        "Cost of goods sold": 34627,
        "Gross Profit": 27309,
        "Financial expenses": 399,
        "Of which: Interest expense": "N/A",
        "Cost of sales": 3158,
        "Enterprise cost management": 6967,
        "Total Operating Expenses": 10524,
        "Total revenue financing activities": 1172,
        "Net profit from business activities": 17957,
        "Profit": "N/A",
        "Profit before tax": 17957,
        "Present corporate income tax expenses": 1808,
        "Deferred income taxes expenses": "N/A",
        "The interests of minority shareholders": "N/A",
        "Total Cost of profits": 1808,
        "Profit after tax corporate income": 16149,
        "Volume": 9899020,
        "Close of Quarter": 9.0,
        "EPS": 2620.8,
        "Non-adjusted EPS": 3916,
        "PE": 2.3,
        "Book Price": 10.5
      }
    },
    {
      "quarter": "Q4 2008",
      "income status": {
        "Net sales": 43093,
        "Cost of goods sold": 32512,
        "Gross Profit": 10581,
        "Financial expenses": 1109,
        "Of which: Interest expense": "N/A",
        "Cost of sales": 2633,
        "Enterprise cost management": 5799,
        "Total Operating Expenses": 9541,
        "Total revenue financing activities": 1820,
        "Net profit from business activities": 2860,
        "Profit": 10,
        "Profit before tax": 2870,
        "Present corporate income tax expenses": 321,
        "Deferred income taxes expenses": "N/A",
        "The interests of minority shareholders": "N/A",
        "Total Cost of profits": 321,
        "Profit after tax corporate income": 2549,
        "Volume": 9899020,
        "Close of Quarter": 8.3,
        "EPS": 2055.9,
        "Non-adjusted EPS": 3072,
        "PE": 2.7,
        "Book Price": 9.4
      }
    },
    {
      "quarter": "Q3 2008",
      "income status": {
        "Net sales": 39440,
        "Cost of goods sold": 27119,
        "Gross Profit": 12321,
        "Financial expenses": 545,
        "Of which: Interest expense": 102,
        "Cost of sales": 3643,
        "Enterprise cost management": 4325,
        "Total Operating Expenses": 8513,
        "Total revenue financing activities": 1656,
        "Net profit from business activities": 5464,
        "Profit": 16,
        "Profit before tax": 5479,
        "Present corporate income tax expenses": 554,
        "Deferred income taxes expenses": "N/A",
        "The interests of minority shareholders": "N/A",
        "Total Cost of profits": 554,
        "Profit after tax corporate income": 4926,
        "Volume": 9899020,
        "Close of Quarter": 11.0,
        "EPS": 2076.7,
        "Non-adjusted EPS": 3103,
        "PE": 3.6,
        "Book Price": 9.7
      }
    },
    {
      "quarter": "Q2 2008",
      "income status": {
        "Net sales": 78290,
        "Cost of goods sold": 48176,
        "Gross Profit": 30114,
        "Financial expenses": 1089,
        "Of which: Interest expense": 337,
        "Cost of sales": 6546,
        "Enterprise cost management": 6476,
        "Total Operating Expenses": 14111,
        "Total revenue financing activities": 815,
        "Net profit from business activities": 16817,
        "Profit": "N/A",
        "Profit before tax": 16817,
        "Present corporate income tax expenses": 1682,
        "Deferred income taxes expenses": "N/A",
        "The interests of minority shareholders": "N/A",
        "Total Cost of profits": 1682,
        "Profit after tax corporate income": 15136,
        "Volume": 10000000,
        "Close of Quarter": 12.3,
        "EPS": 2005.9,
        "Non-adjusted EPS": 2967,
        "PE": 4.2,
        "Book Price": 9.5
      }
    },
    {
      "quarter": "Q1 2008",
      "income status": {
        "Net sales": 41280,
        "Cost of goods sold": 26699,
        "Gross Profit": 14581,
        "Financial expenses": 242,
        "Of which: Interest expense": 22,
        "Cost of sales": 2931,
        "Enterprise cost management": 3008,
        "Total Operating Expenses": 6181,
        "Total revenue financing activities": 268,
        "Net profit from business activities": 8669,
        "Profit": -2,
        "Profit before tax": 8667,
        "Present corporate income tax expenses": 867,
        "Deferred income taxes expenses": "N/A",
        "The interests of minority shareholders": "N/A",
        "Total Cost of profits": 867,
        "Profit after tax corporate income": 7800,
        "Volume": 10000000,
        "Close of Quarter": 13.1,
        "EPS": 1506.3,
        "Non-adjusted EPS": 2228,
        "PE": 5.9,
        "Book Price": 9.0
      }
    },
    {
      "quarter": "Q4 2007",
      "income status": {
        "Net sales": 42992,
        "Cost of goods sold": 32207,
        "Gross Profit": 10785,
        "Financial expenses": 309,
        "Of which: Interest expense": 169,
        "Cost of sales": 3791,
        "Enterprise cost management": 3664,
        "Total Operating Expenses": 7764,
        "Total revenue financing activities": 145,
        "Net profit from business activities": 3167,
        "Profit": "N/A",
        "Profit before tax": 3167,
        "Present corporate income tax expenses": 317,
        "Deferred income taxes expenses": "N/A",
        "The interests of minority shareholders": "N/A",
        "Total Cost of profits": 317,
        "Profit after tax corporate income": 2850,
        "Volume": 10000000,
        "Close of Quarter": 27.2,
        "EPS": 1488.0,
        "Non-adjusted EPS": 2201,
        "PE": 12.4,
        "Book Price": 8.5
      }
    },
    {
      "quarter": "Q3 2007",
      "income status": {
        "Net sales": 31387,
        "Cost of goods sold": 20638,
        "Gross Profit": 10749,
        "Financial expenses": 129,
        "Of which: Interest expense": 125,
        "Cost of sales": 3260,
        "Enterprise cost management": 3144,
        "Total Operating Expenses": 6533,
        "Total revenue financing activities": 94,
        "Net profit from business activities": 4311,
        "Profit": 2,
        "Profit before tax": 4313,
        "Present corporate income tax expenses": 431,
        "Deferred income taxes expenses": "N/A",
        "The interests of minority shareholders": "N/A",
        "Total Cost of profits": 431,
        "Profit after tax corporate income": 3882,
        "Volume": 10000000,
        "Close of Quarter": 26.8,
        "EPS": 1402.8,
        "Non-adjusted EPS": 2075,
        "PE": 12.9,
        "Book Price": 8.7
      }
    },
    {
      "quarter": "Q2 2007",
      "income status": {
        "Net sales": 46903,
        "Cost of goods sold": 30329,
        "Gross Profit": 16574,
        "Financial expenses": 438,
        "Of which: Interest expense": 319,
        "Cost of sales": 3928,
        "Enterprise cost management": 3654,
        "Total Operating Expenses": 8020,
        "Total revenue financing activities": 55,
        "Net profit from business activities": 8610,
        "Profit": -3,
        "Profit before tax": 8607,
        "Present corporate income tax expenses": 861,
        "Deferred income taxes expenses": "N/A",
        "The interests of minority shareholders": "N/A",
        "Total Cost of profits": 861,
        "Profit after tax corporate income": 7746,
        "Volume": 10000000,
        "Close of Quarter": 29.1,
        "EPS": 1502.9,
        "Non-adjusted EPS": 2223,
        "PE": 13.1,
        "Book Price": 8.5
      }
    },
    {
      "quarter": "Q1 2007",
      "income status": {
        "Net sales": 34574,
        "Cost of goods sold": 21359,
        "Gross Profit": 13215,
        "Financial expenses": 103,
        "Of which: Interest expense": 95,
        "Cost of sales": 2552,
        "Enterprise cost management": 2375,
        "Total Operating Expenses": 5030,
        "Total revenue financing activities": 174,
        "Net profit from business activities": 8358,
        "Profit": 10,
        "Profit before tax": 8369,
        "Present corporate income tax expenses": 837,
        "Deferred income taxes expenses": "N/A",
        "The interests of minority shareholders": "N/A",
        "Total Cost of profits": 837,
        "Profit after tax corporate income": 7532,
        "Volume": 6000000,
        "Close of Quarter": 30.3,
        "EPS": 1568.2,
        "Non-adjusted EPS": 3866,
        "PE": 7.8,
        "Book Price": 8.4
      }
    },
    {
      "quarter": "Q4 2006",
      "income status": {
        "Net sales": 26678,
        "Cost of goods sold": 21453,
        "Gross Profit": 5225,
        "Financial expenses": 302,
        "Of which: Interest expense": 92,
        "Cost of sales": 1319,
        "Enterprise cost management": 2169,
        "Total Operating Expenses": 3790,
        "Total revenue financing activities": 133,
        "Net profit from business activities": 1568,
        "Profit": 20,
        "Profit before tax": 1588,
        "Present corporate income tax expenses": "N/A",
        "Deferred income taxes expenses": "N/A",
        "The interests of minority shareholders": "N/A",
        "Total Cost of profits": 0,
        "Profit after tax corporate income": 1588,
        "Volume": 6000000,
        "Close of Quarter": 18.9,
        "EPS": 1625.8,
        "Non-adjusted EPS": 4008,
        "PE": 4.7,
        "Book Price": 7.9
      }
    },
    {
      "quarter": "Q3 2006",
      "income status": {
        "Net sales": 24265,
        "Cost of goods sold": 13481,
        "Gross Profit": 10784,
        "Financial expenses": 12,
        "Of which: Interest expense": "N/A",
        "Cost of sales": 2576,
        "Enterprise cost management": 2998,
        "Total Operating Expenses": 5586,
        "Total revenue financing activities": 53,
        "Net profit from business activities": 5251,
        "Profit": 111,
        "Profit before tax": 5362,
        "Present corporate income tax expenses": "N/A",
        "Deferred income taxes expenses": "N/A",
        "The interests of minority shareholders": "N/A",
        "Total Cost of profits": 0,
        "Profit after tax corporate income": 5362,
        "Volume": 6000000,
        "Close of Quarter": 16.6,
        "EPS": 1518.3,
        "Non-adjusted EPS": 3743,
        "PE": 4.4,
        "Book Price": 8.2
      }
    },
    {
      "quarter": "Q2 2006",
      "income status": {
        "Net sales": 46169,
        "Cost of goods sold": 31034,
        "Gross Profit": 15134,
        "Financial expenses": 519,
        "Of which: Interest expense": "N/A",
        "Cost of sales": 3542,
        "Enterprise cost management": 2410,
        "Total Operating Expenses": 6471,
        "Total revenue financing activities": 51,
        "Net profit from business activities": 8715,
        "Profit": "N/A",
        "Profit before tax": 8715,
        "Present corporate income tax expenses": "N/A",
        "Deferred income taxes expenses": "N/A",
        "The interests of minority shareholders": "N/A",
        "Total Cost of profits": 0,
        "Profit after tax corporate income": 8715,
        "Volume": 6000000,
        "Close of Quarter": 15.8,
        "EPS": 1155.7,
        "Non-adjusted EPS": 2849,
        "PE": 5.6,
        "Book Price": 7.9
      }
    },
    {
      "quarter": "Q1 2006",
      "income status": {
        "Net sales": 32749,
        "Cost of goods sold": 18720,
        "Gross Profit": 14030,
        "Financial expenses": 186,
        "Of which: Interest expense": 92,
        "Cost of sales": 2447,
        "Enterprise cost management": 3058,
        "Total Operating Expenses": 5691,
        "Total revenue financing activities": 41,
        "Net profit from business activities": 8380,
        "Profit": "N/A",
        "Profit before tax": 8380,
        "Present corporate income tax expenses": "N/A",
        "Deferred income taxes expenses": "N/A",
        "The interests of minority shareholders": "N/A",
        "Total Cost of profits": 0,
        "Profit after tax corporate income": 8380,
        "Volume": 6000000,
        "Close of Quarter": 17.5,
        "EPS": 566.7,
        "Non-adjusted EPS": 1397,
        "PE": 12.5,
        "Book Price": 7.8
      }
    }
  ]
}