{
  "ticker": "TTP",
  "data": [
    {
      "quarter": "Q1 2017",
      "income status": {
        "Net sales": 303732,
        "Cost of goods sold": 268544,
        "Gross Profit": 35188,
        "Financial expenses": 25,
        "Of which: Interest expense": "N/A",
        "Cost of sales": 8100,
        "Enterprise cost management": 9707,
        "Total Operating Expenses": 17832,
        "Total revenue financing activities": 4761,
        "Net profit from business activities": 22118,
        "Profit": "N/A",
        "Profit before tax": 22118,
        "Present corporate income tax expenses": 4526,
        "Deferred income taxes expenses": 30,
        "The interests of minority shareholders": "N/A",
        "Total Cost of profits": 4556,
        "Profit after tax corporate income": 17561,
        "Volume": 14999998,
        "Close of Quarter": 74.4,
        "EPS": 6819,
        "Non-adjusted EPS": 6819,
        "PE": 10.9,
        "Book Price": 45.2
      }
    },
    {
      "quarter": "Q4 2016",
      "income status": {
        "Net sales": 366522,
        "Cost of goods sold": 311862,
        "Gross Profit": 54660,
        "Financial expenses": 34,
        "Of which: Interest expense": "N/A",
        "Cost of sales": 6770,
        "Enterprise cost management": 13295,
        "Total Operating Expenses": 20099,
        "Total revenue financing activities": 4024,
        "Net profit from business activities": 38585,
        "Profit": -1171,
        "Profit before tax": 37413,
        "Present corporate income tax expenses": 11626,
        "Deferred income taxes expenses": -3606,
        "The interests of minority shareholders": "N/A",
        "Total Cost of profits": 8020,
        "Profit after tax corporate income": 29394,
        "Volume": 14999998,
        "Close of Quarter": 52.6,
        "EPS": 6715,
        "Non-adjusted EPS": 6715,
        "PE": 7.8,
        "Book Price": 44
      }
    },
    {
      "quarter": "Q1 2016",
      "income status": {
        "Net sales": 341790,
        "Cost of goods sold": 280617,
        "Gross Profit": 61174,
        "Financial expenses": 665,
        "Of which: Interest expense": 640,
        "Cost of sales": 11739,
        "Enterprise cost management": 11345,
        "Total Operating Expenses": 23749,
        "Total revenue financing activities": 1987,
        "Net profit from business activities": 39411,
        "Profit": 111,
        "Profit before tax": 39522,
        "Present corporate income tax expenses": 8045,
        "Deferred income taxes expenses": "N/A",
        "The interests of minority shareholders": "N/A",
        "Total Cost of profits": 8045,
        "Profit after tax corporate income": 31478,
        "Volume": 14999998,
        "Close of Quarter": 52.4,
        "EPS": 5399,
        "Non-adjusted EPS": 5399,
        "PE": 9.7,
        "Book Price": "N/A"
      }
    },
    {
      "quarter": "Q4 2015",
      "income status": {
        "Net sales": 349987,
        "Cost of goods sold": 303542,
        "Gross Profit": 46445,
        "Financial expenses": 2305,
        "Of which: Interest expense": 2206,
        "Cost of sales": -4573,
        "Enterprise cost management": 16603,
        "Total Operating Expenses": 14335,
        "Total revenue financing activities": 2645,
        "Net profit from business activities": 34754,
        "Profit": -478,
        "Profit before tax": 34276,
        "Present corporate income tax expenses": 10427,
        "Deferred income taxes expenses": "N/A",
        "The interests of minority shareholders": "N/A",
        "Total Cost of profits": 10427,
        "Profit after tax corporate income": 23850,
        "Volume": 14999998,
        "Close of Quarter": 52.4,
        "EPS": 3565,
        "Non-adjusted EPS": 3565,
        "PE": 14.7,
        "Book Price": 37.1
      }
    },
    {
      "quarter": "Q2 2015",
      "income status": {
        "Net sales": 332031,
        "Cost of goods sold": 282155,
        "Gross Profit": 49876,
        "Financial expenses": 6825,
        "Of which: Interest expense": 6686,
        "Cost of sales": 4497,
        "Enterprise cost management": 19936,
        "Total Operating Expenses": 31258,
        "Total revenue financing activities": 1094,
        "Net profit from business activities": 19712,
        "Profit": 943,
        "Profit before tax": 20655,
        "Present corporate income tax expenses": 4646,
        "Deferred income taxes expenses": "N/A",
        "The interests of minority shareholders": "N/A",
        "Total Cost of profits": 4646,
        "Profit after tax corporate income": 16009,
        "Volume": 14999998,
        "Close of Quarter": 30.3,
        "EPS": 3507,
        "Non-adjusted EPS": 3507,
        "PE": 8.7,
        "Book Price": 35.6
      }
    },
    {
      "quarter": "Q1 2015",
      "income status": {
        "Net sales": 331263,
        "Cost of goods sold": 285071,
        "Gross Profit": 46192,
        "Financial expenses": 7861,
        "Of which: Interest expense": 7744,
        "Cost of sales": 4806,
        "Enterprise cost management": 21843,
        "Total Operating Expenses": 34510,
        "Total revenue financing activities": 998,
        "Net profit from business activities": 12680,
        "Profit": 158,
        "Profit before tax": 12837,
        "Present corporate income tax expenses": 3183,
        "Deferred income taxes expenses": "N/A",
        "The interests of minority shareholders": "N/A",
        "Total Cost of profits": 3183,
        "Profit after tax corporate income": 9655,
        "Volume": 14999998,
        "Close of Quarter": 24.4,
        "EPS": 2722,
        "Non-adjusted EPS": 2722,
        "PE": 9.0,
        "Book Price": 34.6
      }
    },
    {
      "quarter": "Q4 2014",
      "income status": {
        "Net sales": 404967,
        "Cost of goods sold": 359821,
        "Gross Profit": 45147,
        "Financial expenses": 10157,
        "Of which: Interest expense": 9747,
        "Cost of sales": 7365,
        "Enterprise cost management": 23641,
        "Total Operating Expenses": 41163,
        "Total revenue financing activities": 1409,
        "Net profit from business activities": 5393,
        "Profit": 7,
        "Profit before tax": 5400,
        "Present corporate income tax expenses": 1443,
        "Deferred income taxes expenses": "N/A",
        "The interests of minority shareholders": "N/A",
        "Total Cost of profits": 1443,
        "Profit after tax corporate income": 3957,
        "Volume": 14999998,
        "Close of Quarter": 21.9,
        "EPS": 2219,
        "Non-adjusted EPS": 2219,
        "PE": 9.9,
        "Book Price": 33.6
      }
    },
    {
      "quarter": "Q3 2014",
      "income status": {
        "Net sales": 415132,
        "Cost of goods sold": 353431,
        "Gross Profit": 61701,
        "Financial expenses": 9061,
        "Of which: Interest expense": 9597,
        "Cost of sales": 5118,
        "Enterprise cost management": 18399,
        "Total Operating Expenses": 32578,
        "Total revenue financing activities": 321,
        "Net profit from business activities": 29444,
        "Profit": 18,
        "Profit before tax": 29462,
        "Present corporate income tax expenses": 6482,
        "Deferred income taxes expenses": "N/A",
        "The interests of minority shareholders": "N/A",
        "Total Cost of profits": 6482,
        "Profit after tax corporate income": 22981,
        "Volume": 14999998,
        "Close of Quarter": 22.5,
        "EPS": 2994,
        "Non-adjusted EPS": 2994,
        "PE": 7.5,
        "Book Price": 33.3
      }
    },
    {
      "quarter": "Q2 2014",
      "income status": {
        "Net sales": 383015,
        "Cost of goods sold": 348492,
        "Gross Profit": 34523,
        "Financial expenses": 10516,
        "Of which: Interest expense": 9971,
        "Cost of sales": 4998,
        "Enterprise cost management": 14265,
        "Total Operating Expenses": 29779,
        "Total revenue financing activities": 361,
        "Net profit from business activities": 5105,
        "Profit": 285,
        "Profit before tax": 5390,
        "Present corporate income tax expenses": 1154,
        "Deferred income taxes expenses": "N/A",
        "The interests of minority shareholders": "N/A",
        "Total Cost of profits": 1154,
        "Profit after tax corporate income": 4236,
        "Volume": 14999998,
        "Close of Quarter": 18.4,
        "EPS": 1650,
        "Non-adjusted EPS": 1650,
        "PE": 11.1,
        "Book Price": 31.8
      }
    },
    {
      "quarter": "Q1 2014",
      "income status": {
        "Net sales": 311390,
        "Cost of goods sold": 287923,
        "Gross Profit": 23467,
        "Financial expenses": 8999,
        "Of which: Interest expense": 8912,
        "Cost of sales": 4712,
        "Enterprise cost management": 7404,
        "Total Operating Expenses": 21115,
        "Total revenue financing activities": 349,
        "Net profit from business activities": 2700,
        "Profit": 6,
        "Profit before tax": 2706,
        "Present corporate income tax expenses": 595,
        "Deferred income taxes expenses": "N/A",
        "The interests of minority shareholders": "N/A",
        "Total Cost of profits": 595,
        "Profit after tax corporate income": 2111,
        "Volume": 14999998,
        "Close of Quarter": 28.7,
        "EPS": 2036,
        "Non-adjusted EPS": 2036,
        "PE": 14.1,
        "Book Price": 36.1
      }
    },
    {
      "quarter": "Q4 2013",
      "income status": {
        "Net sales": 436482,
        "Cost of goods sold": 387473,
        "Gross Profit": 49009,
        "Financial expenses": 9362,
        "Of which: Interest expense": 9282,
        "Cost of sales": 5403,
        "Enterprise cost management": 13792,
        "Total Operating Expenses": 28557,
        "Total revenue financing activities": 207,
        "Net profit from business activities": 20660,
        "Profit": 136,
        "Profit before tax": 20797,
        "Present corporate income tax expenses": 5210,
        "Deferred income taxes expenses": "N/A",
        "The interests of minority shareholders": "N/A",
        "Total Cost of profits": 5210,
        "Profit after tax corporate income": 15586,
        "Volume": 14999998,
        "Close of Quarter": 27.5,
        "EPS": 2495,
        "Non-adjusted EPS": 2495,
        "PE": 11.0,
        "Book Price": 36.3
      }
    },
    {
      "quarter": "Q3 2013",
      "income status": {
        "Net sales": 361138,
        "Cost of goods sold": 336321,
        "Gross Profit": 24817,
        "Financial expenses": 8697,
        "Of which: Interest expense": 8394,
        "Cost of sales": 5078,
        "Enterprise cost management": 8615,
        "Total Operating Expenses": 22390,
        "Total revenue financing activities": 913,
        "Net profit from business activities": 3339,
        "Profit": 415,
        "Profit before tax": 3755,
        "Present corporate income tax expenses": 2644,
        "Deferred income taxes expenses": -1706,
        "The interests of minority shareholders": "N/A",
        "Total Cost of profits": 938,
        "Profit after tax corporate income": 2816,
        "Volume": 14999998,
        "Close of Quarter": 21.5,
        "EPS": 2236,
        "Non-adjusted EPS": 2236,
        "PE": 9.6,
        "Book Price": 35.4
      }
    },
    {
      "quarter": "Q2 2013",
      "income status": {
        "Net sales": 354671,
        "Cost of goods sold": 328563,
        "Gross Profit": 26109,
        "Financial expenses": 207,
        "Of which: Interest expense": 163,
        "Cost of sales": 4226,
        "Enterprise cost management": 8635,
        "Total Operating Expenses": 13068,
        "Total revenue financing activities": 639,
        "Net profit from business activities": 13679,
        "Profit": 35,
        "Profit before tax": 13714,
        "Present corporate income tax expenses": -3002,
        "Deferred income taxes expenses": 6695,
        "The interests of minority shareholders": "N/A",
        "Total Cost of profits": 3693,
        "Profit after tax corporate income": 10021,
        "Volume": 14999998,
        "Close of Quarter": 27.6,
        "EPS": 2507,
        "Non-adjusted EPS": 2507,
        "PE": 11.0,
        "Book Price": 35.2
      }
    },
    {
      "quarter": "Q1 2013",
      "income status": {
        "Net sales": 350615,
        "Cost of goods sold": 328225,
        "Gross Profit": 22390,
        "Financial expenses": 8,
        "Of which: Interest expense": "N/A",
        "Cost of sales": 3744,
        "Enterprise cost management": 7424,
        "Total Operating Expenses": 11176,
        "Total revenue financing activities": 791,
        "Net profit from business activities": 12005,
        "Profit": 3,
        "Profit before tax": 12008,
        "Present corporate income tax expenses": 3002,
        "Deferred income taxes expenses": "N/A",
        "The interests of minority shareholders": "N/A",
        "Total Cost of profits": 3002,
        "Profit after tax corporate income": 9006,
        "Volume": 14999998,
        "Close of Quarter": 26.6,
        "EPS": 2385,
        "Non-adjusted EPS": 2385,
        "PE": 11.2,
        "Book Price": 35.8
      }
    },
    {
      "quarter": "Q4 2012",
      "income status": {
        "Net sales": 391603,
        "Cost of goods sold": 361493,
        "Gross Profit": 30111,
        "Financial expenses": 98,
        "Of which: Interest expense": 104,
        "Cost of sales": 6221,
        "Enterprise cost management": 12103,
        "Total Operating Expenses": 18422,
        "Total revenue financing activities": 470,
        "Net profit from business activities": 12158,
        "Profit": 3483,
        "Profit before tax": 15641,
        "Present corporate income tax expenses": 3938,
        "Deferred income taxes expenses": "N/A",
        "The interests of minority shareholders": "N/A",
        "Total Cost of profits": 3938,
        "Profit after tax corporate income": 11704,
        "Volume": 14999998,
        "Close of Quarter": 35.1,
        "EPS": 2790,
        "Non-adjusted EPS": 2790,
        "PE": 12.6,
        "Book Price": 35.2
      }
    },
    {
      "quarter": "Q3 2012",
      "income status": {
        "Net sales": 383681,
        "Cost of goods sold": 362134,
        "Gross Profit": 21547,
        "Financial expenses": 71,
        "Of which: Interest expense": 50,
        "Cost of sales": 4545,
        "Enterprise cost management": 9273,
        "Total Operating Expenses": 13889,
        "Total revenue financing activities": 1500,
        "Net profit from business activities": 9157,
        "Profit": 11,
        "Profit before tax": 9168,
        "Present corporate income tax expenses": 2292,
        "Deferred income taxes expenses": "N/A",
        "The interests of minority shareholders": "N/A",
        "Total Cost of profits": 2292,
        "Profit after tax corporate income": 6876,
        "Volume": 14999998,
        "Close of Quarter": 24.0,
        "EPS": 3715,
        "Non-adjusted EPS": 3715,
        "PE": 6.5,
        "Book Price": 35.5
      }
    },
    {
      "quarter": "Q2 2012",
      "income status": {
        "Net sales": 373903,
        "Cost of goods sold": 353089,
        "Gross Profit": 20814,
        "Financial expenses": 98,
        "Of which: Interest expense": "N/A",
        "Cost of sales": 6465,
        "Enterprise cost management": 6835,
        "Total Operating Expenses": 13398,
        "Total revenue financing activities": 3499,
        "Net profit from business activities": 10915,
        "Profit": 7,
        "Profit before tax": 10922,
        "Present corporate income tax expenses": 2730,
        "Deferred income taxes expenses": "N/A",
        "The interests of minority shareholders": "N/A",
        "Total Cost of profits": 2730,
        "Profit after tax corporate income": 8191,
        "Volume": 14999998,
        "Close of Quarter": 25.6,
        "EPS": 3760,
        "Non-adjusted EPS": 3760,
        "PE": 6.8,
        "Book Price": 35.1
      }
    },
    {
      "quarter": "Q1 2012",
      "income status": {
        "Net sales": 343233,
        "Cost of goods sold": 318943,
        "Gross Profit": 24290,
        "Financial expenses": -184,
        "Of which: Interest expense": "N/A",
        "Cost of sales": 2769,
        "Enterprise cost management": 5819,
        "Total Operating Expenses": 8404,
        "Total revenue financing activities": 3918,
        "Net profit from business activities": 19804,
        "Profit": 298,
        "Profit before tax": 20102,
        "Present corporate income tax expenses": 5026,
        "Deferred income taxes expenses": "N/A",
        "The interests of minority shareholders": "N/A",
        "Total Cost of profits": 5026,
        "Profit after tax corporate income": 15077,
        "Volume": 14999998,
        "Close of Quarter": 28.9,
        "EPS": 3851,
        "Non-adjusted EPS": 3851,
        "PE": 7.5,
        "Book Price": 35.8
      }
    },
    {
      "quarter": "Q4 2011",
      "income status": {
        "Net sales": 417864,
        "Cost of goods sold": 377136,
        "Gross Profit": 40728,
        "Financial expenses": 509,
        "Of which: Interest expense": 17,
        "Cost of sales": 6345,
        "Enterprise cost management": 7221,
        "Total Operating Expenses": 14075,
        "Total revenue financing activities": 3443,
        "Net profit from business activities": 30096,
        "Profit": 25,
        "Profit before tax": 30121,
        "Present corporate income tax expenses": 4545,
        "Deferred income taxes expenses": "N/A",
        "The interests of minority shareholders": "N/A",
        "Total Cost of profits": 4545,
        "Profit after tax corporate income": 25576,
        "Volume": 14999998,
        "Close of Quarter": 24.2,
        "EPS": 4327,
        "Non-adjusted EPS": 4327,
        "PE": 5.6,
        "Book Price": 34.9
      }
    },
    {
      "quarter": "Q3 2011",
      "income status": {
        "Net sales": 379076,
        "Cost of goods sold": 362519,
        "Gross Profit": 16557,
        "Financial expenses": 354,
        "Of which: Interest expense": "N/A",
        "Cost of sales": 4592,
        "Enterprise cost management": 6568,
        "Total Operating Expenses": 11514,
        "Total revenue financing activities": 3553,
        "Net profit from business activities": 8597,
        "Profit": 43,
        "Profit before tax": 8639,
        "Present corporate income tax expenses": 1080,
        "Deferred income taxes expenses": "N/A",
        "The interests of minority shareholders": "N/A",
        "Total Cost of profits": 1080,
        "Profit after tax corporate income": 7559,
        "Volume": 14999998,
        "Close of Quarter": 25.9,
        "EPS": 4645,
        "Non-adjusted EPS": 4645,
        "PE": 5.6,
        "Book Price": 33
      }
    },
    {
      "quarter": "Q2 2011",
      "income status": {
        "Net sales": 386124,
        "Cost of goods sold": 363905,
        "Gross Profit": 22218,
        "Financial expenses": 2052,
        "Of which: Interest expense": 147,
        "Cost of sales": 4490,
        "Enterprise cost management": 6498,
        "Total Operating Expenses": 13040,
        "Total revenue financing activities": 1593,
        "Net profit from business activities": 10772,
        "Profit": 311,
        "Profit before tax": 11083,
        "Present corporate income tax expenses": 1534,
        "Deferred income taxes expenses": "N/A",
        "The interests of minority shareholders": "N/A",
        "Total Cost of profits": 1534,
        "Profit after tax corporate income": 9548,
        "Volume": 14999998,
        "Close of Quarter": 19.9,
        "EPS": 5308,
        "Non-adjusted EPS": 5308,
        "PE": 3.8,
        "Book Price": 33.7
      }
    },
    {
      "quarter": "Q1 2011",
      "income status": {
        "Net sales": 387569,
        "Cost of goods sold": 351910,
        "Gross Profit": 35659,
        "Financial expenses": 2879,
        "Of which: Interest expense": 844,
        "Cost of sales": 2899,
        "Enterprise cost management": 5674,
        "Total Operating Expenses": 11452,
        "Total revenue financing activities": 1001,
        "Net profit from business activities": 25208,
        "Profit": 186,
        "Profit before tax": 25393,
        "Present corporate income tax expenses": 3174,
        "Deferred income taxes expenses": "N/A",
        "The interests of minority shareholders": "N/A",
        "Total Cost of profits": 3174,
        "Profit after tax corporate income": 22219,
        "Volume": 14999998,
        "Close of Quarter": 20.5,
        "EPS": 5897,
        "Non-adjusted EPS": 5897,
        "PE": 3.5,
        "Book Price": 32.8
      }
    },
    {
      "quarter": "Q4 2010",
      "income status": {
        "Net sales": 421593,
        "Cost of goods sold": 375330,
        "Gross Profit": 46262,
        "Financial expenses": 1121,
        "Of which: Interest expense": 126,
        "Cost of sales": 5235,
        "Enterprise cost management": 7154,
        "Total Operating Expenses": 13510,
        "Total revenue financing activities": 1797,
        "Net profit from business activities": 34549,
        "Profit": 141,
        "Profit before tax": 34690,
        "Present corporate income tax expenses": 4347,
        "Deferred income taxes expenses": "N/A",
        "The interests of minority shareholders": "N/A",
        "Total Cost of profits": 4347,
        "Profit after tax corporate income": 30344,
        "Volume": 14999998,
        "Close of Quarter": 26.6,
        "EPS": 5784,
        "Non-adjusted EPS": 5784,
        "PE": 4.6,
        "Book Price": 33.3
      }
    },
    {
      "quarter": "Q3 2010",
      "income status": {
        "Net sales": 312765,
        "Cost of goods sold": 285161,
        "Gross Profit": 27604,
        "Financial expenses": 1540,
        "Of which: Interest expense": 32,
        "Cost of sales": 3915,
        "Enterprise cost management": 6354,
        "Total Operating Expenses": 11809,
        "Total revenue financing activities": 3893,
        "Net profit from business activities": 19689,
        "Profit": 314,
        "Profit before tax": 20003,
        "Present corporate income tax expenses": 2500,
        "Deferred income taxes expenses": "N/A",
        "The interests of minority shareholders": "N/A",
        "Total Cost of profits": 2500,
        "Profit after tax corporate income": 17503,
        "Volume": 14999998,
        "Close of Quarter": 25.9,
        "EPS": 5222,
        "Non-adjusted EPS": 5222,
        "PE": 5.0,
        "Book Price": 32.3
      }
    },
    {
      "quarter": "Q2 2010",
      "income status": {
        "Net sales": 305119,
        "Cost of goods sold": 276213,
        "Gross Profit": 28905,
        "Financial expenses": 1205,
        "Of which: Interest expense": 8,
        "Cost of sales": 5020,
        "Enterprise cost management": 4390,
        "Total Operating Expenses": 10615,
        "Total revenue financing activities": 2671,
        "Net profit from business activities": 20961,
        "Profit": 63,
        "Profit before tax": 21023,
        "Present corporate income tax expenses": 2628,
        "Deferred income taxes expenses": "N/A",
        "The interests of minority shareholders": "N/A",
        "Total Cost of profits": 2628,
        "Profit after tax corporate income": 18396,
        "Volume": 14999998,
        "Close of Quarter": 29.9,
        "EPS": 5509,
        "Non-adjusted EPS": 5509,
        "PE": 5.4,
        "Book Price": 31.2
      }
    },
    {
      "quarter": "Q1 2010",
      "income status": {
        "Net sales": 295038,
        "Cost of goods sold": 266319,
        "Gross Profit": 28719,
        "Financial expenses": 864,
        "Of which: Interest expense": 25,
        "Cost of sales": 3274,
        "Enterprise cost management": 4618,
        "Total Operating Expenses": 8756,
        "Total revenue financing activities": 3274,
        "Net profit from business activities": 23237,
        "Profit": 213,
        "Profit before tax": 23450,
        "Present corporate income tax expenses": 2931,
        "Deferred income taxes expenses": "N/A",
        "The interests of minority shareholders": "N/A",
        "Total Cost of profits": 2931,
        "Profit after tax corporate income": 20519,
        "Volume": 14999998,
        "Close of Quarter": 33,
        "EPS": 5796,
        "Non-adjusted EPS": 5796,
        "PE": 5.7,
        "Book Price": 31.9
      }
    },
    {
      "quarter": "Q4 2009",
      "income status": {
        "Net sales": 298795,
        "Cost of goods sold": 266368,
        "Gross Profit": 32427,
        "Financial expenses": 1627,
        "Of which: Interest expense": "N/A",
        "Cost of sales": 4767,
        "Enterprise cost management": 5350,
        "Total Operating Expenses": 11744,
        "Total revenue financing activities": 4127,
        "Net profit from business activities": 24811,
        "Profit": 253,
        "Profit before tax": 25063,
        "Present corporate income tax expenses": 3156,
        "Deferred income taxes expenses": "N/A",
        "The interests of minority shareholders": "N/A",
        "Total Cost of profits": 3156,
        "Profit after tax corporate income": 21907,
        "Volume": 14999998,
        "Close of Quarter": 31.5,
        "EPS": 5589,
        "Non-adjusted EPS": 5589,
        "PE": 5.6,
        "Book Price": 30.4
      }
    },
    {
      "quarter": "Q3 2009",
      "income status": {
        "Net sales": 254327,
        "Cost of goods sold": 223557,
        "Gross Profit": 30770,
        "Financial expenses": 344,
        "Of which: Interest expense": 51,
        "Cost of sales": 3808,
        "Enterprise cost management": 4555,
        "Total Operating Expenses": 8707,
        "Total revenue financing activities": 2848,
        "Net profit from business activities": 24911,
        "Profit": 13,
        "Profit before tax": 24924,
        "Present corporate income tax expenses": 3115,
        "Deferred income taxes expenses": "N/A",
        "The interests of minority shareholders": "N/A",
        "Total Cost of profits": 3115,
        "Profit after tax corporate income": 21808,
        "Volume": 14999998,
        "Close of Quarter": 47.3,
        "EPS": 5721,
        "Non-adjusted EPS": 5721,
        "PE": 8.3,
        "Book Price": 29
      }
    },
    {
      "quarter": "Q2 2009",
      "income status": {
        "Net sales": 263694,
        "Cost of goods sold": 233174,
        "Gross Profit": 30520,
        "Financial expenses": -577,
        "Of which: Interest expense": 65,
        "Cost of sales": 3325,
        "Enterprise cost management": 5187,
        "Total Operating Expenses": 7935,
        "Total revenue financing activities": 3204,
        "Net profit from business activities": 25790,
        "Profit": 163,
        "Profit before tax": 25953,
        "Present corporate income tax expenses": 3244,
        "Deferred income taxes expenses": "N/A",
        "The interests of minority shareholders": "N/A",
        "Total Cost of profits": 3244,
        "Profit after tax corporate income": 22709,
        "Volume": 14999998,
        "Close of Quarter": 28.9,
        "EPS": 5704,
        "Non-adjusted EPS": 5704,
        "PE": 5.1,
        "Book Price": 28.8
      }
    },
    {
      "quarter": "Q1 2009",
      "income status": {
        "Net sales": 227755,
        "Cost of goods sold": 202634,
        "Gross Profit": 25121,
        "Financial expenses": 106,
        "Of which: Interest expense": "N/A",
        "Cost of sales": 1811,
        "Enterprise cost management": 5725,
        "Total Operating Expenses": 7642,
        "Total revenue financing activities": 2381,
        "Net profit from business activities": 19860,
        "Profit": 40,
        "Profit before tax": 19901,
        "Present corporate income tax expenses": 2488,
        "Deferred income taxes expenses": "N/A",
        "The interests of minority shareholders": "N/A",
        "Total Cost of profits": 2488,
        "Profit after tax corporate income": 17413,
        "Volume": 14999998,
        "Close of Quarter": 14.9,
        "EPS": 4879,
        "Non-adjusted EPS": 4879,
        "PE": 3.1,
        "Book Price": 29
      }
    },
    {
      "quarter": "Q4 2008",
      "income status": {
        "Net sales": 314645,
        "Cost of goods sold": 274370,
        "Gross Profit": 40275,
        "Financial expenses": 3010,
        "Of which: Interest expense": 20,
        "Cost of sales": 4754,
        "Enterprise cost management": 6076,
        "Total Operating Expenses": 13840,
        "Total revenue financing activities": 1226,
        "Net profit from business activities": 27660,
        "Profit": 120,
        "Profit before tax": 27780,
        "Present corporate income tax expenses": 3901,
        "Deferred income taxes expenses": "N/A",
        "The interests of minority shareholders": "N/A",
        "Total Cost of profits": 3901,
        "Profit after tax corporate income": 23879,
        "Volume": 14999998,
        "Close of Quarter": 11.7,
        "EPS": 4235,
        "Non-adjusted EPS": 4235,
        "PE": 2.8,
        "Book Price": 27.6
      }
    },
    {
      "quarter": "Q3 2008",
      "income status": {
        "Net sales": 279099,
        "Cost of goods sold": 245755,
        "Gross Profit": 33344,
        "Financial expenses": 153,
        "Of which: Interest expense": "N/A",
        "Cost of sales": 5154,
        "Enterprise cost management": 3627,
        "Total Operating Expenses": 8934,
        "Total revenue financing activities": 505,
        "Net profit from business activities": 24916,
        "Profit": 155,
        "Profit before tax": 25071,
        "Present corporate income tax expenses": 3510,
        "Deferred income taxes expenses": "N/A",
        "The interests of minority shareholders": "N/A",
        "Total Cost of profits": 3510,
        "Profit after tax corporate income": 21561,
        "Volume": 14999998,
        "Close of Quarter": 14.9,
        "EPS": 3327,
        "Non-adjusted EPS": 3327,
        "PE": 4.5,
        "Book Price": 26.9
      }
    },
    {
      "quarter": "Q2 2008",
      "income status": {
        "Net sales": 243057,
        "Cost of goods sold": 218085,
        "Gross Profit": 24973,
        "Financial expenses": 3923,
        "Of which: Interest expense": 487,
        "Cost of sales": 3085,
        "Enterprise cost management": 7163,
        "Total Operating Expenses": 14171,
        "Total revenue financing activities": 1186,
        "Net profit from business activities": 11987,
        "Profit": 29,
        "Profit before tax": 12016,
        "Present corporate income tax expenses": 1682,
        "Deferred income taxes expenses": "N/A",
        "The interests of minority shareholders": "N/A",
        "Total Cost of profits": 1682,
        "Profit after tax corporate income": 10334,
        "Volume": 14999998,
        "Close of Quarter": 15.2,
        "EPS": 2932,
        "Non-adjusted EPS": 2932,
        "PE": 5.2,
        "Book Price": 26.1
      }
    },
    {
      "quarter": "Q1 2008",
      "income status": {
        "Net sales": 204491,
        "Cost of goods sold": 189067,
        "Gross Profit": 15423,
        "Financial expenses": 443,
        "Of which: Interest expense": 288,
        "Cost of sales": 2575,
        "Enterprise cost management": 3750,
        "Total Operating Expenses": 6768,
        "Total revenue financing activities": 278,
        "Net profit from business activities": 8933,
        "Profit": 84,
        "Profit before tax": 9017,
        "Present corporate income tax expenses": 1262,
        "Deferred income taxes expenses": "N/A",
        "The interests of minority shareholders": "N/A",
        "Total Cost of profits": 1262,
        "Profit after tax corporate income": 7755,
        "Volume": 14999998,
        "Close of Quarter": 30.5,
        "EPS": 3276,
        "Non-adjusted EPS": 3276,
        "PE": 9.3,
        "Book Price": 26.7
      }
    },
    {
      "quarter": "Q4 2007",
      "income status": {
        "Net sales": 235877,
        "Cost of goods sold": 213943,
        "Gross Profit": 21934,
        "Financial expenses": 3669,
        "Of which: Interest expense": 3669,
        "Cost of sales": 3283,
        "Enterprise cost management": 4460,
        "Total Operating Expenses": 11412,
        "Total revenue financing activities": 1383,
        "Net profit from business activities": 11904,
        "Profit": 36,
        "Profit before tax": 11941,
        "Present corporate income tax expenses": 1693,
        "Deferred income taxes expenses": "N/A",
        "The interests of minority shareholders": "N/A",
        "Total Cost of profits": 1693,
        "Profit after tax corporate income": 10248,
        "Volume": 14999998,
        "Close of Quarter": 66.0,
        "EPS": 3448,
        "Non-adjusted EPS": 3448,
        "PE": 19.1,
        "Book Price": 26.2
      }
    },
    {
      "quarter": "Q3 2007",
      "income status": {
        "Net sales": 219825,
        "Cost of goods sold": 192515,
        "Gross Profit": 27310,
        "Financial expenses": 2970,
        "Of which: Interest expense": 2899,
        "Cost of sales": 2989,
        "Enterprise cost management": 3827,
        "Total Operating Expenses": 9786,
        "Total revenue financing activities": 483,
        "Net profit from business activities": 18007,
        "Profit": 187,
        "Profit before tax": 18194,
        "Present corporate income tax expenses": 2547,
        "Deferred income taxes expenses": "N/A",
        "The interests of minority shareholders": "N/A",
        "Total Cost of profits": 2547,
        "Profit after tax corporate income": 15647,
        "Volume": 10655000,
        "Close of Quarter": 60.7,
        "EPS": 3657.5,
        "Non-adjusted EPS": 5149,
        "PE": 11.8,
        "Book Price": 14.1
      }
    },
    {
      "quarter": "Q2 2007",
      "income status": {
        "Net sales": 206090,
        "Cost of goods sold": 178833,
        "Gross Profit": 27258,
        "Financial expenses": 2453,
        "Of which: Interest expense": 2034,
        "Cost of sales": 2569,
        "Enterprise cost management": 4433,
        "Total Operating Expenses": 9455,
        "Total revenue financing activities": 155,
        "Net profit from business activities": 17958,
        "Profit": 56,
        "Profit before tax": 18013,
        "Present corporate income tax expenses": 2522,
        "Deferred income taxes expenses": "N/A",
        "The interests of minority shareholders": "N/A",
        "Total Cost of profits": 2522,
        "Profit after tax corporate income": 15492,
        "Volume": 10655000,
        "Close of Quarter": 44.8,
        "EPS": 3634.1,
        "Non-adjusted EPS": 5116,
        "PE": 8.8,
        "Book Price": 13.1
      }
    },
    {
      "quarter": "Q1 2007",
      "income status": {
        "Net sales": 192182,
        "Cost of goods sold": 172282,
        "Gross Profit": 19900,
        "Financial expenses": 1481,
        "Of which: Interest expense": 1450,
        "Cost of sales": 2957,
        "Enterprise cost management": 3902,
        "Total Operating Expenses": 8340,
        "Total revenue financing activities": 248,
        "Net profit from business activities": 11809,
        "Profit": 211,
        "Profit before tax": 12019,
        "Present corporate income tax expenses": 1682,
        "Deferred income taxes expenses": "N/A",
        "The interests of minority shareholders": "N/A",
        "Total Cost of profits": 1682,
        "Profit after tax corporate income": 10338,
        "Volume": 10655000,
        "Close of Quarter": 58.7,
        "EPS": 3288.1,
        "Non-adjusted EPS": 4629,
        "PE": 12.7,
        "Book Price": 12.6
      }
    },
    {
      "quarter": "Q4 2006",
      "income status": {
        "Net sales": 206131,
        "Cost of goods sold": 176171,
        "Gross Profit": 29960,
        "Financial expenses": 1246,
        "Of which: Interest expense": 1127,
        "Cost of sales": 3422,
        "Enterprise cost management": 6923,
        "Total Operating Expenses": 11591,
        "Total revenue financing activities": 71,
        "Net profit from business activities": 18440,
        "Profit": 165,
        "Profit before tax": 18604,
        "Present corporate income tax expenses": 5221,
        "Deferred income taxes expenses": "N/A",
        "The interests of minority shareholders": "N/A",
        "Total Cost of profits": 5221,
        "Profit after tax corporate income": 13384,
        "Volume": 10655000,
        "Close of Quarter": 41.6,
        "EPS": 3277.5,
        "Non-adjusted EPS": 4614,
        "PE": 9.0,
        "Book Price": 11.9
      }
    },
    {
      "quarter": "Q3 2006",
      "income status": {
        "Net sales": 191231,
        "Cost of goods sold": 168951,
        "Gross Profit": 22280,
        "Financial expenses": 843,
        "Of which: Interest expense": 743,
        "Cost of sales": 2502,
        "Enterprise cost management": 3840,
        "Total Operating Expenses": 7185,
        "Total revenue financing activities": 89,
        "Net profit from business activities": 15182,
        "Profit": 110,
        "Profit before tax": 15292,
        "Present corporate income tax expenses": "N/A",
        "Deferred income taxes expenses": "N/A",
        "The interests of minority shareholders": "N/A",
        "Total Cost of profits": 0,
        "Profit after tax corporate income": 15292,
        "Volume": 10655000,
        "Close of Quarter": "N/A",
        "EPS": 2385.3,
        "Non-adjusted EPS": 3358,
        "PE": "N/A",
        "Book Price": 11.3
      }
    },
    {
      "quarter": "Q2 2006",
      "income status": {
        "Net sales": 175939,
        "Cost of goods sold": 158099,
        "Gross Profit": 17841,
        "Financial expenses": 1417,
        "Of which: Interest expense": 1199,
        "Cost of sales": 2602,
        "Enterprise cost management": 3680,
        "Total Operating Expenses": 7699,
        "Total revenue financing activities": 109,
        "Net profit from business activities": 10251,
        "Profit": 60,
        "Profit before tax": 10311,
        "Present corporate income tax expenses": "N/A",
        "Deferred income taxes expenses": "N/A",
        "The interests of minority shareholders": "N/A",
        "Total Cost of profits": 0,
        "Profit after tax corporate income": 10311,
        "Volume": 10655000,
        "Close of Quarter": "N/A",
        "EPS": 1366.0,
        "Non-adjusted EPS": 1923,
        "PE": "N/A",
        "Book Price": "N/A"
      }
    },
    {
      "quarter": "Q1 2006",
      "income status": {
        "Net sales": 185768,
        "Cost of goods sold": 169041,
        "Gross Profit": 16727,
        "Financial expenses": 1583,
        "Of which: Interest expense": 1525,
        "Cost of sales": 2465,
        "Enterprise cost management": 2574,
        "Total Operating Expenses": 6622,
        "Total revenue financing activities": 73,
        "Net profit from business activities": 10177,
        "Profit": "N/A",
        "Profit before tax": 10177,
        "Present corporate income tax expenses": "N/A",
        "Deferred income taxes expenses": "N/A",
        "The interests of minority shareholders": "N/A",
        "Total Cost of profits": 0,
        "Profit after tax corporate income": 10177,
        "Volume": 10655000,
        "Close of Quarter": "N/A",
        "EPS": 678.4,
        "Non-adjusted EPS": 955,
        "PE": "N/A",
        "Book Price": "N/A"
      }
    }
  ]
}