{
  "ticker": "DPC",
  "data": [
    {
      "quarter": "Q1 2017",
      "income status": {
        "Net sales": 12116,
        "Cost of goods sold": 10150,
        "Gross Profit": 1965,
        "Financial expenses": 5,
        "Of which: Interest expense": 5,
        "Cost of sales": 1346,
        "Enterprise cost management": 851,
        "Total Operating Expenses": 2202,
        "Total revenue financing activities": 123,
        "Net profit from business activities": -114,
        "Profit": "N/A",
        "Profit before tax": -114,
        "Present corporate income tax expenses": -19,
        "Deferred income taxes expenses": "N/A",
        "The interests of minority shareholders": "N/A",
        "Total Cost of profits": -19,
        "Profit after tax corporate income": -95,
        "Volume": 2237280,
        "Close of Quarter": 28.3,
        "EPS": 1090,
        "Non-adjusted EPS": 1090,
        "PE": 26.0,
        "Book Price": 17.4
      }
    },
    {
      "quarter": "Q4 2016",
      "income status": {
        "Net sales": 15091,
        "Cost of goods sold": 11151,
        "Gross Profit": 3940,
        "Financial expenses": 2,
        "Of which: Interest expense": 2,
        "Cost of sales": 1569,
        "Enterprise cost management": 1036,
        "Total Operating Expenses": 2607,
        "Total revenue financing activities": 125,
        "Net profit from business activities": 1459,
        "Profit": -5,
        "Profit before tax": 1454,
        "Present corporate income tax expenses": 293,
        "Deferred income taxes expenses": "N/A",
        "The interests of minority shareholders": "N/A",
        "Total Cost of profits": 293,
        "Profit after tax corporate income": 1161,
        "Volume": 2237280,
        "Close of Quarter": 35.8,
        "EPS": 1299,
        "Non-adjusted EPS": 1299,
        "PE": 27.6,
        "Book Price": 17.4
      }
    },
    {
      "quarter": "Q3 2016",
      "income status": {
        "Net sales": 16521,
        "Cost of goods sold": 13140,
        "Gross Profit": 3382,
        "Financial expenses": 5,
        "Of which: Interest expense": "N/A",
        "Cost of sales": 1587,
        "Enterprise cost management": 1417,
        "Total Operating Expenses": 3009,
        "Total revenue financing activities": 122,
        "Net profit from business activities": 495,
        "Profit": "N/A",
        "Profit before tax": 495,
        "Present corporate income tax expenses": 102,
        "Deferred income taxes expenses": "N/A",
        "The interests of minority shareholders": "N/A",
        "Total Cost of profits": 102,
        "Profit after tax corporate income": 392,
        "Volume": 2237280,
        "Close of Quarter": 34,
        "EPS": 1141,
        "Non-adjusted EPS": 1141,
        "PE": 29.8,
        "Book Price": 17.1
      }
    },
    {
      "quarter": "Q2 2016",
      "income status": {
        "Net sales": 21169,
        "Cost of goods sold": 17430,
        "Gross Profit": 3738,
        "Financial expenses": 2,
        "Of which: Interest expense": 2,
        "Cost of sales": 1303,
        "Enterprise cost management": 1321,
        "Total Operating Expenses": 2626,
        "Total revenue financing activities": 117,
        "Net profit from business activities": 1229,
        "Profit": -3,
        "Profit before tax": 1227,
        "Present corporate income tax expenses": 246,
        "Deferred income taxes expenses": "N/A",
        "The interests of minority shareholders": "N/A",
        "Total Cost of profits": 246,
        "Profit after tax corporate income": 981,
        "Volume": 2237280,
        "Close of Quarter": 33.5,
        "EPS": 1230,
        "Non-adjusted EPS": 1230,
        "PE": 27.3,
        "Book Price": 16.9
      }
    },
    {
      "quarter": "Q1 2016",
      "income status": {
        "Net sales": 14645,
        "Cost of goods sold": 11493,
        "Gross Profit": 3153,
        "Financial expenses": 1,
        "Of which: Interest expense": 1,
        "Cost of sales": 1810,
        "Enterprise cost management": 940,
        "Total Operating Expenses": 2751,
        "Total revenue financing activities": 70,
        "Net profit from business activities": 473,
        "Profit": "N/A",
        "Profit before tax": 473,
        "Present corporate income tax expenses": 101,
        "Deferred income taxes expenses": "N/A",
        "The interests of minority shareholders": "N/A",
        "Total Cost of profits": 101,
        "Profit after tax corporate income": 372,
        "Volume": 2237280,
        "Close of Quarter": 28.1,
        "EPS": 988,
        "Non-adjusted EPS": 988,
        "PE": 28.5,
        "Book Price": 17.2
      }
    },
    {
      "quarter": "Q4 2015",
      "income status": {
        "Net sales": 21404,
        "Cost of goods sold": 16770,
        "Gross Profit": 4634,
        "Financial expenses": 2,
        "Of which: Interest expense": 2,
        "Cost of sales": 2049,
        "Enterprise cost management": 1629,
        "Total Operating Expenses": 3680,
        "Total revenue financing activities": 81,
        "Net profit from business activities": 1034,
        "Profit": "N/A",
        "Profit before tax": 1034,
        "Present corporate income tax expenses": 228,
        "Deferred income taxes expenses": "N/A",
        "The interests of minority shareholders": "N/A",
        "Total Cost of profits": 228,
        "Profit after tax corporate income": 807,
        "Volume": 2237280,
        "Close of Quarter": 22.5,
        "EPS": 839,
        "Non-adjusted EPS": 839,
        "PE": 26.9,
        "Book Price": 17
      }
    },
    {
      "quarter": "Q3 2015",
      "income status": {
        "Net sales": 21996,
        "Cost of goods sold": 18827,
        "Gross Profit": 3170,
        "Financial expenses": 2,
        "Of which: Interest expense": 2,
        "Cost of sales": 1674,
        "Enterprise cost management": 825,
        "Total Operating Expenses": 2501,
        "Total revenue financing activities": 89,
        "Net profit from business activities": 757,
        "Profit": "N/A",
        "Profit before tax": 757,
        "Present corporate income tax expenses": 167,
        "Deferred income taxes expenses": "N/A",
        "The interests of minority shareholders": "N/A",
        "Total Cost of profits": 167,
        "Profit after tax corporate income": 591,
        "Volume": 2237280,
        "Close of Quarter": 16.7,
        "EPS": 630,
        "Non-adjusted EPS": 630,
        "PE": 26.5,
        "Book Price": 16.8
      }
    },
    {
      "quarter": "Q2 2015",
      "income status": {
        "Net sales": 23127,
        "Cost of goods sold": 19999,
        "Gross Profit": 3128,
        "Financial expenses": 1,
        "Of which: Interest expense": 1,
        "Cost of sales": 1338,
        "Enterprise cost management": 1279,
        "Total Operating Expenses": 2618,
        "Total revenue financing activities": 62,
        "Net profit from business activities": 572,
        "Profit": "N/A",
        "Profit before tax": 572,
        "Present corporate income tax expenses": 131,
        "Deferred income taxes expenses": "N/A",
        "The interests of minority shareholders": "N/A",
        "Total Cost of profits": 131,
        "Profit after tax corporate income": 441,
        "Volume": 2237280,
        "Close of Quarter": 14.5,
        "EPS": 371,
        "Non-adjusted EPS": 371,
        "PE": 39,
        "Book Price": 16.5
      }
    },
    {
      "quarter": "Q1 2015",
      "income status": {
        "Net sales": 15087,
        "Cost of goods sold": 13006,
        "Gross Profit": 2081,
        "Financial expenses": 4,
        "Of which: Interest expense": 4,
        "Cost of sales": 1243,
        "Enterprise cost management": 818,
        "Total Operating Expenses": 2065,
        "Total revenue financing activities": 35,
        "Net profit from business activities": 50,
        "Profit": "N/A",
        "Profit before tax": 50,
        "Present corporate income tax expenses": 11,
        "Deferred income taxes expenses": "N/A",
        "The interests of minority shareholders": "N/A",
        "Total Cost of profits": 11,
        "Profit after tax corporate income": 39,
        "Volume": 2237280,
        "Close of Quarter": 14.7,
        "EPS": 251,
        "Non-adjusted EPS": 251,
        "PE": 58.5,
        "Book Price": 16.7
      }
    },
    {
      "quarter": "Q4 2014",
      "income status": {
        "Net sales": 17233,
        "Cost of goods sold": 13699,
        "Gross Profit": 3534,
        "Financial expenses": 33,
        "Of which: Interest expense": 24,
        "Cost of sales": 1666,
        "Enterprise cost management": 1442,
        "Total Operating Expenses": 3141,
        "Total revenue financing activities": 41,
        "Net profit from business activities": 435,
        "Profit": "N/A",
        "Profit before tax": 435,
        "Present corporate income tax expenses": 96,
        "Deferred income taxes expenses": "N/A",
        "The interests of minority shareholders": "N/A",
        "Total Cost of profits": 96,
        "Profit after tax corporate income": 339,
        "Volume": 2237280,
        "Close of Quarter": 10.7,
        "EPS": 380,
        "Non-adjusted EPS": 380,
        "PE": 28.2,
        "Book Price": 16.7
      }
    },
    {
      "quarter": "Q3 2014",
      "income status": {
        "Net sales": 19144,
        "Cost of goods sold": 16918,
        "Gross Profit": 2226,
        "Financial expenses": 7,
        "Of which: Interest expense": 7,
        "Cost of sales": 1380,
        "Enterprise cost management": 777,
        "Total Operating Expenses": 2164,
        "Total revenue financing activities": 96,
        "Net profit from business activities": 158,
        "Profit": -99,
        "Profit before tax": 59,
        "Present corporate income tax expenses": 49,
        "Deferred income taxes expenses": "N/A",
        "The interests of minority shareholders": "N/A",
        "Total Cost of profits": 49,
        "Profit after tax corporate income": 10,
        "Volume": 2237280,
        "Close of Quarter": 13.4,
        "EPS": 94,
        "Non-adjusted EPS": 94,
        "PE": 142.3,
        "Book Price": 16.6
      }
    },
    {
      "quarter": "Q2 2014",
      "income status": {
        "Net sales": 24630,
        "Cost of goods sold": 21448,
        "Gross Profit": 3182,
        "Financial expenses": 11,
        "Of which: Interest expense": 11,
        "Cost of sales": 1839,
        "Enterprise cost management": 1144,
        "Total Operating Expenses": 2994,
        "Total revenue financing activities": 33,
        "Net profit from business activities": 222,
        "Profit": "N/A",
        "Profit before tax": 222,
        "Present corporate income tax expenses": 49,
        "Deferred income taxes expenses": "N/A",
        "The interests of minority shareholders": "N/A",
        "Total Cost of profits": 49,
        "Profit after tax corporate income": 173,
        "Volume": 2237280,
        "Close of Quarter": 10.7,
        "EPS": 112,
        "Non-adjusted EPS": 112,
        "PE": 95.3,
        "Book Price": 16.6
      }
    },
    {
      "quarter": "Q1 2014",
      "income status": {
        "Net sales": 16448,
        "Cost of goods sold": 14005,
        "Gross Profit": 2443,
        "Financial expenses": 7,
        "Of which: Interest expense": 7,
        "Cost of sales": 1270,
        "Enterprise cost management": 753,
        "Total Operating Expenses": 2030,
        "Total revenue financing activities": 9,
        "Net profit from business activities": 422,
        "Profit": "N/A",
        "Profit before tax": 422,
        "Present corporate income tax expenses": 93,
        "Deferred income taxes expenses": "N/A",
        "The interests of minority shareholders": "N/A",
        "Total Cost of profits": 93,
        "Profit after tax corporate income": 329,
        "Volume": 2237280,
        "Close of Quarter": 11.1,
        "EPS": 711,
        "Non-adjusted EPS": 711,
        "PE": 15.6,
        "Book Price": 17.3
      }
    },
    {
      "quarter": "Q4 2013",
      "income status": {
        "Net sales": 14671,
        "Cost of goods sold": 12307,
        "Gross Profit": 2364,
        "Financial expenses": 58,
        "Of which: Interest expense": 56,
        "Cost of sales": 1435,
        "Enterprise cost management": 1263,
        "Total Operating Expenses": 2756,
        "Total revenue financing activities": 2,
        "Net profit from business activities": -389,
        "Profit": -10,
        "Profit before tax": -400,
        "Present corporate income tax expenses": -97,
        "Deferred income taxes expenses": "N/A",
        "The interests of minority shareholders": "N/A",
        "Total Cost of profits": -97,
        "Profit after tax corporate income": -302,
        "Volume": 2237280,
        "Close of Quarter": 11.7,
        "EPS": 879,
        "Non-adjusted EPS": 879,
        "PE": 13.3,
        "Book Price": 17.2
      }
    },
    {
      "quarter": "Q3 2013",
      "income status": {
        "Net sales": 16638,
        "Cost of goods sold": 13970,
        "Gross Profit": 2668,
        "Financial expenses": 108,
        "Of which: Interest expense": 108,
        "Cost of sales": 1744,
        "Enterprise cost management": 799,
        "Total Operating Expenses": 2651,
        "Total revenue financing activities": 51,
        "Net profit from business activities": 68,
        "Profit": "N/A",
        "Profit before tax": 68,
        "Present corporate income tax expenses": 17,
        "Deferred income taxes expenses": "N/A",
        "The interests of minority shareholders": "N/A",
        "Total Cost of profits": 17,
        "Profit after tax corporate income": 51,
        "Volume": 2237280,
        "Close of Quarter": 17.2,
        "EPS": 1530,
        "Non-adjusted EPS": 1530,
        "PE": 11.3,
        "Book Price": 17.3
      }
    },
    {
      "quarter": "Q2 2013",
      "income status": {
        "Net sales": 28141,
        "Cost of goods sold": 23494,
        "Gross Profit": 4647,
        "Financial expenses": 55,
        "Of which: Interest expense": 52,
        "Cost of sales": 1593,
        "Enterprise cost management": 1032,
        "Total Operating Expenses": 2680,
        "Total revenue financing activities": 48,
        "Net profit from business activities": 2016,
        "Profit": "N/A",
        "Profit before tax": 2016,
        "Present corporate income tax expenses": 504,
        "Deferred income taxes expenses": "N/A",
        "The interests of minority shareholders": "N/A",
        "Total Cost of profits": 504,
        "Profit after tax corporate income": 1512,
        "Volume": 2237280,
        "Close of Quarter": 14.7,
        "EPS": 2004,
        "Non-adjusted EPS": 2004,
        "PE": 7.3,
        "Book Price": 17.3
      }
    },
    {
      "quarter": "Q1 2013",
      "income status": {
        "Net sales": 18637,
        "Cost of goods sold": 15284,
        "Gross Profit": 3353,
        "Financial expenses": 144,
        "Of which: Interest expense": 88,
        "Cost of sales": 1290,
        "Enterprise cost management": 1022,
        "Total Operating Expenses": 2456,
        "Total revenue financing activities": 43,
        "Net profit from business activities": 941,
        "Profit": "N/A",
        "Profit before tax": 941,
        "Present corporate income tax expenses": 235,
        "Deferred income taxes expenses": "N/A",
        "The interests of minority shareholders": "N/A",
        "Total Cost of profits": 235,
        "Profit after tax corporate income": 705,
        "Volume": 2237280,
        "Close of Quarter": 9.8,
        "EPS": 1802,
        "Non-adjusted EPS": 1802,
        "PE": 5.4,
        "Book Price": 18.2
      }
    },
    {
      "quarter": "Q4 2012",
      "income status": {
        "Net sales": 23455,
        "Cost of goods sold": 18624,
        "Gross Profit": 4831,
        "Financial expenses": 126,
        "Of which: Interest expense": 105,
        "Cost of sales": 2015,
        "Enterprise cost management": 1331,
        "Total Operating Expenses": 3472,
        "Total revenue financing activities": 34,
        "Net profit from business activities": 1392,
        "Profit": 8,
        "Profit before tax": 1401,
        "Present corporate income tax expenses": 245,
        "Deferred income taxes expenses": "N/A",
        "The interests of minority shareholders": "N/A",
        "Total Cost of profits": 245,
        "Profit after tax corporate income": 1155,
        "Volume": 2237280,
        "Close of Quarter": 11.4,
        "EPS": 1852,
        "Non-adjusted EPS": 1852,
        "PE": 6.2,
        "Book Price": 17.8
      }
    },
    {
      "quarter": "Q3 2012",
      "income status": {
        "Net sales": 22105,
        "Cost of goods sold": 18567,
        "Gross Profit": 3538,
        "Financial expenses": 150,
        "Of which: Interest expense": 132,
        "Cost of sales": 1226,
        "Enterprise cost management": 863,
        "Total Operating Expenses": 2239,
        "Total revenue financing activities": 48,
        "Net profit from business activities": 1348,
        "Profit": "N/A",
        "Profit before tax": 1348,
        "Present corporate income tax expenses": 236,
        "Deferred income taxes expenses": "N/A",
        "The interests of minority shareholders": "N/A",
        "Total Cost of profits": 236,
        "Profit after tax corporate income": 1112,
        "Volume": 2237280,
        "Close of Quarter": 9.1,
        "EPS": 2179,
        "Non-adjusted EPS": 2179,
        "PE": 4.2,
        "Book Price": 17.2
      }
    },
    {
      "quarter": "Q2 2012",
      "income status": {
        "Net sales": 26692,
        "Cost of goods sold": 22728,
        "Gross Profit": 3964,
        "Financial expenses": 208,
        "Of which: Interest expense": 178,
        "Cost of sales": 1757,
        "Enterprise cost management": 914,
        "Total Operating Expenses": 2879,
        "Total revenue financing activities": 37,
        "Net profit from business activities": 1123,
        "Profit": 64,
        "Profit before tax": 1186,
        "Present corporate income tax expenses": 126,
        "Deferred income taxes expenses": "N/A",
        "The interests of minority shareholders": "N/A",
        "Total Cost of profits": 126,
        "Profit after tax corporate income": 1060,
        "Volume": 2237280,
        "Close of Quarter": 9.2,
        "EPS": 2252,
        "Non-adjusted EPS": 2252,
        "PE": 4.1,
        "Book Price": 16.7
      }
    },
    {
      "quarter": "Q1 2012",
      "income status": {
        "Net sales": 22381,
        "Cost of goods sold": 18774,
        "Gross Profit": 3607,
        "Financial expenses": 214,
        "Of which: Interest expense": 172,
        "Cost of sales": 1184,
        "Enterprise cost management": 1127,
        "Total Operating Expenses": 2525,
        "Total revenue financing activities": 6,
        "Net profit from business activities": 1088,
        "Profit": "N/A",
        "Profit before tax": 1088,
        "Present corporate income tax expenses": 272,
        "Deferred income taxes expenses": "N/A",
        "The interests of minority shareholders": "N/A",
        "Total Cost of profits": 272,
        "Profit after tax corporate income": 816,
        "Volume": 2237280,
        "Close of Quarter": 10.4,
        "EPS": 2354,
        "Non-adjusted EPS": 2354,
        "PE": 4.4,
        "Book Price": 16.3
      }
    },
    {
      "quarter": "Q4 2011",
      "income status": {
        "Net sales": 26846,
        "Cost of goods sold": 20902,
        "Gross Profit": 5944,
        "Financial expenses": 610,
        "Of which: Interest expense": 426,
        "Cost of sales": 2471,
        "Enterprise cost management": 1085,
        "Total Operating Expenses": 4166,
        "Total revenue financing activities": 95,
        "Net profit from business activities": 1872,
        "Profit": "N/A",
        "Profit before tax": 1872,
        "Present corporate income tax expenses": -14,
        "Deferred income taxes expenses": "N/A",
        "The interests of minority shareholders": "N/A",
        "Total Cost of profits": -14,
        "Profit after tax corporate income": 1886,
        "Volume": 2237280,
        "Close of Quarter": 7.1,
        "EPS": 2370,
        "Non-adjusted EPS": 2370,
        "PE": 3.0,
        "Book Price": 17.8
      }
    },
    {
      "quarter": "Q3 2011",
      "income status": {
        "Net sales": 29615,
        "Cost of goods sold": 24670,
        "Gross Profit": 4945,
        "Financial expenses": 440,
        "Of which: Interest expense": 377,
        "Cost of sales": 1941,
        "Enterprise cost management": 878,
        "Total Operating Expenses": 3259,
        "Total revenue financing activities": 16,
        "Net profit from business activities": 1702,
        "Profit": "N/A",
        "Profit before tax": 1702,
        "Present corporate income tax expenses": 425,
        "Deferred income taxes expenses": "N/A",
        "The interests of minority shareholders": "N/A",
        "Total Cost of profits": 425,
        "Profit after tax corporate income": 1276,
        "Volume": 2237280,
        "Close of Quarter": 8.3,
        "EPS": 1806,
        "Non-adjusted EPS": 1806,
        "PE": 4.6,
        "Book Price": 17
      }
    },
    {
      "quarter": "Q2 2011",
      "income status": {
        "Net sales": 20944,
        "Cost of goods sold": 17035,
        "Gross Profit": 3909,
        "Financial expenses": 694,
        "Of which: Interest expense": 380,
        "Cost of sales": 911,
        "Enterprise cost management": 675,
        "Total Operating Expenses": 2280,
        "Total revenue financing activities": 88,
        "Net profit from business activities": 1718,
        "Profit": "N/A",
        "Profit before tax": 1718,
        "Present corporate income tax expenses": 429,
        "Deferred income taxes expenses": "N/A",
        "The interests of minority shareholders": "N/A",
        "Total Cost of profits": 429,
        "Profit after tax corporate income": 1288,
        "Volume": 2237280,
        "Close of Quarter": 8.7,
        "EPS": 1903,
        "Non-adjusted EPS": 1903,
        "PE": 4.6,
        "Book Price": 16.4
      }
    },
    {
      "quarter": "Q1 2011",
      "income status": {
        "Net sales": 21004,
        "Cost of goods sold": 17323,
        "Gross Profit": 3681,
        "Financial expenses": 1102,
        "Of which: Interest expense": 191,
        "Cost of sales": 953,
        "Enterprise cost management": 774,
        "Total Operating Expenses": 2829,
        "Total revenue financing activities": 149,
        "Net profit from business activities": 1000,
        "Profit": 136,
        "Profit before tax": 1137,
        "Present corporate income tax expenses": 284,
        "Deferred income taxes expenses": "N/A",
        "The interests of minority shareholders": "N/A",
        "Total Cost of profits": 284,
        "Profit after tax corporate income": 852,
        "Volume": 2237280,
        "Close of Quarter": 10.4,
        "EPS": 2181,
        "Non-adjusted EPS": 2181,
        "PE": 4.8,
        "Book Price": 15.8
      }
    },
    {
      "quarter": "Q4 2010",
      "income status": {
        "Net sales": 20421,
        "Cost of goods sold": 15976,
        "Gross Profit": 4445,
        "Financial expenses": 482,
        "Of which: Interest expense": 159,
        "Cost of sales": 1815,
        "Enterprise cost management": 1183,
        "Total Operating Expenses": 3480,
        "Total revenue financing activities": 24,
        "Net profit from business activities": 988,
        "Profit": "N/A",
        "Profit before tax": 988,
        "Present corporate income tax expenses": 365,
        "Deferred income taxes expenses": "N/A",
        "The interests of minority shareholders": "N/A",
        "Total Cost of profits": 365,
        "Profit after tax corporate income": 624,
        "Volume": 2237280,
        "Close of Quarter": 11.8,
        "EPS": 2887,
        "Non-adjusted EPS": 2887,
        "PE": 4.1,
        "Book Price": 17.5
      }
    },
    {
      "quarter": "Q3 2010",
      "income status": {
        "Net sales": 26193,
        "Cost of goods sold": 21566,
        "Gross Profit": 4627,
        "Financial expenses": 762,
        "Of which: Interest expense": 62,
        "Cost of sales": 1441,
        "Enterprise cost management": 751,
        "Total Operating Expenses": 2954,
        "Total revenue financing activities": 61,
        "Net profit from business activities": 1734,
        "Profit": "N/A",
        "Profit before tax": 1734,
        "Present corporate income tax expenses": 241,
        "Deferred income taxes expenses": "N/A",
        "The interests of minority shareholders": "N/A",
        "Total Cost of profits": 241,
        "Profit after tax corporate income": 1493,
        "Volume": 2237280,
        "Close of Quarter": 13.5,
        "EPS": 3263,
        "Non-adjusted EPS": 3263,
        "PE": 4.1,
        "Book Price": 17.2
      }
    },
    {
      "quarter": "Q2 2010",
      "income status": {
        "Net sales": 23857,
        "Cost of goods sold": 19854,
        "Gross Profit": 4003,
        "Financial expenses": 277,
        "Of which: Interest expense": 70,
        "Cost of sales": 1283,
        "Enterprise cost management": 841,
        "Total Operating Expenses": 2401,
        "Total revenue financing activities": 71,
        "Net profit from business activities": 1673,
        "Profit": 450,
        "Profit before tax": 2123,
        "Present corporate income tax expenses": 212,
        "Deferred income taxes expenses": "N/A",
        "The interests of minority shareholders": "N/A",
        "Total Cost of profits": 212,
        "Profit after tax corporate income": 1911,
        "Volume": 2237280,
        "Close of Quarter": 14.3,
        "EPS": 3515,
        "Non-adjusted EPS": 3515,
        "PE": 4.1,
        "Book Price": 16.6
      }
    },
    {
      "quarter": "Q1 2010",
      "income status": {
        "Net sales": 22170,
        "Cost of goods sold": 17344,
        "Gross Profit": 4827,
        "Financial expenses": 182,
        "Of which: Interest expense": 117,
        "Cost of sales": 1157,
        "Enterprise cost management": 841,
        "Total Operating Expenses": 2180,
        "Total revenue financing activities": 55,
        "Net profit from business activities": 2702,
        "Profit": "N/A",
        "Profit before tax": 2702,
        "Present corporate income tax expenses": 270,
        "Deferred income taxes expenses": "N/A",
        "The interests of minority shareholders": "N/A",
        "Total Cost of profits": 270,
        "Profit after tax corporate income": 2432,
        "Volume": 2237280,
        "Close of Quarter": 13.0,
        "EPS": 3476,
        "Non-adjusted EPS": 3476,
        "PE": 3.7,
        "Book Price": 15.7
      }
    },
    {
      "quarter": "Q4 2009",
      "income status": {
        "Net sales": 17149,
        "Cost of goods sold": 12780,
        "Gross Profit": 4368,
        "Financial expenses": 1324,
        "Of which: Interest expense": "N/A",
        "Cost of sales": 933,
        "Enterprise cost management": 1000,
        "Total Operating Expenses": 3257,
        "Total revenue financing activities": 464,
        "Net profit from business activities": 1575,
        "Profit": "N/A",
        "Profit before tax": 1575,
        "Present corporate income tax expenses": 110,
        "Deferred income taxes expenses": "N/A",
        "The interests of minority shareholders": "N/A",
        "Total Cost of profits": 110,
        "Profit after tax corporate income": 1465,
        "Volume": 2237280,
        "Close of Quarter": 13.9,
        "EPS": 3111,
        "Non-adjusted EPS": 3111,
        "PE": 4.5,
        "Book Price": 16.6
      }
    },
    {
      "quarter": "Q3 2009",
      "income status": {
        "Net sales": 19288,
        "Cost of goods sold": 15352,
        "Gross Profit": 3936,
        "Financial expenses": 621,
        "Of which: Interest expense": "N/A",
        "Cost of sales": 702,
        "Enterprise cost management": 756,
        "Total Operating Expenses": 2079,
        "Total revenue financing activities": 352,
        "Net profit from business activities": 2210,
        "Profit": "N/A",
        "Profit before tax": 2210,
        "Present corporate income tax expenses": 155,
        "Deferred income taxes expenses": "N/A",
        "The interests of minority shareholders": "N/A",
        "Total Cost of profits": 155,
        "Profit after tax corporate income": 2055,
        "Volume": 2237280,
        "Close of Quarter": 15.2,
        "EPS": 2840,
        "Non-adjusted EPS": 2840,
        "PE": 5.3,
        "Book Price": 16
      }
    },
    {
      "quarter": "Q2 2009",
      "income status": {
        "Net sales": 18510,
        "Cost of goods sold": 14688,
        "Gross Profit": 3822,
        "Financial expenses": 195,
        "Of which: Interest expense": "N/A",
        "Cost of sales": 1066,
        "Enterprise cost management": 923,
        "Total Operating Expenses": 2184,
        "Total revenue financing activities": 101,
        "Net profit from business activities": 1740,
        "Profit": 229,
        "Profit before tax": 1968,
        "Present corporate income tax expenses": 144,
        "Deferred income taxes expenses": "N/A",
        "The interests of minority shareholders": "N/A",
        "Total Cost of profits": 144,
        "Profit after tax corporate income": 1824,
        "Volume": 2237280,
        "Close of Quarter": 10.7,
        "EPS": 2483,
        "Non-adjusted EPS": 2483,
        "PE": 4.3,
        "Book Price": 15
      }
    },
    {
      "quarter": "Q1 2009",
      "income status": {
        "Net sales": 16527,
        "Cost of goods sold": 13147,
        "Gross Profit": 3379,
        "Financial expenses": 247,
        "Of which: Interest expense": 26,
        "Cost of sales": 740,
        "Enterprise cost management": 697,
        "Total Operating Expenses": 1684,
        "Total revenue financing activities": 36,
        "Net profit from business activities": 1731,
        "Profit": "N/A",
        "Profit before tax": 1731,
        "Present corporate income tax expenses": 115,
        "Deferred income taxes expenses": "N/A",
        "The interests of minority shareholders": "N/A",
        "Total Cost of profits": 115,
        "Profit after tax corporate income": 1616,
        "Volume": 2237280,
        "Close of Quarter": 5.6,
        "EPS": 2044,
        "Non-adjusted EPS": 2044,
        "PE": 2.8,
        "Book Price": 14.3
      }
    },
    {
      "quarter": "Q4 2008",
      "income status": {
        "Net sales": 16051,
        "Cost of goods sold": 12883,
        "Gross Profit": 3168,
        "Financial expenses": 390,
        "Of which: Interest expense": 51,
        "Cost of sales": 1124,
        "Enterprise cost management": 766,
        "Total Operating Expenses": 2280,
        "Total revenue financing activities": 65,
        "Net profit from business activities": 954,
        "Profit": "N/A",
        "Profit before tax": 954,
        "Present corporate income tax expenses": 95,
        "Deferred income taxes expenses": "N/A",
        "The interests of minority shareholders": "N/A",
        "Total Cost of profits": 95,
        "Profit after tax corporate income": 859,
        "Volume": 2237280,
        "Close of Quarter": 5.8,
        "EPS": 1568,
        "Non-adjusted EPS": 1568,
        "PE": 3.7,
        "Book Price": 14.6
      }
    },
    {
      "quarter": "Q3 2008",
      "income status": {
        "Net sales": 20851,
        "Cost of goods sold": 18080,
        "Gross Profit": 2771,
        "Financial expenses": 170,
        "Of which: Interest expense": 55,
        "Cost of sales": 811,
        "Enterprise cost management": 432,
        "Total Operating Expenses": 1413,
        "Total revenue financing activities": 38,
        "Net profit from business activities": 1395,
        "Profit": "N/A",
        "Profit before tax": 1395,
        "Present corporate income tax expenses": 140,
        "Deferred income taxes expenses": "N/A",
        "The interests of minority shareholders": "N/A",
        "Total Cost of profits": 140,
        "Profit after tax corporate income": 1256,
        "Volume": 2237280,
        "Close of Quarter": 8.6,
        "EPS": 1666,
        "Non-adjusted EPS": 1666,
        "PE": 5.2,
        "Book Price": 14.3
      }
    },
    {
      "quarter": "Q2 2008",
      "income status": {
        "Net sales": 20227,
        "Cost of goods sold": 17460,
        "Gross Profit": 2767,
        "Financial expenses": 517,
        "Of which: Interest expense": 224,
        "Cost of sales": 577,
        "Enterprise cost management": 777,
        "Total Operating Expenses": 1871,
        "Total revenue financing activities": 40,
        "Net profit from business activities": 936,
        "Profit": "N/A",
        "Profit before tax": 936,
        "Present corporate income tax expenses": 94,
        "Deferred income taxes expenses": "N/A",
        "The interests of minority shareholders": "N/A",
        "Total Cost of profits": 94,
        "Profit after tax corporate income": 843,
        "Volume": 2237280,
        "Close of Quarter": 7.8,
        "EPS": 1556,
        "Non-adjusted EPS": 1556,
        "PE": 5.0,
        "Book Price": 13.8
      }
    },
    {
      "quarter": "Q1 2008",
      "income status": {
        "Net sales": 14023,
        "Cost of goods sold": 12249,
        "Gross Profit": 1774,
        "Financial expenses": 174,
        "Of which: Interest expense": 168,
        "Cost of sales": 669,
        "Enterprise cost management": 463,
        "Total Operating Expenses": 1306,
        "Total revenue financing activities": 144,
        "Net profit from business activities": 612,
        "Profit": "N/A",
        "Profit before tax": 612,
        "Present corporate income tax expenses": 61,
        "Deferred income taxes expenses": "N/A",
        "The interests of minority shareholders": "N/A",
        "Total Cost of profits": 61,
        "Profit after tax corporate income": 551,
        "Volume": 1587280,
        "Close of Quarter": 10.6,
        "EPS": 1477.8,
        "Non-adjusted EPS": 2083,
        "PE": 5.1,
        "Book Price": 9.9
      }
    },
    {
      "quarter": "Q4 2007",
      "income status": {
        "Net sales": 20215,
        "Cost of goods sold": 17059,
        "Gross Profit": 3156,
        "Financial expenses": 149,
        "Of which: Interest expense": 149,
        "Cost of sales": 937,
        "Enterprise cost management": 939,
        "Total Operating Expenses": 2025,
        "Total revenue financing activities": 67,
        "Net profit from business activities": 1198,
        "Profit": "N/A",
        "Profit before tax": 1198,
        "Present corporate income tax expenses": 120,
        "Deferred income taxes expenses": "N/A",
        "The interests of minority shareholders": "N/A",
        "Total Cost of profits": 120,
        "Profit after tax corporate income": 1078,
        "Volume": 1587280,
        "Close of Quarter": 22.9,
        "EPS": 1370.7,
        "Non-adjusted EPS": 1932,
        "PE": 11.8,
        "Book Price": 9.7
      }
    },
    {
      "quarter": "Q3 2007",
      "income status": {
        "Net sales": 16767,
        "Cost of goods sold": 14393,
        "Gross Profit": 2374,
        "Financial expenses": 301,
        "Of which: Interest expense": 230,
        "Cost of sales": 612,
        "Enterprise cost management": 356,
        "Total Operating Expenses": 1269,
        "Total revenue financing activities": 7,
        "Net profit from business activities": 1113,
        "Profit": 10,
        "Profit before tax": 1122,
        "Present corporate income tax expenses": 112,
        "Deferred income taxes expenses": "N/A",
        "The interests of minority shareholders": "N/A",
        "Total Cost of profits": 112,
        "Profit after tax corporate income": 1010,
        "Volume": 1587280,
        "Close of Quarter": 20.4,
        "EPS": 1150.8,
        "Non-adjusted EPS": 1622,
        "PE": 12.6,
        "Book Price": 9.2
      }
    },
    {
      "quarter": "Q2 2007",
      "income status": {
        "Net sales": 15256,
        "Cost of goods sold": 13416,
        "Gross Profit": 1840,
        "Financial expenses": 301,
        "Of which: Interest expense": 288,
        "Cost of sales": 439,
        "Enterprise cost management": 365,
        "Total Operating Expenses": 1105,
        "Total revenue financing activities": 6,
        "Net profit from business activities": 741,
        "Profit": "N/A",
        "Profit before tax": 741,
        "Present corporate income tax expenses": 74,
        "Deferred income taxes expenses": "N/A",
        "The interests of minority shareholders": "N/A",
        "Total Cost of profits": 74,
        "Profit after tax corporate income": 667,
        "Volume": 1587280,
        "Close of Quarter": 19.9,
        "EPS": 1158.6,
        "Non-adjusted EPS": 1633,
        "PE": 12.2,
        "Book Price": 8.8
      }
    },
    {
      "quarter": "Q1 2007",
      "income status": {
        "Net sales": 11442,
        "Cost of goods sold": 9937,
        "Gross Profit": 1505,
        "Financial expenses": 199,
        "Of which: Interest expense": 199,
        "Cost of sales": 529,
        "Enterprise cost management": 446,
        "Total Operating Expenses": 1174,
        "Total revenue financing activities": 15,
        "Net profit from business activities": 346,
        "Profit": "N/A",
        "Profit before tax": 346,
        "Present corporate income tax expenses": 35,
        "Deferred income taxes expenses": "N/A",
        "The interests of minority shareholders": "N/A",
        "Total Cost of profits": 35,
        "Profit after tax corporate income": 312,
        "Volume": 1587280,
        "Close of Quarter": 27.1,
        "EPS": 1238.0,
        "Non-adjusted EPS": 1745,
        "PE": 15.6,
        "Book Price": 8.6
      }
    },
    {
      "quarter": "Q4 2006",
      "income status": {
        "Net sales": 14569,
        "Cost of goods sold": 12574,
        "Gross Profit": 1995,
        "Financial expenses": 151,
        "Of which: Interest expense": 112,
        "Cost of sales": 642,
        "Enterprise cost management": 561,
        "Total Operating Expenses": 1354,
        "Total revenue financing activities": 9,
        "Net profit from business activities": 649,
        "Profit": 1,
        "Profit before tax": 650,
        "Present corporate income tax expenses": 65,
        "Deferred income taxes expenses": "N/A",
        "The interests of minority shareholders": "N/A",
        "Total Cost of profits": 65,
        "Profit after tax corporate income": 586,
        "Volume": 1587280,
        "Close of Quarter": 18.1,
        "EPS": 1221.7,
        "Non-adjusted EPS": 1722,
        "PE": 10.5,
        "Book Price": 9.3
      }
    },
    {
      "quarter": "Q3 2006",
      "income status": {
        "Net sales": 16712,
        "Cost of goods sold": 14648,
        "Gross Profit": 2063,
        "Financial expenses": 121,
        "Of which: Interest expense": 84,
        "Cost of sales": 482,
        "Enterprise cost management": 328,
        "Total Operating Expenses": 931,
        "Total revenue financing activities": 5,
        "Net profit from business activities": 1138,
        "Profit": 4,
        "Profit before tax": 1141,
        "Present corporate income tax expenses": 114,
        "Deferred income taxes expenses": "N/A",
        "The interests of minority shareholders": "N/A",
        "Total Cost of profits": 114,
        "Profit after tax corporate income": 1027,
        "Volume": 1587280,
        "Close of Quarter": 12.2,
        "EPS": 959.9,
        "Non-adjusted EPS": 1353,
        "PE": 9.0,
        "Book Price": 9.0
      }
    },
    {
      "quarter": "Q2 2006",
      "income status": {
        "Net sales": 15862,
        "Cost of goods sold": 13903,
        "Gross Profit": 1959,
        "Financial expenses": 139,
        "Of which: Interest expense": 104,
        "Cost of sales": 448,
        "Enterprise cost management": 438,
        "Total Operating Expenses": 1025,
        "Total revenue financing activities": 5,
        "Net profit from business activities": 939,
        "Profit": "N/A",
        "Profit before tax": 939,
        "Present corporate income tax expenses": 94,
        "Deferred income taxes expenses": "N/A",
        "The interests of minority shareholders": "N/A",
        "Total Cost of profits": 94,
        "Profit after tax corporate income": 845,
        "Volume": 1587280,
        "Close of Quarter": 10.7,
        "EPS": 500.9,
        "Non-adjusted EPS": 706,
        "PE": 15.1,
        "Book Price": 8.6
      }
    },
    {
      "quarter": "Q1 2006",
      "income status": {
        "Net sales": 10753,
        "Cost of goods sold": 9427,
        "Gross Profit": 1326,
        "Financial expenses": 208,
        "Of which: Interest expense": 155,
        "Cost of sales": 407,
        "Enterprise cost management": 412,
        "Total Operating Expenses": 1027,
        "Total revenue financing activities": 8,
        "Net profit from business activities": 306,
        "Profit": "N/A",
        "Profit before tax": 306,
        "Present corporate income tax expenses": 31,
        "Deferred income taxes expenses": "N/A",
        "The interests of minority shareholders": "N/A",
        "Total Cost of profits": 31,
        "Profit after tax corporate income": 276,
        "Volume": 1587280,
        "Close of Quarter": 10.7,
        "EPS": 123.5,
        "Non-adjusted EPS": 174,
        "PE": 61.7,
        "Book Price": 8.2
      }
    }
  ]
}