{
  "ticker": "DXV",
  "data": [
    {
      "quarter": "Q1 2017",
      "income status": {
        "Net sales": 71134,
        "Cost of goods sold": 65313,
        "Gross Profit": 5821,
        "Financial expenses": "N/A",
        "Of which: Interest expense": "N/A",
        "Cost of sales": 2476,
        "Enterprise cost management": 3070,
        "Total Operating Expenses": 5546,
        "Total revenue financing activities": 103,
        "Net profit from business activities": 377,
        "Profit": 652,
        "Profit before tax": 1029,
        "Present corporate income tax expenses": 193,
        "Deferred income taxes expenses": "N/A",
        "The interests of minority shareholders": "N/A",
        "Total Cost of profits": 193,
        "Profit after tax corporate income": 836,
        "Volume": 9900000,
        "Close of Quarter": 4.9,
        "EPS": 484,
        "Non-adjusted EPS": 484,
        "PE": 10.1,
        "Book Price": 11.9
      }
    },
    {
      "quarter": "Q4 2016",
      "income status": {
        "Net sales": 108972,
        "Cost of goods sold": 107184,
        "Gross Profit": 1788,
        "Financial expenses": 235,
        "Of which: Interest expense": "N/A",
        "Cost of sales": 2756,
        "Enterprise cost management": 3110,
        "Total Operating Expenses": 6101,
        "Total revenue financing activities": 575,
        "Net profit from business activities": -3737,
        "Profit": 2735,
        "Profit before tax": -1003,
        "Present corporate income tax expenses": "N/A",
        "Deferred income taxes expenses": "N/A",
        "The interests of minority shareholders": "N/A",
        "Total Cost of profits": 0,
        "Profit after tax corporate income": -1003,
        "Volume": 9900000,
        "Close of Quarter": 5,
        "EPS": 546,
        "Non-adjusted EPS": 546,
        "PE": 9.2,
        "Book Price": 11.8
      }
    },
    {
      "quarter": "Q3 2016",
      "income status": {
        "Net sales": 121963,
        "Cost of goods sold": 113133,
        "Gross Profit": 8830,
        "Financial expenses": 30,
        "Of which: Interest expense": "N/A",
        "Cost of sales": 2831,
        "Enterprise cost management": 5500,
        "Total Operating Expenses": 8361,
        "Total revenue financing activities": 127,
        "Net profit from business activities": 596,
        "Profit": 1861,
        "Profit before tax": 2457,
        "Present corporate income tax expenses": 491,
        "Deferred income taxes expenses": "N/A",
        "The interests of minority shareholders": "N/A",
        "Total Cost of profits": 491,
        "Profit after tax corporate income": 1965,
        "Volume": 9900000,
        "Close of Quarter": 4.9,
        "EPS": 700,
        "Non-adjusted EPS": 700,
        "PE": 6.9,
        "Book Price": 11.9
      }
    },
    {
      "quarter": "Q2 2016",
      "income status": {
        "Net sales": 138463,
        "Cost of goods sold": 127692,
        "Gross Profit": 10771,
        "Financial expenses": -100,
        "Of which: Interest expense": "N/A",
        "Cost of sales": 2859,
        "Enterprise cost management": 6604,
        "Total Operating Expenses": 9363,
        "Total revenue financing activities": 573,
        "Net profit from business activities": 1981,
        "Profit": 1764,
        "Profit before tax": 3745,
        "Present corporate income tax expenses": 754,
        "Deferred income taxes expenses": "N/A",
        "The interests of minority shareholders": "N/A",
        "Total Cost of profits": 754,
        "Profit after tax corporate income": 2991,
        "Volume": 9900000,
        "Close of Quarter": 4.5,
        "EPS": 587,
        "Non-adjusted EPS": 587,
        "PE": 7.7,
        "Book Price": 11.7
      }
    },
    {
      "quarter": "Q1 2016",
      "income status": {
        "Net sales": 101203,
        "Cost of goods sold": 92410,
        "Gross Profit": 8793,
        "Financial expenses": 150,
        "Of which: Interest expense": "N/A",
        "Cost of sales": 2296,
        "Enterprise cost management": 4498,
        "Total Operating Expenses": 6944,
        "Total revenue financing activities": 51,
        "Net profit from business activities": 1901,
        "Profit": -81,
        "Profit before tax": 1820,
        "Present corporate income tax expenses": 366,
        "Deferred income taxes expenses": "N/A",
        "The interests of minority shareholders": "N/A",
        "Total Cost of profits": 366,
        "Profit after tax corporate income": 1454,
        "Volume": 9900000,
        "Close of Quarter": 4,
        "EPS": 412,
        "Non-adjusted EPS": 412,
        "PE": 9.7,
        "Book Price": 11.4
      }
    },
    {
      "quarter": "Q4 2015",
      "income status": {
        "Net sales": 98477,
        "Cost of goods sold": 90404,
        "Gross Profit": 8073,
        "Financial expenses": 59,
        "Of which: Interest expense": "N/A",
        "Cost of sales": 2945,
        "Enterprise cost management": 4854,
        "Total Operating Expenses": 7858,
        "Total revenue financing activities": 560,
        "Net profit from business activities": 775,
        "Profit": 138,
        "Profit before tax": 914,
        "Present corporate income tax expenses": 394,
        "Deferred income taxes expenses": "N/A",
        "The interests of minority shareholders": "N/A",
        "Total Cost of profits": 394,
        "Profit after tax corporate income": 520,
        "Volume": 9900000,
        "Close of Quarter": 3.9,
        "EPS": 387,
        "Non-adjusted EPS": 387,
        "PE": 10.1,
        "Book Price": 11.2
      }
    },
    {
      "quarter": "Q3 2015",
      "income status": {
        "Net sales": 135462,
        "Cost of goods sold": 126027,
        "Gross Profit": 9435,
        "Financial expenses": 150,
        "Of which: Interest expense": 150,
        "Cost of sales": 4351,
        "Enterprise cost management": 4392,
        "Total Operating Expenses": 8893,
        "Total revenue financing activities": 10,
        "Net profit from business activities": 552,
        "Profit": 536,
        "Profit before tax": 1088,
        "Present corporate income tax expenses": 239,
        "Deferred income taxes expenses": "N/A",
        "The interests of minority shareholders": "N/A",
        "Total Cost of profits": 239,
        "Profit after tax corporate income": 848,
        "Volume": 9900000,
        "Close of Quarter": 4.2,
        "EPS": 430,
        "Non-adjusted EPS": 430,
        "PE": 9.8,
        "Book Price": 11.2
      }
    },
    {
      "quarter": "Q2 2015",
      "income status": {
        "Net sales": 179453,
        "Cost of goods sold": 168077,
        "Gross Profit": 11376,
        "Financial expenses": 246,
        "Of which: Interest expense": 137,
        "Cost of sales": 3310,
        "Enterprise cost management": 5879,
        "Total Operating Expenses": 9435,
        "Total revenue financing activities": 524,
        "Net profit from business activities": 2466,
        "Profit": -55,
        "Profit before tax": 2411,
        "Present corporate income tax expenses": 1157,
        "Deferred income taxes expenses": "N/A",
        "The interests of minority shareholders": "N/A",
        "Total Cost of profits": 1157,
        "Profit after tax corporate income": 1253,
        "Volume": 9900000,
        "Close of Quarter": 4.2,
        "EPS": 472,
        "Non-adjusted EPS": 472,
        "PE": 8.9,
        "Book Price": 11.1
      }
    },
    {
      "quarter": "Q1 2015",
      "income status": {
        "Net sales": 121128,
        "Cost of goods sold": 113934,
        "Gross Profit": 7194,
        "Financial expenses": 295,
        "Of which: Interest expense": 295,
        "Cost of sales": 3128,
        "Enterprise cost management": 3311,
        "Total Operating Expenses": 6734,
        "Total revenue financing activities": 460,
        "Net profit from business activities": 921,
        "Profit": 636,
        "Profit before tax": 1557,
        "Present corporate income tax expenses": 343,
        "Deferred income taxes expenses": "N/A",
        "The interests of minority shareholders": "N/A",
        "Total Cost of profits": 343,
        "Profit after tax corporate income": 1215,
        "Volume": 9900000,
        "Close of Quarter": 4.5,
        "EPS": 555,
        "Non-adjusted EPS": 555,
        "PE": 8.1,
        "Book Price": 11
      }
    },
    {
      "quarter": "Q4 2014",
      "income status": {
        "Net sales": 153962,
        "Cost of goods sold": 147344,
        "Gross Profit": 6619,
        "Financial expenses": 125,
        "Of which: Interest expense": 125,
        "Cost of sales": 2064,
        "Enterprise cost management": 4670,
        "Total Operating Expenses": 6859,
        "Total revenue financing activities": 467,
        "Net profit from business activities": 226,
        "Profit": 980,
        "Profit before tax": 1206,
        "Present corporate income tax expenses": 267,
        "Deferred income taxes expenses": "N/A",
        "The interests of minority shareholders": "N/A",
        "Total Cost of profits": 267,
        "Profit after tax corporate income": 939,
        "Volume": 9900000,
        "Close of Quarter": 4.9,
        "EPS": 507,
        "Non-adjusted EPS": 507,
        "PE": 9.7,
        "Book Price": 10.9
      }
    },
    {
      "quarter": "Q3 2014",
      "income status": {
        "Net sales": 189511,
        "Cost of goods sold": 185256,
        "Gross Profit": 4255,
        "Financial expenses": 454,
        "Of which: Interest expense": "N/A",
        "Cost of sales": 3748,
        "Enterprise cost management": 3654,
        "Total Operating Expenses": 7856,
        "Total revenue financing activities": 365,
        "Net profit from business activities": -3235,
        "Profit": 4852,
        "Profit before tax": 1617,
        "Present corporate income tax expenses": 356,
        "Deferred income taxes expenses": "N/A",
        "The interests of minority shareholders": "N/A",
        "Total Cost of profits": 356,
        "Profit after tax corporate income": 1262,
        "Volume": 9900000,
        "Close of Quarter": 4.7,
        "EPS": 531,
        "Non-adjusted EPS": 531,
        "PE": 8.9,
        "Book Price": 10.8
      }
    },
    {
      "quarter": "Q2 2014",
      "income status": {
        "Net sales": 200984,
        "Cost of goods sold": 196400,
        "Gross Profit": 4583,
        "Financial expenses": 112,
        "Of which: Interest expense": -198,
        "Cost of sales": 3989,
        "Enterprise cost management": 5088,
        "Total Operating Expenses": 9189,
        "Total revenue financing activities": 508,
        "Net profit from business activities": -4098,
        "Profit": 6783,
        "Profit before tax": 2685,
        "Present corporate income tax expenses": 611,
        "Deferred income taxes expenses": "N/A",
        "The interests of minority shareholders": "N/A",
        "Total Cost of profits": 611,
        "Profit after tax corporate income": 2074,
        "Volume": 9900000,
        "Close of Quarter": 4.5,
        "EPS": 498,
        "Non-adjusted EPS": 498,
        "PE": 9.0,
        "Book Price": 10.7
      }
    },
    {
      "quarter": "Q1 2014",
      "income status": {
        "Net sales": 146266,
        "Cost of goods sold": 144199,
        "Gross Profit": 2067,
        "Financial expenses": 454,
        "Of which: Interest expense": 454,
        "Cost of sales": 3134,
        "Enterprise cost management": 2728,
        "Total Operating Expenses": 6316,
        "Total revenue financing activities": 336,
        "Net profit from business activities": -3913,
        "Profit": 4867,
        "Profit before tax": 954,
        "Present corporate income tax expenses": 210,
        "Deferred income taxes expenses": "N/A",
        "The interests of minority shareholders": "N/A",
        "Total Cost of profits": 210,
        "Profit after tax corporate income": 744,
        "Volume": 9900000,
        "Close of Quarter": 5.8,
        "EPS": 546,
        "Non-adjusted EPS": 546,
        "PE": 10.6,
        "Book Price": 10.5
      }
    },
    {
      "quarter": "Q4 2013",
      "income status": {
        "Net sales": 136351,
        "Cost of goods sold": 132871,
        "Gross Profit": 3479,
        "Financial expenses": 210,
        "Of which: Interest expense": 210,
        "Cost of sales": 2986,
        "Enterprise cost management": 2996,
        "Total Operating Expenses": 6192,
        "Total revenue financing activities": 400,
        "Net profit from business activities": -2313,
        "Profit": 3878,
        "Profit before tax": 1565,
        "Present corporate income tax expenses": 391,
        "Deferred income taxes expenses": "N/A",
        "The interests of minority shareholders": "N/A",
        "Total Cost of profits": 391,
        "Profit after tax corporate income": 1174,
        "Volume": 9900000,
        "Close of Quarter": 3.8,
        "EPS": 471,
        "Non-adjusted EPS": 471,
        "PE": 8.1,
        "Book Price": 10.4
      }
    },
    {
      "quarter": "Q3 2013",
      "income status": {
        "Net sales": 157655,
        "Cost of goods sold": 155432,
        "Gross Profit": 2222,
        "Financial expenses": 377,
        "Of which: Interest expense": 377,
        "Cost of sales": 2339,
        "Enterprise cost management": 2525,
        "Total Operating Expenses": 5241,
        "Total revenue financing activities": 432,
        "Net profit from business activities": -2587,
        "Profit": 3834,
        "Profit before tax": 1247,
        "Present corporate income tax expenses": 312,
        "Deferred income taxes expenses": "N/A",
        "The interests of minority shareholders": "N/A",
        "Total Cost of profits": 312,
        "Profit after tax corporate income": 935,
        "Volume": 9900000,
        "Close of Quarter": 3,
        "EPS": 356,
        "Non-adjusted EPS": 356,
        "PE": 8.4,
        "Book Price": 10.3
      }
    },
    {
      "quarter": "Q2 2013",
      "income status": {
        "Net sales": 673384,
        "Cost of goods sold": 669811,
        "Gross Profit": 3572,
        "Financial expenses": 467,
        "Of which: Interest expense": 368,
        "Cost of sales": 3597,
        "Enterprise cost management": 2955,
        "Total Operating Expenses": 7019,
        "Total revenue financing activities": 600,
        "Net profit from business activities": -2846,
        "Profit": 6250,
        "Profit before tax": 3404,
        "Present corporate income tax expenses": 851,
        "Deferred income taxes expenses": "N/A",
        "The interests of minority shareholders": "N/A",
        "Total Cost of profits": 851,
        "Profit after tax corporate income": 2553,
        "Volume": 9900000,
        "Close of Quarter": 3,
        "EPS": 386,
        "Non-adjusted EPS": 386,
        "PE": 7.8,
        "Book Price": 10.2
      }
    },
    {
      "quarter": "Q1 2013",
      "income status": {
        "Net sales": 133363,
        "Cost of goods sold": 130003,
        "Gross Profit": 3359,
        "Financial expenses": 323,
        "Of which: Interest expense": 323,
        "Cost of sales": 3509,
        "Enterprise cost management": 2907,
        "Total Operating Expenses": 6739,
        "Total revenue financing activities": 485,
        "Net profit from business activities": -2894,
        "Profit": 2895,
        "Profit before tax": 1,
        "Present corporate income tax expenses": "N/A",
        "Deferred income taxes expenses": "N/A",
        "The interests of minority shareholders": "N/A",
        "Total Cost of profits": 0,
        "Profit after tax corporate income": 1,
        "Volume": 9900000,
        "Close of Quarter": 3.5,
        "EPS": 270,
        "Non-adjusted EPS": 270,
        "PE": 13.0,
        "Book Price": 9.6
      }
    },
    {
      "quarter": "Q4 2012",
      "income status": {
        "Net sales": 133173,
        "Cost of goods sold": 132134,
        "Gross Profit": 1040,
        "Financial expenses": -172,
        "Of which: Interest expense": -172,
        "Cost of sales": 4147,
        "Enterprise cost management": 3406,
        "Total Operating Expenses": 7381,
        "Total revenue financing activities": 776,
        "Net profit from business activities": -5565,
        "Profit": 5616,
        "Profit before tax": 51,
        "Present corporate income tax expenses": 13,
        "Deferred income taxes expenses": "N/A",
        "The interests of minority shareholders": "N/A",
        "Total Cost of profits": 13,
        "Profit after tax corporate income": 38,
        "Volume": 9900000,
        "Close of Quarter": 3.9,
        "EPS": 453,
        "Non-adjusted EPS": 453,
        "PE": 8.6,
        "Book Price": 9.6
      }
    },
    {
      "quarter": "Q3 2012",
      "income status": {
        "Net sales": 150786,
        "Cost of goods sold": 146749,
        "Gross Profit": 4036,
        "Financial expenses": 159,
        "Of which: Interest expense": 159,
        "Cost of sales": 2816,
        "Enterprise cost management": 2432,
        "Total Operating Expenses": 5407,
        "Total revenue financing activities": 493,
        "Net profit from business activities": -878,
        "Profit": 2519,
        "Profit before tax": 1641,
        "Present corporate income tax expenses": 410,
        "Deferred income taxes expenses": "N/A",
        "The interests of minority shareholders": "N/A",
        "Total Cost of profits": 410,
        "Profit after tax corporate income": 1230,
        "Volume": 9900000,
        "Close of Quarter": 4.1,
        "EPS": 638,
        "Non-adjusted EPS": 638,
        "PE": 6.4,
        "Book Price": 10.2
      }
    },
    {
      "quarter": "Q2 2012",
      "income status": {
        "Net sales": 191304,
        "Cost of goods sold": 190144,
        "Gross Profit": 1160,
        "Financial expenses": 1076,
        "Of which: Interest expense": 1076,
        "Cost of sales": 2389,
        "Enterprise cost management": 2973,
        "Total Operating Expenses": 6438,
        "Total revenue financing activities": 895,
        "Net profit from business activities": -4382,
        "Profit": 6521,
        "Profit before tax": 2139,
        "Present corporate income tax expenses": 733,
        "Deferred income taxes expenses": "N/A",
        "The interests of minority shareholders": "N/A",
        "Total Cost of profits": 733,
        "Profit after tax corporate income": 1406,
        "Volume": 9900000,
        "Close of Quarter": 4.9,
        "EPS": 668,
        "Non-adjusted EPS": 668,
        "PE": 7.3,
        "Book Price": 10.1
      }
    },
    {
      "quarter": "Q1 2012",
      "income status": {
        "Net sales": 170815,
        "Cost of goods sold": 168140,
        "Gross Profit": 2675,
        "Financial expenses": 909,
        "Of which: Interest expense": 909,
        "Cost of sales": 3009,
        "Enterprise cost management": 2843,
        "Total Operating Expenses": 6761,
        "Total revenue financing activities": 829,
        "Net profit from business activities": -3258,
        "Profit": 5682,
        "Profit before tax": 2425,
        "Present corporate income tax expenses": 612,
        "Deferred income taxes expenses": "N/A",
        "The interests of minority shareholders": "N/A",
        "Total Cost of profits": 612,
        "Profit after tax corporate income": 1813,
        "Volume": 9900000,
        "Close of Quarter": 4.6,
        "EPS": 803,
        "Non-adjusted EPS": 803,
        "PE": 5.7,
        "Book Price": 10.1
      }
    },
    {
      "quarter": "Q4 2011",
      "income status": {
        "Net sales": 145972,
        "Cost of goods sold": 144000,
        "Gross Profit": 1972,
        "Financial expenses": 817,
        "Of which: Interest expense": 817,
        "Cost of sales": 1948,
        "Enterprise cost management": 2730,
        "Total Operating Expenses": 5495,
        "Total revenue financing activities": 1482,
        "Net profit from business activities": -2042,
        "Profit": 4530,
        "Profit before tax": 2488,
        "Present corporate income tax expenses": 622,
        "Deferred income taxes expenses": "N/A",
        "The interests of minority shareholders": "N/A",
        "Total Cost of profits": 622,
        "Profit after tax corporate income": 1866,
        "Volume": 9900000,
        "Close of Quarter": 3.0,
        "EPS": 756,
        "Non-adjusted EPS": 756,
        "PE": 3.9,
        "Book Price": 9.9
      }
    },
    {
      "quarter": "Q3 2011",
      "income status": {
        "Net sales": 146491,
        "Cost of goods sold": 143646,
        "Gross Profit": 2845,
        "Financial expenses": 1059,
        "Of which: Interest expense": "N/A",
        "Cost of sales": 1845,
        "Enterprise cost management": 2344,
        "Total Operating Expenses": 5248,
        "Total revenue financing activities": 664,
        "Net profit from business activities": -1739,
        "Profit": 3774,
        "Profit before tax": 2034,
        "Present corporate income tax expenses": 509,
        "Deferred income taxes expenses": "N/A",
        "The interests of minority shareholders": "N/A",
        "Total Cost of profits": 509,
        "Profit after tax corporate income": 1526,
        "Volume": 9900000,
        "Close of Quarter": 5.1,
        "EPS": 2538,
        "Non-adjusted EPS": 2538,
        "PE": 2.0,
        "Book Price": 10
      }
    },
    {
      "quarter": "Q2 2011",
      "income status": {
        "Net sales": 180411,
        "Cost of goods sold": 172441,
        "Gross Profit": 7969,
        "Financial expenses": -5,
        "Of which: Interest expense": -5,
        "Cost of sales": 6195,
        "Enterprise cost management": 4445,
        "Total Operating Expenses": 10635,
        "Total revenue financing activities": 1961,
        "Net profit from business activities": -705,
        "Profit": 4665,
        "Profit before tax": 3960,
        "Present corporate income tax expenses": 1216,
        "Deferred income taxes expenses": "N/A",
        "The interests of minority shareholders": "N/A",
        "Total Cost of profits": 1216,
        "Profit after tax corporate income": 2744,
        "Volume": 9900000,
        "Close of Quarter": 4.5,
        "EPS": 2528,
        "Non-adjusted EPS": 2528,
        "PE": 1.8,
        "Book Price": 10.9
      }
    },
    {
      "quarter": "Q1 2011",
      "income status": {
        "Net sales": 114153,
        "Cost of goods sold": 112334,
        "Gross Profit": 1819,
        "Financial expenses": 1641,
        "Of which: Interest expense": 1641,
        "Cost of sales": 2235,
        "Enterprise cost management": 2116,
        "Total Operating Expenses": 5992,
        "Total revenue financing activities": 290,
        "Net profit from business activities": -3883,
        "Profit": 5676,
        "Profit before tax": 1793,
        "Present corporate income tax expenses": 448,
        "Deferred income taxes expenses": "N/A",
        "The interests of minority shareholders": "N/A",
        "Total Cost of profits": 448,
        "Profit after tax corporate income": 1345,
        "Volume": 9900000,
        "Close of Quarter": 7.3,
        "EPS": 2487,
        "Non-adjusted EPS": 2487,
        "PE": 2.9,
        "Book Price": 11.5
      }
    },
    {
      "quarter": "Q4 2010",
      "income status": {
        "Net sales": 162455,
        "Cost of goods sold": 134369,
        "Gross Profit": 28086,
        "Financial expenses": 1910,
        "Of which: Interest expense": 697,
        "Cost of sales": 2580,
        "Enterprise cost management": 2756,
        "Total Operating Expenses": 7246,
        "Total revenue financing activities": 929,
        "Net profit from business activities": 21769,
        "Profit": 4507,
        "Profit before tax": 26276,
        "Present corporate income tax expenses": 6766,
        "Deferred income taxes expenses": "N/A",
        "The interests of minority shareholders": "N/A",
        "Total Cost of profits": 6766,
        "Profit after tax corporate income": 19510,
        "Volume": 9900000,
        "Close of Quarter": 10.6,
        "EPS": 2443,
        "Non-adjusted EPS": 2443,
        "PE": 4.4,
        "Book Price": 11.7
      }
    },
    {
      "quarter": "Q3 2010",
      "income status": {
        "Net sales": 156270,
        "Cost of goods sold": 155610,
        "Gross Profit": 660,
        "Financial expenses": 1461,
        "Of which: Interest expense": 1461,
        "Cost of sales": 1748,
        "Enterprise cost management": 1585,
        "Total Operating Expenses": 4794,
        "Total revenue financing activities": 219,
        "Net profit from business activities": -3915,
        "Profit": 5818,
        "Profit before tax": 1903,
        "Present corporate income tax expenses": 476,
        "Deferred income taxes expenses": "N/A",
        "The interests of minority shareholders": "N/A",
        "Total Cost of profits": 476,
        "Profit after tax corporate income": 1427,
        "Volume": 9900000,
        "Close of Quarter": 16.4,
        "EPS": 733,
        "Non-adjusted EPS": 733,
        "PE": 22.4,
        "Book Price": 9.7
      }
    },
    {
      "quarter": "Q2 2010",
      "income status": {
        "Net sales": 172995,
        "Cost of goods sold": 170411,
        "Gross Profit": 2583,
        "Financial expenses": 1864,
        "Of which: Interest expense": 1208,
        "Cost of sales": 5680,
        "Enterprise cost management": 2890,
        "Total Operating Expenses": 10434,
        "Total revenue financing activities": 486,
        "Net profit from business activities": -7363,
        "Profit": 10602,
        "Profit before tax": 3239,
        "Present corporate income tax expenses": 900,
        "Deferred income taxes expenses": "N/A",
        "The interests of minority shareholders": "N/A",
        "Total Cost of profits": 900,
        "Profit after tax corporate income": 2339,
        "Volume": 9900000,
        "Close of Quarter": 22.7,
        "EPS": 763,
        "Non-adjusted EPS": 763,
        "PE": 29.7,
        "Book Price": 9.8
      }
    },
    {
      "quarter": "Q1 2010",
      "income status": {
        "Net sales": 122811,
        "Cost of goods sold": 118318,
        "Gross Profit": 4493,
        "Financial expenses": 848,
        "Of which: Interest expense": 848,
        "Cost of sales": 2985,
        "Enterprise cost management": 1937,
        "Total Operating Expenses": 5770,
        "Total revenue financing activities": 433,
        "Net profit from business activities": -844,
        "Profit": 2056,
        "Profit before tax": 1212,
        "Present corporate income tax expenses": 303,
        "Deferred income taxes expenses": "N/A",
        "The interests of minority shareholders": "N/A",
        "Total Cost of profits": 303,
        "Profit after tax corporate income": 909,
        "Volume": 9900000,
        "Close of Quarter": 14.6,
        "EPS": 775,
        "Non-adjusted EPS": 775,
        "PE": 18.9,
        "Book Price": 10.4
      }
    },
    {
      "quarter": "Q4 2009",
      "income status": {
        "Net sales": 174201,
        "Cost of goods sold": 167557,
        "Gross Profit": 6644,
        "Financial expenses": 1055,
        "Of which: Interest expense": 783,
        "Cost of sales": 4864,
        "Enterprise cost management": 2777,
        "Total Operating Expenses": 8696,
        "Total revenue financing activities": 1642,
        "Net profit from business activities": -410,
        "Profit": 3434,
        "Profit before tax": 3025,
        "Present corporate income tax expenses": 445,
        "Deferred income taxes expenses": "N/A",
        "The interests of minority shareholders": "N/A",
        "Total Cost of profits": 445,
        "Profit after tax corporate income": 2580,
        "Volume": 9900000,
        "Close of Quarter": 7.6,
        "EPS": 926,
        "Non-adjusted EPS": 926,
        "PE": 8.2,
        "Book Price": 10.2
      }
    },
    {
      "quarter": "Q3 2009",
      "income status": {
        "Net sales": 174266,
        "Cost of goods sold": 164804,
        "Gross Profit": 9463,
        "Financial expenses": 1516,
        "Of which: Interest expense": 1516,
        "Cost of sales": 6743,
        "Enterprise cost management": 2281,
        "Total Operating Expenses": 10540,
        "Total revenue financing activities": 771,
        "Net profit from business activities": -306,
        "Profit": 2612,
        "Profit before tax": 2306,
        "Present corporate income tax expenses": 577,
        "Deferred income taxes expenses": "N/A",
        "The interests of minority shareholders": "N/A",
        "Total Cost of profits": 577,
        "Profit after tax corporate income": 1730,
        "Volume": 9900000,
        "Close of Quarter": 9.6,
        "EPS": 823,
        "Non-adjusted EPS": 823,
        "PE": 11.6,
        "Book Price": 10.5
      }
    },
    {
      "quarter": "Q2 2009",
      "income status": {
        "Net sales": 209178,
        "Cost of goods sold": 194308,
        "Gross Profit": 14869,
        "Financial expenses": 1549,
        "Of which: Interest expense": "N/A",
        "Cost of sales": 8070,
        "Enterprise cost management": 3250,
        "Total Operating Expenses": 12869,
        "Total revenue financing activities": 1093,
        "Net profit from business activities": 3094,
        "Profit": 977,
        "Profit before tax": 4070,
        "Present corporate income tax expenses": 1621,
        "Deferred income taxes expenses": "N/A",
        "The interests of minority shareholders": "N/A",
        "Total Cost of profits": 1621,
        "Profit after tax corporate income": 2449,
        "Volume": 9900000,
        "Close of Quarter": 7.5,
        "EPS": 663,
        "Non-adjusted EPS": 663,
        "PE": 11.3,
        "Book Price": 10.3
      }
    },
    {
      "quarter": "Q1 2009",
      "income status": {
        "Net sales": 196057,
        "Cost of goods sold": 185291,
        "Gross Profit": 10767,
        "Financial expenses": 1566,
        "Of which: Interest expense": 1566,
        "Cost of sales": 9440,
        "Enterprise cost management": 2645,
        "Total Operating Expenses": 13651,
        "Total revenue financing activities": 757,
        "Net profit from business activities": -2128,
        "Profit": 4541,
        "Profit before tax": 2413,
        "Present corporate income tax expenses": "N/A",
        "Deferred income taxes expenses": "N/A",
        "The interests of minority shareholders": "N/A",
        "Total Cost of profits": 0,
        "Profit after tax corporate income": 2413,
        "Volume": 9900000,
        "Close of Quarter": 4.5,
        "EPS": 656,
        "Non-adjusted EPS": 656,
        "PE": 6.9,
        "Book Price": 10.8
      }
    },
    {
      "quarter": "Q4 2008",
      "income status": {
        "Net sales": 168219,
        "Cost of goods sold": 164224,
        "Gross Profit": 3995,
        "Financial expenses": 376,
        "Of which: Interest expense": "N/A",
        "Cost of sales": 6509,
        "Enterprise cost management": 2298,
        "Total Operating Expenses": 9183,
        "Total revenue financing activities": 1159,
        "Net profit from business activities": -4029,
        "Profit": 6276,
        "Profit before tax": 2247,
        "Present corporate income tax expenses": 696,
        "Deferred income taxes expenses": "N/A",
        "The interests of minority shareholders": "N/A",
        "Total Cost of profits": 696,
        "Profit after tax corporate income": 1551,
        "Volume": 9900000,
        "Close of Quarter": 4.9,
        "EPS": 831,
        "Non-adjusted EPS": 831,
        "PE": 5.9,
        "Book Price": 11.1
      }
    },
    {
      "quarter": "Q3 2008",
      "income status": {
        "Net sales": 219020,
        "Cost of goods sold": 205477,
        "Gross Profit": 13543,
        "Financial expenses": 3125,
        "Of which: Interest expense": "N/A",
        "Cost of sales": 10451,
        "Enterprise cost management": 3466,
        "Total Operating Expenses": 17042,
        "Total revenue financing activities": 1155,
        "Net profit from business activities": -2345,
        "Profit": 5089,
        "Profit before tax": 2745,
        "Present corporate income tax expenses": 2595,
        "Deferred income taxes expenses": "N/A",
        "The interests of minority shareholders": "N/A",
        "Total Cost of profits": 2595,
        "Profit after tax corporate income": 150,
        "Volume": 9900000,
        "Close of Quarter": 7.4,
        "EPS": 861,
        "Non-adjusted EPS": 861,
        "PE": 8.6,
        "Book Price": 10.8
      }
    },
    {
      "quarter": "Q2 2008",
      "income status": {
        "Net sales": 255649,
        "Cost of goods sold": 245211,
        "Gross Profit": 10438,
        "Financial expenses": 2946,
        "Of which: Interest expense": 2946,
        "Cost of sales": 6293,
        "Enterprise cost management": 3143,
        "Total Operating Expenses": 12382,
        "Total revenue financing activities": 1911,
        "Net profit from business activities": -32,
        "Profit": 2416,
        "Profit before tax": 2384,
        "Present corporate income tax expenses": "N/A",
        "Deferred income taxes expenses": "N/A",
        "The interests of minority shareholders": "N/A",
        "Total Cost of profits": 0,
        "Profit after tax corporate income": 2384,
        "Volume": 9900000,
        "Close of Quarter": 6.0,
        "EPS": 1165,
        "Non-adjusted EPS": 1165,
        "PE": 5.2,
        "Book Price": 10.7
      }
    },
    {
      "quarter": "Q1 2008",
      "income status": {
        "Net sales": 216361,
        "Cost of goods sold": 203157,
        "Gross Profit": 13204,
        "Financial expenses": 2391,
        "Of which: Interest expense": "N/A",
        "Cost of sales": 8355,
        "Enterprise cost management": 2285,
        "Total Operating Expenses": 13031,
        "Total revenue financing activities": 1123,
        "Net profit from business activities": 1296,
        "Profit": 2844,
        "Profit before tax": 4140,
        "Present corporate income tax expenses": "N/A",
        "Deferred income taxes expenses": "N/A",
        "The interests of minority shareholders": "N/A",
        "Total Cost of profits": 0,
        "Profit after tax corporate income": 4140,
        "Volume": 9900000,
        "Close of Quarter": 8.7,
        "EPS": 1302,
        "Non-adjusted EPS": 1302,
        "PE": 6.7,
        "Book Price": 11
      }
    },
    {
      "quarter": "Q4 2007",
      "income status": {
        "Net sales": 237550,
        "Cost of goods sold": 227076,
        "Gross Profit": 10473,
        "Financial expenses": -436,
        "Of which: Interest expense": "N/A",
        "Cost of sales": 9114,
        "Enterprise cost management": 2820,
        "Total Operating Expenses": 11498,
        "Total revenue financing activities": 2092,
        "Net profit from business activities": 1067,
        "Profit": 3689,
        "Profit before tax": 4756,
        "Present corporate income tax expenses": 3472,
        "Deferred income taxes expenses": -566,
        "The interests of minority shareholders": "N/A",
        "Total Cost of profits": 2906,
        "Profit after tax corporate income": 1850,
        "Volume": 9900000,
        "Close of Quarter": "N/A",
        "EPS": 886,
        "Non-adjusted EPS": 886,
        "PE": "N/A",
        "Book Price": 10.5
      }
    },
    {
      "quarter": "Q3 2007",
      "income status": {
        "Net sales": 282972,
        "Cost of goods sold": 265172,
        "Gross Profit": 17801,
        "Financial expenses": 3569,
        "Of which: Interest expense": "N/A",
        "Cost of sales": 10630,
        "Enterprise cost management": 3332,
        "Total Operating Expenses": 17531,
        "Total revenue financing activities": 1808,
        "Net profit from business activities": 2077,
        "Profit": 1087,
        "Profit before tax": 3164,
        "Present corporate income tax expenses": "N/A",
        "Deferred income taxes expenses": "N/A",
        "The interests of minority shareholders": "N/A",
        "Total Cost of profits": 0,
        "Profit after tax corporate income": 3164,
        "Volume": 9900000,
        "Close of Quarter": "N/A",
        "EPS": 699,
        "Non-adjusted EPS": 699,
        "PE": "N/A",
        "Book Price": 10.6
      }
    },
    {
      "quarter": "Q2 2007",
      "income status": {
        "Net sales": 315294,
        "Cost of goods sold": 296188,
        "Gross Profit": 19106,
        "Financial expenses": 3569,
        "Of which: Interest expense": "N/A",
        "Cost of sales": 13042,
        "Enterprise cost management": 2987,
        "Total Operating Expenses": 19598,
        "Total revenue financing activities": 6158,
        "Net profit from business activities": 5666,
        "Profit": 147,
        "Profit before tax": 5813,
        "Present corporate income tax expenses": 1508,
        "Deferred income taxes expenses": 566,
        "The interests of minority shareholders": "N/A",
        "Total Cost of profits": 2074,
        "Profit after tax corporate income": 3739,
        "Volume": 9900000,
        "Close of Quarter": "N/A",
        "EPS": 380,
        "Non-adjusted EPS": 380,
        "PE": "N/A",
        "Book Price": "N/A"
      }
    },
    {
      "quarter": "Q1 2007",
      "income status": {
        "Net sales": 227137,
        "Cost of goods sold": 215299,
        "Gross Profit": 11838,
        "Financial expenses": 1666,
        "Of which: Interest expense": "N/A",
        "Cost of sales": 7959,
        "Enterprise cost management": 2696,
        "Total Operating Expenses": 12321,
        "Total revenue financing activities": 142,
        "Net profit from business activities": -340,
        "Profit": 361,
        "Profit before tax": 21,
        "Present corporate income tax expenses": "N/A",
        "Deferred income taxes expenses": "N/A",
        "The interests of minority shareholders": "N/A",
        "Total Cost of profits": 0,
        "Profit after tax corporate income": 21,
        "Volume": 9900000,
        "Close of Quarter": "N/A",
        "EPS": 2,
        "Non-adjusted EPS": 2,
        "PE": "N/A",
        "Book Price": "N/A"
      }
    }
  ]
}