{
  "ticker": "VNA",
  "data": [
    {
      "quarter": "Q1 2017",
      "income status": {
        "Net sales": 130974,
        "Cost of goods sold": 144871,
        "Gross Profit": -13897,
        "Financial expenses": 8286,
        "Of which: Interest expense": 8131,
        "Cost of sales": 2102,
        "Enterprise cost management": 5501,
        "Total Operating Expenses": 15889,
        "Total revenue financing activities": 640,
        "Net profit from business activities": -29146,
        "Profit": "N/A",
        "Profit before tax": -29146,
        "Present corporate income tax expenses": "N/A",
        "Deferred income taxes expenses": "N/A",
        "The interests of minority shareholders": "N/A",
        "Total Cost of profits": 0,
        "Profit after tax corporate income": -29146,
        "Volume": 20000000,
        "Close of Quarter": 1.0,
        "EPS": -5964,
        "Non-adjusted EPS": -5964,
        "PE": -0.2,
        "Book Price": 2.4
      }
    },
    {
      "quarter": "Q4 2016",
      "income status": {
        "Net sales": 117033,
        "Cost of goods sold": 135307,
        "Gross Profit": -18274,
        "Financial expenses": 21539,
        "Of which: Interest expense": 9876,
        "Cost of sales": 2449,
        "Enterprise cost management": 9872,
        "Total Operating Expenses": 33860,
        "Total revenue financing activities": 567,
        "Net profit from business activities": -51567,
        "Profit": 320,
        "Profit before tax": -51246,
        "Present corporate income tax expenses": "N/A",
        "Deferred income taxes expenses": "N/A",
        "The interests of minority shareholders": "N/A",
        "Total Cost of profits": 0,
        "Profit after tax corporate income": -51246,
        "Volume": 20000000,
        "Close of Quarter": 1.7,
        "EPS": -4931,
        "Non-adjusted EPS": -4931,
        "PE": -0.3,
        "Book Price": 3.9
      }
    },
    {
      "quarter": "Q3 2016",
      "income status": {
        "Net sales": 136465,
        "Cost of goods sold": 137397,
        "Gross Profit": -932,
        "Financial expenses": 9953,
        "Of which: Interest expense": 9919,
        "Cost of sales": 2085,
        "Enterprise cost management": 5651,
        "Total Operating Expenses": 17689,
        "Total revenue financing activities": 866,
        "Net profit from business activities": -17755,
        "Profit": -182,
        "Profit before tax": -17937,
        "Present corporate income tax expenses": "N/A",
        "Deferred income taxes expenses": "N/A",
        "The interests of minority shareholders": "N/A",
        "Total Cost of profits": 0,
        "Profit after tax corporate income": -17937,
        "Volume": 20000000,
        "Close of Quarter": 1.8,
        "EPS": -1476,
        "Non-adjusted EPS": -1476,
        "PE": -1.2,
        "Book Price": 6.4
      }
    },
    {
      "quarter": "Q2 2016",
      "income status": {
        "Net sales": 123270,
        "Cost of goods sold": 129917,
        "Gross Profit": -6647,
        "Financial expenses": 10850,
        "Of which: Interest expense": 10759,
        "Cost of sales": 1111,
        "Enterprise cost management": 7108,
        "Total Operating Expenses": 19069,
        "Total revenue financing activities": 5254,
        "Net profit from business activities": -20462,
        "Profit": -495,
        "Profit before tax": -20956,
        "Present corporate income tax expenses": "N/A",
        "Deferred income taxes expenses": "N/A",
        "The interests of minority shareholders": "N/A",
        "Total Cost of profits": 0,
        "Profit after tax corporate income": -20956,
        "Volume": 20000000,
        "Close of Quarter": 2.4,
        "EPS": -1581,
        "Non-adjusted EPS": -1581,
        "PE": -1.5,
        "Book Price": 7.3
      }
    },
    {
      "quarter": "Q1 2016",
      "income status": {
        "Net sales": 155417,
        "Cost of goods sold": 147124,
        "Gross Profit": 8294,
        "Financial expenses": 10480,
        "Of which: Interest expense": 10413,
        "Cost of sales": 771,
        "Enterprise cost management": 6146,
        "Total Operating Expenses": 17397,
        "Total revenue financing activities": 944,
        "Net profit from business activities": -8159,
        "Profit": -314,
        "Profit before tax": -8473,
        "Present corporate income tax expenses": "N/A",
        "Deferred income taxes expenses": "N/A",
        "The interests of minority shareholders": "N/A",
        "Total Cost of profits": 0,
        "Profit after tax corporate income": -8473,
        "Volume": 20000000,
        "Close of Quarter": 2.6,
        "EPS": -1516,
        "Non-adjusted EPS": -1516,
        "PE": -1.7,
        "Book Price": 8.4
      }
    },
    {
      "quarter": "Q4 2015",
      "income status": {
        "Net sales": 226574,
        "Cost of goods sold": 170964,
        "Gross Profit": 55609,
        "Financial expenses": 27965,
        "Of which: Interest expense": 10037,
        "Cost of sales": 1739,
        "Enterprise cost management": 8487,
        "Total Operating Expenses": 38191,
        "Total revenue financing activities": 504,
        "Net profit from business activities": 17923,
        "Profit": -79,
        "Profit before tax": 17843,
        "Present corporate income tax expenses": "N/A",
        "Deferred income taxes expenses": "N/A",
        "The interests of minority shareholders": "N/A",
        "Total Cost of profits": 0,
        "Profit after tax corporate income": 17843,
        "Volume": 20000000,
        "Close of Quarter": 2.3,
        "EPS": -1985,
        "Non-adjusted EPS": -1985,
        "PE": -1.2,
        "Book Price": 8.8
      }
    },
    {
      "quarter": "Q3 2015",
      "income status": {
        "Net sales": 143494,
        "Cost of goods sold": 158203,
        "Gross Profit": -14709,
        "Financial expenses": 10721,
        "Of which: Interest expense": 9316,
        "Cost of sales": 1733,
        "Enterprise cost management": 6986,
        "Total Operating Expenses": 19440,
        "Total revenue financing activities": 441,
        "Net profit from business activities": -33709,
        "Profit": 13682,
        "Profit before tax": -20027,
        "Present corporate income tax expenses": "N/A",
        "Deferred income taxes expenses": "N/A",
        "The interests of minority shareholders": "N/A",
        "Total Cost of profits": 0,
        "Profit after tax corporate income": -20027,
        "Volume": 20000000,
        "Close of Quarter": 2.5,
        "EPS": -470,
        "Non-adjusted EPS": -470,
        "PE": -5.3,
        "Book Price": 7.8
      }
    },
    {
      "quarter": "Q2 2015",
      "income status": {
        "Net sales": 171560,
        "Cost of goods sold": 160320,
        "Gross Profit": 11240,
        "Financial expenses": 21670,
        "Of which: Interest expense": 9478,
        "Cost of sales": 3655,
        "Enterprise cost management": 6390,
        "Total Operating Expenses": 31715,
        "Total revenue financing activities": 383,
        "Net profit from business activities": -20092,
        "Profit": 434,
        "Profit before tax": -19658,
        "Present corporate income tax expenses": "N/A",
        "Deferred income taxes expenses": "N/A",
        "The interests of minority shareholders": "N/A",
        "Total Cost of profits": 0,
        "Profit after tax corporate income": -19658,
        "Volume": 20000000,
        "Close of Quarter": 3.2,
        "EPS": -559,
        "Non-adjusted EPS": -559,
        "PE": -5.7,
        "Book Price": 8.8
      }
    },
    {
      "quarter": "Q1 2015",
      "income status": {
        "Net sales": 153695,
        "Cost of goods sold": 152920,
        "Gross Profit": 775,
        "Financial expenses": 10078,
        "Of which: Interest expense": 9464,
        "Cost of sales": 3079,
        "Enterprise cost management": 5677,
        "Total Operating Expenses": 18834,
        "Total revenue financing activities": 273,
        "Net profit from business activities": -17786,
        "Profit": -78,
        "Profit before tax": -17865,
        "Present corporate income tax expenses": "N/A",
        "Deferred income taxes expenses": "N/A",
        "The interests of minority shareholders": "N/A",
        "Total Cost of profits": 0,
        "Profit after tax corporate income": -17865,
        "Volume": 20000000,
        "Close of Quarter": 4.4,
        "EPS": -327,
        "Non-adjusted EPS": -327,
        "PE": -13.5,
        "Book Price": 9.8
      }
    },
    {
      "quarter": "Q4 2014",
      "income status": {
        "Net sales": 226770,
        "Cost of goods sold": 184236,
        "Gross Profit": 42534,
        "Financial expenses": 18796,
        "Of which: Interest expense": 13350,
        "Cost of sales": 4805,
        "Enterprise cost management": 9615,
        "Total Operating Expenses": 33216,
        "Total revenue financing activities": 552,
        "Net profit from business activities": 9868,
        "Profit": 38291,
        "Profit before tax": 48159,
        "Present corporate income tax expenses": "N/A",
        "Deferred income taxes expenses": "N/A",
        "The interests of minority shareholders": "N/A",
        "Total Cost of profits": 0,
        "Profit after tax corporate income": 48159,
        "Volume": 20000000,
        "Close of Quarter": 3.6,
        "EPS": 84,
        "Non-adjusted EPS": 84,
        "PE": 42.9,
        "Book Price": 10.7
      }
    },
    {
      "quarter": "Q3 2014",
      "income status": {
        "Net sales": 190438,
        "Cost of goods sold": 190800,
        "Gross Profit": -362,
        "Financial expenses": 14333,
        "Of which: Interest expense": 16722,
        "Cost of sales": 2782,
        "Enterprise cost management": 5997,
        "Total Operating Expenses": 23112,
        "Total revenue financing activities": 1835,
        "Net profit from business activities": -21639,
        "Profit": -170,
        "Profit before tax": -21808,
        "Present corporate income tax expenses": "N/A",
        "Deferred income taxes expenses": "N/A",
        "The interests of minority shareholders": "N/A",
        "Total Cost of profits": 0,
        "Profit after tax corporate income": -21808,
        "Volume": 20000000,
        "Close of Quarter": 3.4,
        "EPS": -3411,
        "Non-adjusted EPS": -3411,
        "PE": -1,
        "Book Price": 8.3
      }
    },
    {
      "quarter": "Q2 2014",
      "income status": {
        "Net sales": 170499,
        "Cost of goods sold": 161691,
        "Gross Profit": 8807,
        "Financial expenses": 14474,
        "Of which: Interest expense": 7918,
        "Cost of sales": 3452,
        "Enterprise cost management": 6368,
        "Total Operating Expenses": 24294,
        "Total revenue financing activities": 128,
        "Net profit from business activities": -15358,
        "Profit": 333,
        "Profit before tax": -15026,
        "Present corporate income tax expenses": "N/A",
        "Deferred income taxes expenses": "N/A",
        "The interests of minority shareholders": "N/A",
        "Total Cost of profits": 0,
        "Profit after tax corporate income": -15026,
        "Volume": 20000000,
        "Close of Quarter": 3,
        "EPS": -3202,
        "Non-adjusted EPS": -3202,
        "PE": -0.9,
        "Book Price": 9.4
      }
    },
    {
      "quarter": "Q1 2014",
      "income status": {
        "Net sales": 173195,
        "Cost of goods sold": 164696,
        "Gross Profit": 8499,
        "Financial expenses": 9874,
        "Of which: Interest expense": 9731,
        "Cost of sales": 3119,
        "Enterprise cost management": 5679,
        "Total Operating Expenses": 18672,
        "Total revenue financing activities": 523,
        "Net profit from business activities": -9650,
        "Profit": -1,
        "Profit before tax": -9650,
        "Present corporate income tax expenses": "N/A",
        "Deferred income taxes expenses": "N/A",
        "The interests of minority shareholders": "N/A",
        "Total Cost of profits": 0,
        "Profit after tax corporate income": -9650,
        "Volume": 20000000,
        "Close of Quarter": 3.7,
        "EPS": -4441,
        "Non-adjusted EPS": -4441,
        "PE": -0.8,
        "Book Price": 10.1
      }
    },
    {
      "quarter": "Q4 2013",
      "income status": {
        "Net sales": 179817,
        "Cost of goods sold": 174613,
        "Gross Profit": 5204,
        "Financial expenses": 15019,
        "Of which: Interest expense": 16222,
        "Cost of sales": 4697,
        "Enterprise cost management": 7526,
        "Total Operating Expenses": 27242,
        "Total revenue financing activities": 261,
        "Net profit from business activities": -21777,
        "Profit": 45,
        "Profit before tax": -21733,
        "Present corporate income tax expenses": "N/A",
        "Deferred income taxes expenses": "N/A",
        "The interests of minority shareholders": "N/A",
        "Total Cost of profits": 0,
        "Profit after tax corporate income": -21733,
        "Volume": 20000000,
        "Close of Quarter": 3.2,
        "EPS": -5395,
        "Non-adjusted EPS": -5395,
        "PE": -0.6,
        "Book Price": 10.6
      }
    },
    {
      "quarter": "Q3 2013",
      "income status": {
        "Net sales": 174006,
        "Cost of goods sold": 169013,
        "Gross Profit": 4993,
        "Financial expenses": 12707,
        "Of which: Interest expense": 12407,
        "Cost of sales": 3941,
        "Enterprise cost management": 7641,
        "Total Operating Expenses": 24289,
        "Total revenue financing activities": 1676,
        "Net profit from business activities": -17621,
        "Profit": "N/A",
        "Profit before tax": -17621,
        "Present corporate income tax expenses": "N/A",
        "Deferred income taxes expenses": "N/A",
        "The interests of minority shareholders": "N/A",
        "Total Cost of profits": 0,
        "Profit after tax corporate income": -17621,
        "Volume": 20000000,
        "Close of Quarter": 2.6,
        "EPS": -3315,
        "Non-adjusted EPS": -3315,
        "PE": -0.8,
        "Book Price": 11.7
      }
    },
    {
      "quarter": "Q2 2013",
      "income status": {
        "Net sales": 160969,
        "Cost of goods sold": 166404,
        "Gross Profit": -5435,
        "Financial expenses": 25122,
        "Of which: Interest expense": 17616,
        "Cost of sales": 3160,
        "Enterprise cost management": 6111,
        "Total Operating Expenses": 34393,
        "Total revenue financing activities": 153,
        "Net profit from business activities": -39675,
        "Profit": -134,
        "Profit before tax": -39809,
        "Present corporate income tax expenses": "N/A",
        "Deferred income taxes expenses": "N/A",
        "The interests of minority shareholders": "N/A",
        "Total Cost of profits": 0,
        "Profit after tax corporate income": -39809,
        "Volume": 20000000,
        "Close of Quarter": 2.6,
        "EPS": -3073,
        "Non-adjusted EPS": -3073,
        "PE": -0.9,
        "Book Price": 12.7
      }
    },
    {
      "quarter": "Q1 2013",
      "income status": {
        "Net sales": 166714,
        "Cost of goods sold": 169433,
        "Gross Profit": -2719,
        "Financial expenses": 15693,
        "Of which: Interest expense": 12149,
        "Cost of sales": 4753,
        "Enterprise cost management": 5501,
        "Total Operating Expenses": 25947,
        "Total revenue financing activities": 489,
        "Net profit from business activities": -28178,
        "Profit": -555,
        "Profit before tax": -28733,
        "Present corporate income tax expenses": "N/A",
        "Deferred income taxes expenses": "N/A",
        "The interests of minority shareholders": "N/A",
        "Total Cost of profits": 0,
        "Profit after tax corporate income": -28733,
        "Volume": 20000000,
        "Close of Quarter": 2.9,
        "EPS": -682,
        "Non-adjusted EPS": -682,
        "PE": -4.3,
        "Book Price": 14.3
      }
    },
    {
      "quarter": "Q4 2012",
      "income status": {
        "Net sales": 186851,
        "Cost of goods sold": 163729,
        "Gross Profit": 23122,
        "Financial expenses": 16239,
        "Of which: Interest expense": 20319,
        "Cost of sales": 3705,
        "Enterprise cost management": 6523,
        "Total Operating Expenses": 26467,
        "Total revenue financing activities": 531,
        "Net profit from business activities": -2814,
        "Profit": 22668,
        "Profit before tax": 19854,
        "Present corporate income tax expenses": "N/A",
        "Deferred income taxes expenses": "N/A",
        "The interests of minority shareholders": "N/A",
        "Total Cost of profits": 0,
        "Profit after tax corporate income": 19854,
        "Volume": 20000000,
        "Close of Quarter": 2.8,
        "EPS": -1415,
        "Non-adjusted EPS": -1415,
        "PE": -2.0,
        "Book Price": 15.7
      }
    },
    {
      "quarter": "Q3 2012",
      "income status": {
        "Net sales": 174565,
        "Cost of goods sold": 165986,
        "Gross Profit": 8579,
        "Financial expenses": 10891,
        "Of which: Interest expense": 10427,
        "Cost of sales": 4341,
        "Enterprise cost management": 5835,
        "Total Operating Expenses": 21067,
        "Total revenue financing activities": 185,
        "Net profit from business activities": -12303,
        "Profit": -460,
        "Profit before tax": -12763,
        "Present corporate income tax expenses": "N/A",
        "Deferred income taxes expenses": "N/A",
        "The interests of minority shareholders": "N/A",
        "Total Cost of profits": 0,
        "Profit after tax corporate income": -12763,
        "Volume": 20000000,
        "Close of Quarter": 2.9,
        "EPS": -2089,
        "Non-adjusted EPS": -2089,
        "PE": -1.4,
        "Book Price": 14.7
      }
    },
    {
      "quarter": "Q2 2012",
      "income status": {
        "Net sales": 234468,
        "Cost of goods sold": 190734,
        "Gross Profit": 43734,
        "Financial expenses": 20532,
        "Of which: Interest expense": 20322,
        "Cost of sales": 7525,
        "Enterprise cost management": 8671,
        "Total Operating Expenses": 36728,
        "Total revenue financing activities": 444,
        "Net profit from business activities": 7449,
        "Profit": 563,
        "Profit before tax": 8012,
        "Present corporate income tax expenses": "N/A",
        "Deferred income taxes expenses": "N/A",
        "The interests of minority shareholders": "N/A",
        "Total Cost of profits": 0,
        "Profit after tax corporate income": 8012,
        "Volume": 20000000,
        "Close of Quarter": 4.2,
        "EPS": -347,
        "Non-adjusted EPS": -347,
        "PE": -12.1,
        "Book Price": 15.4
      }
    },
    {
      "quarter": "Q1 2012",
      "income status": {
        "Net sales": 225016,
        "Cost of goods sold": 242690,
        "Gross Profit": -17674,
        "Financial expenses": 13619,
        "Of which: Interest expense": 12569,
        "Cost of sales": 5824,
        "Enterprise cost management": 7142,
        "Total Operating Expenses": 26585,
        "Total revenue financing activities": 1063,
        "Net profit from business activities": -43195,
        "Profit": -200,
        "Profit before tax": -43395,
        "Present corporate income tax expenses": "N/A",
        "Deferred income taxes expenses": "N/A",
        "The interests of minority shareholders": "N/A",
        "Total Cost of profits": 0,
        "Profit after tax corporate income": -43395,
        "Volume": 20000000,
        "Close of Quarter": 5.2,
        "EPS": -925,
        "Non-adjusted EPS": -925,
        "PE": -5.6,
        "Book Price": 15.1
      }
    },
    {
      "quarter": "Q4 2011",
      "income status": {
        "Net sales": 277941,
        "Cost of goods sold": 217200,
        "Gross Profit": 60741,
        "Financial expenses": 40305,
        "Of which: Interest expense": 18102,
        "Cost of sales": 6357,
        "Enterprise cost management": 8345,
        "Total Operating Expenses": 55007,
        "Total revenue financing activities": 420,
        "Net profit from business activities": 6153,
        "Profit": 853,
        "Profit before tax": 7007,
        "Present corporate income tax expenses": 635,
        "Deferred income taxes expenses": "N/A",
        "The interests of minority shareholders": "N/A",
        "Total Cost of profits": 635,
        "Profit after tax corporate income": 6371,
        "Volume": 20000000,
        "Close of Quarter": 3.7,
        "EPS": 1636,
        "Non-adjusted EPS": 1636,
        "PE": 2.3,
        "Book Price": 17.2
      }
    },
    {
      "quarter": "Q3 2011",
      "income status": {
        "Net sales": 250159,
        "Cost of goods sold": 242057,
        "Gross Profit": 8103,
        "Financial expenses": 33846,
        "Of which: Interest expense": 16700,
        "Cost of sales": 5840,
        "Enterprise cost management": 8292,
        "Total Operating Expenses": 47978,
        "Total revenue financing activities": 758,
        "Net profit from business activities": -39118,
        "Profit": 62871,
        "Profit before tax": 23754,
        "Present corporate income tax expenses": 1678,
        "Deferred income taxes expenses": "N/A",
        "The interests of minority shareholders": "N/A",
        "Total Cost of profits": 1678,
        "Profit after tax corporate income": 22076,
        "Volume": 20000000,
        "Close of Quarter": 6.8,
        "EPS": 1062,
        "Non-adjusted EPS": 1062,
        "PE": 6.4,
        "Book Price": 17
      }
    },
    {
      "quarter": "Q2 2011",
      "income status": {
        "Net sales": 261990,
        "Cost of goods sold": 226080,
        "Gross Profit": 35911,
        "Financial expenses": 28906,
        "Of which: Interest expense": 21599,
        "Cost of sales": 4864,
        "Enterprise cost management": 8155,
        "Total Operating Expenses": 41925,
        "Total revenue financing activities": 992,
        "Net profit from business activities": -5023,
        "Profit": 258,
        "Profit before tax": -4764,
        "Present corporate income tax expenses": -1215,
        "Deferred income taxes expenses": "N/A",
        "The interests of minority shareholders": "N/A",
        "Total Cost of profits": -1215,
        "Profit after tax corporate income": -3549,
        "Volume": 20000000,
        "Close of Quarter": 6.7,
        "EPS": 1539,
        "Non-adjusted EPS": 1539,
        "PE": 4.4,
        "Book Price": 16.7
      }
    },
    {
      "quarter": "Q1 2011",
      "income status": {
        "Net sales": 234687,
        "Cost of goods sold": 199244,
        "Gross Profit": 35443,
        "Financial expenses": 26887,
        "Of which: Interest expense": 12131,
        "Cost of sales": 5105,
        "Enterprise cost management": 6864,
        "Total Operating Expenses": 38856,
        "Total revenue financing activities": 2935,
        "Net profit from business activities": -478,
        "Profit": 10709,
        "Profit before tax": 10231,
        "Present corporate income tax expenses": 2403,
        "Deferred income taxes expenses": "N/A",
        "The interests of minority shareholders": "N/A",
        "Total Cost of profits": 2403,
        "Profit after tax corporate income": 7828,
        "Volume": 20000000,
        "Close of Quarter": 8.6,
        "EPS": 1875,
        "Non-adjusted EPS": 1875,
        "PE": 4.6,
        "Book Price": 17.9
      }
    },
    {
      "quarter": "Q4 2010",
      "income status": {
        "Net sales": 220234,
        "Cost of goods sold": 174682,
        "Gross Profit": 45552,
        "Financial expenses": 37566,
        "Of which: Interest expense": 17377,
        "Cost of sales": 4945,
        "Enterprise cost management": 7620,
        "Total Operating Expenses": 50131,
        "Total revenue financing activities": 856,
        "Net profit from business activities": -3722,
        "Profit": -17,
        "Profit before tax": -3739,
        "Present corporate income tax expenses": 1380,
        "Deferred income taxes expenses": "N/A",
        "The interests of minority shareholders": "N/A",
        "Total Cost of profits": 1380,
        "Profit after tax corporate income": -5119,
        "Volume": 20000000,
        "Close of Quarter": 11.9,
        "EPS": 2229,
        "Non-adjusted EPS": 2229,
        "PE": 5.4,
        "Book Price": 17.8
      }
    },
    {
      "quarter": "Q3 2010",
      "income status": {
        "Net sales": 212448,
        "Cost of goods sold": 197082,
        "Gross Profit": 15366,
        "Financial expenses": 21155,
        "Of which: Interest expense": 12838,
        "Cost of sales": 5585,
        "Enterprise cost management": 6882,
        "Total Operating Expenses": 33622,
        "Total revenue financing activities": 1978,
        "Net profit from business activities": -16278,
        "Profit": 52371,
        "Profit before tax": 36093,
        "Present corporate income tax expenses": 4480,
        "Deferred income taxes expenses": "N/A",
        "The interests of minority shareholders": "N/A",
        "Total Cost of profits": 4480,
        "Profit after tax corporate income": 31612,
        "Volume": 20000000,
        "Close of Quarter": 13.7,
        "EPS": 3372,
        "Non-adjusted EPS": 3372,
        "PE": 4.1,
        "Book Price": 17.8
      }
    },
    {
      "quarter": "Q2 2010",
      "income status": {
        "Net sales": 251310,
        "Cost of goods sold": 215613,
        "Gross Profit": 35697,
        "Financial expenses": 20732,
        "Of which: Interest expense": 18168,
        "Cost of sales": 5655,
        "Enterprise cost management": 6559,
        "Total Operating Expenses": 32946,
        "Total revenue financing activities": 462,
        "Net profit from business activities": 3213,
        "Profit": 404,
        "Profit before tax": 3617,
        "Present corporate income tax expenses": 442,
        "Deferred income taxes expenses": "N/A",
        "The interests of minority shareholders": "N/A",
        "Total Cost of profits": 442,
        "Profit after tax corporate income": 3175,
        "Volume": 20000000,
        "Close of Quarter": 18.5,
        "EPS": 2693,
        "Non-adjusted EPS": 2693,
        "PE": 6.9,
        "Book Price": 16
      }
    },
    {
      "quarter": "Q1 2010",
      "income status": {
        "Net sales": 254157,
        "Cost of goods sold": 212753,
        "Gross Profit": 41404,
        "Financial expenses": 13162,
        "Of which: Interest expense": 8151,
        "Cost of sales": 4531,
        "Enterprise cost management": 7243,
        "Total Operating Expenses": 24936,
        "Total revenue financing activities": 574,
        "Net profit from business activities": 17041,
        "Profit": -3,
        "Profit before tax": 17038,
        "Present corporate income tax expenses": 2130,
        "Deferred income taxes expenses": "N/A",
        "The interests of minority shareholders": "N/A",
        "Total Cost of profits": 2130,
        "Profit after tax corporate income": 14908,
        "Volume": 20000000,
        "Close of Quarter": 12.9,
        "EPS": 1667,
        "Non-adjusted EPS": 1667,
        "PE": 7.7,
        "Book Price": 15.7
      }
    },
    {
      "quarter": "Q4 2009",
      "income status": {
        "Net sales": 186439,
        "Cost of goods sold": 170634,
        "Gross Profit": 15804,
        "Financial expenses": 13268,
        "Of which: Interest expense": 8229,
        "Cost of sales": 3873,
        "Enterprise cost management": 7480,
        "Total Operating Expenses": 24621,
        "Total revenue financing activities": 19081,
        "Net profit from business activities": 10264,
        "Profit": 12843,
        "Profit before tax": 23106,
        "Present corporate income tax expenses": 5358,
        "Deferred income taxes expenses": "N/A",
        "The interests of minority shareholders": "N/A",
        "Total Cost of profits": 5358,
        "Profit after tax corporate income": 17749,
        "Volume": 20000000,
        "Close of Quarter": 13.9,
        "EPS": 998,
        "Non-adjusted EPS": 998,
        "PE": 13.9,
        "Book Price": 15.8
      }
    },
    {
      "quarter": "Q3 2009",
      "income status": {
        "Net sales": 163921,
        "Cost of goods sold": 146004,
        "Gross Profit": 17917,
        "Financial expenses": 3629,
        "Of which: Interest expense": 4787,
        "Cost of sales": 4365,
        "Enterprise cost management": 6313,
        "Total Operating Expenses": 14307,
        "Total revenue financing activities": 13415,
        "Net profit from business activities": 17026,
        "Profit": 1004,
        "Profit before tax": 18029,
        "Present corporate income tax expenses": "N/A",
        "Deferred income taxes expenses": "N/A",
        "The interests of minority shareholders": "N/A",
        "Total Cost of profits": 0,
        "Profit after tax corporate income": 18029,
        "Volume": 20000000,
        "Close of Quarter": 14.2,
        "EPS": 357,
        "Non-adjusted EPS": 357,
        "PE": 39.8,
        "Book Price": 15.1
      }
    },
    {
      "quarter": "Q2 2009",
      "income status": {
        "Net sales": 158259,
        "Cost of goods sold": 163143,
        "Gross Profit": -4884,
        "Financial expenses": 8164,
        "Of which: Interest expense": 7204,
        "Cost of sales": 2214,
        "Enterprise cost management": 5791,
        "Total Operating Expenses": 16169,
        "Total revenue financing activities": 3673,
        "Net profit from business activities": -17381,
        "Profit": 32,
        "Profit before tax": -17349,
        "Present corporate income tax expenses": "N/A",
        "Deferred income taxes expenses": "N/A",
        "The interests of minority shareholders": "N/A",
        "Total Cost of profits": 0,
        "Profit after tax corporate income": -17349,
        "Volume": 20000000,
        "Close of Quarter": 13.4,
        "EPS": 495,
        "Non-adjusted EPS": 495,
        "PE": 27.1,
        "Book Price": 14.2
      }
    },
    {
      "quarter": "Q1 2009",
      "income status": {
        "Net sales": 150765,
        "Cost of goods sold": 143246,
        "Gross Profit": 7519,
        "Financial expenses": 5062,
        "Of which: Interest expense": 2738,
        "Cost of sales": 2834,
        "Enterprise cost management": 5704,
        "Total Operating Expenses": 13600,
        "Total revenue financing activities": 7508,
        "Net profit from business activities": 1427,
        "Profit": 98,
        "Profit before tax": 1524,
        "Present corporate income tax expenses": "N/A",
        "Deferred income taxes expenses": "N/A",
        "The interests of minority shareholders": "N/A",
        "Total Cost of profits": 0,
        "Profit after tax corporate income": 1524,
        "Volume": 20000000,
        "Close of Quarter": 9.9,
        "EPS": 2244,
        "Non-adjusted EPS": 2244,
        "PE": 4.4,
        "Book Price": 15.1
      }
    },
    {
      "quarter": "Q4 2008",
      "income status": {
        "Net sales": 205168,
        "Cost of goods sold": 184920,
        "Gross Profit": 20248,
        "Financial expenses": 9746,
        "Of which: Interest expense": 4271,
        "Cost of sales": 3920,
        "Enterprise cost management": 7434,
        "Total Operating Expenses": 21100,
        "Total revenue financing activities": 6247,
        "Net profit from business activities": 5395,
        "Profit": -461,
        "Profit before tax": 4934,
        "Present corporate income tax expenses": "N/A",
        "Deferred income taxes expenses": "N/A",
        "The interests of minority shareholders": "N/A",
        "Total Cost of profits": 0,
        "Profit after tax corporate income": 4934,
        "Volume": 20000000,
        "Close of Quarter": 11.7,
        "EPS": 3559,
        "Non-adjusted EPS": 3559,
        "PE": 3.3,
        "Book Price": 15
      }
    },
    {
      "quarter": "Q3 2008",
      "income status": {
        "Net sales": 251835,
        "Cost of goods sold": 215455,
        "Gross Profit": 36380,
        "Financial expenses": 5557,
        "Of which: Interest expense": 3767,
        "Cost of sales": 4598,
        "Enterprise cost management": 8504,
        "Total Operating Expenses": 18659,
        "Total revenue financing activities": 3030,
        "Net profit from business activities": 20752,
        "Profit": 41,
        "Profit before tax": 20792,
        "Present corporate income tax expenses": "N/A",
        "Deferred income taxes expenses": "N/A",
        "The interests of minority shareholders": "N/A",
        "Total Cost of profits": 0,
        "Profit after tax corporate income": 20792,
        "Volume": 20000000,
        "Close of Quarter": 27.4,
        "EPS": 3312,
        "Non-adjusted EPS": 3312,
        "PE": 8.3,
        "Book Price": 16.9
      }
    },
    {
      "quarter": "Q2 2008",
      "income status": {
        "Net sales": 232121,
        "Cost of goods sold": 194535,
        "Gross Profit": 37586,
        "Financial expenses": 14235,
        "Of which: Interest expense": 2954,
        "Cost of sales": 3347,
        "Enterprise cost management": 7568,
        "Total Operating Expenses": 25150,
        "Total revenue financing activities": 5151,
        "Net profit from business activities": 17587,
        "Profit": 44,
        "Profit before tax": 17632,
        "Present corporate income tax expenses": "N/A",
        "Deferred income taxes expenses": "N/A",
        "The interests of minority shareholders": "N/A",
        "Total Cost of profits": 0,
        "Profit after tax corporate income": 17632,
        "Volume": 20000000,
        "Close of Quarter": "N/A",
        "EPS": 2273,
        "Non-adjusted EPS": 2273,
        "PE": "N/A",
        "Book Price": 15.9
      }
    },
    {
      "quarter": "Q2 2007",
      "income status": {
        "Net sales": 162065,
        "Cost of goods sold": 125702,
        "Gross Profit": 36362,
        "Financial expenses": 1087,
        "Of which: Interest expense": 937,
        "Cost of sales": 2558,
        "Enterprise cost management": 6172,
        "Total Operating Expenses": 9817,
        "Total revenue financing activities": 1269,
        "Net profit from business activities": 27814,
        "Profit": 7,
        "Profit before tax": 27821,
        "Present corporate income tax expenses": "N/A",
        "Deferred income taxes expenses": "N/A",
        "The interests of minority shareholders": "N/A",
        "Total Cost of profits": 0,
        "Profit after tax corporate income": 27821,
        "Volume": 20000000,
        "Close of Quarter": "N/A",
        "EPS": 1391,
        "Non-adjusted EPS": 1391,
        "PE": "N/A",
        "Book Price": "N/A"
      }
    }
  ]
}