{
  "ticker": "VIT",
  "data": [
    {
      "quarter": "Q1 2017",
      "income status": {
        "Net sales": 178833,
        "Cost of goods sold": 152788,
        "Gross Profit": 26045,
        "Financial expenses": 10506,
        "Of which: Interest expense": 10306,
        "Cost of sales": 2299,
        "Enterprise cost management": 5361,
        "Total Operating Expenses": 18166,
        "Total revenue financing activities": 342,
        "Net profit from business activities": 8221,
        "Profit": 285,
        "Profit before tax": 8506,
        "Present corporate income tax expenses": 1701,
        "Deferred income taxes expenses": "N/A",
        "The interests of minority shareholders": "N/A",
        "Total Cost of profits": 1701,
        "Profit after tax corporate income": 6805,
        "Volume": 15000000,
        "Close of Quarter": 32,
        "EPS": 4030,
        "Non-adjusted EPS": 4030,
        "PE": 7.9,
        "Book Price": 15.5
      }
    },
    {
      "quarter": "Q4 2016",
      "income status": {
        "Net sales": 306260,
        "Cost of goods sold": 264211,
        "Gross Profit": 42049,
        "Financial expenses": 8923,
        "Of which: Interest expense": 8503,
        "Cost of sales": 2871,
        "Enterprise cost management": 6543,
        "Total Operating Expenses": 18337,
        "Total revenue financing activities": 153,
        "Net profit from business activities": 23864,
        "Profit": 800,
        "Profit before tax": 24664,
        "Present corporate income tax expenses": 4953,
        "Deferred income taxes expenses": "N/A",
        "The interests of minority shareholders": "N/A",
        "Total Cost of profits": 4953,
        "Profit after tax corporate income": 19711,
        "Volume": 15000000,
        "Close of Quarter": 26.4,
        "EPS": 3824,
        "Non-adjusted EPS": 3824,
        "PE": 6.9,
        "Book Price": 15.1
      }
    },
    {
      "quarter": "Q3 2016",
      "income status": {
        "Net sales": 269938,
        "Cost of goods sold": 229244,
        "Gross Profit": 40693,
        "Financial expenses": 10354,
        "Of which: Interest expense": 9538,
        "Cost of sales": 3026,
        "Enterprise cost management": 4354,
        "Total Operating Expenses": 17734,
        "Total revenue financing activities": 94,
        "Net profit from business activities": 23054,
        "Profit": 594,
        "Profit before tax": 23648,
        "Present corporate income tax expenses": 4732,
        "Deferred income taxes expenses": "N/A",
        "The interests of minority shareholders": "N/A",
        "Total Cost of profits": 4732,
        "Profit after tax corporate income": 18916,
        "Volume": 15000000,
        "Close of Quarter": 30.8,
        "EPS": 3247,
        "Non-adjusted EPS": 3247,
        "PE": 9.5,
        "Book Price": 13.7
      }
    },
    {
      "quarter": "Q2 2016",
      "income status": {
        "Net sales": 193260,
        "Cost of goods sold": 159755,
        "Gross Profit": 33505,
        "Financial expenses": 9098,
        "Of which: Interest expense": 9294,
        "Cost of sales": 1933,
        "Enterprise cost management": 4139,
        "Total Operating Expenses": 15170,
        "Total revenue financing activities": 136,
        "Net profit from business activities": 18471,
        "Profit": 292,
        "Profit before tax": 18763,
        "Present corporate income tax expenses": 3743,
        "Deferred income taxes expenses": "N/A",
        "The interests of minority shareholders": "N/A",
        "Total Cost of profits": 3743,
        "Profit after tax corporate income": 15021,
        "Volume": 15000000,
        "Close of Quarter": 24.1,
        "EPS": 2681,
        "Non-adjusted EPS": 2681,
        "PE": 9.0,
        "Book Price": 12.5
      }
    },
    {
      "quarter": "Q1 2016",
      "income status": {
        "Net sales": 195783,
        "Cost of goods sold": 177158,
        "Gross Profit": 18625,
        "Financial expenses": 8468,
        "Of which: Interest expense": 8159,
        "Cost of sales": 3075,
        "Enterprise cost management": 3698,
        "Total Operating Expenses": 15241,
        "Total revenue financing activities": 969,
        "Net profit from business activities": 4352,
        "Profit": 280,
        "Profit before tax": 4632,
        "Present corporate income tax expenses": 926,
        "Deferred income taxes expenses": "N/A",
        "The interests of minority shareholders": "N/A",
        "Total Cost of profits": 926,
        "Profit after tax corporate income": 3706,
        "Volume": 15000000,
        "Close of Quarter": 22.4,
        "EPS": 2523,
        "Non-adjusted EPS": 2523,
        "PE": 8.9,
        "Book Price": 11.5
      }
    },
    {
      "quarter": "Q4 2015",
      "income status": {
        "Net sales": 188737,
        "Cost of goods sold": 160962,
        "Gross Profit": 27775,
        "Financial expenses": 7449,
        "Of which: Interest expense": 7128,
        "Cost of sales": 1651,
        "Enterprise cost management": 3482,
        "Total Operating Expenses": 12582,
        "Total revenue financing activities": 37,
        "Net profit from business activities": 15230,
        "Profit": -856,
        "Profit before tax": 14374,
        "Present corporate income tax expenses": 3307,
        "Deferred income taxes expenses": "N/A",
        "The interests of minority shareholders": "N/A",
        "Total Cost of profits": 3307,
        "Profit after tax corporate income": 11067,
        "Volume": 15000000,
        "Close of Quarter": 18.5,
        "EPS": 2487,
        "Non-adjusted EPS": 2487,
        "PE": 7.4,
        "Book Price": 12.9
      }
    },
    {
      "quarter": "Q3 2015",
      "income status": {
        "Net sales": 189404,
        "Cost of goods sold": 160813,
        "Gross Profit": 28592,
        "Financial expenses": 9821,
        "Of which: Interest expense": 8916,
        "Cost of sales": 1558,
        "Enterprise cost management": 2947,
        "Total Operating Expenses": 14326,
        "Total revenue financing activities": 90,
        "Net profit from business activities": 14355,
        "Profit": -996,
        "Profit before tax": 13360,
        "Present corporate income tax expenses": 2940,
        "Deferred income taxes expenses": "N/A",
        "The interests of minority shareholders": "N/A",
        "Total Cost of profits": 2940,
        "Profit after tax corporate income": 10419,
        "Volume": 15000000,
        "Close of Quarter": 13.7,
        "EPS": 2372,
        "Non-adjusted EPS": 2372,
        "PE": 5.8,
        "Book Price": 12.2
      }
    },
    {
      "quarter": "Q2 2015",
      "income status": {
        "Net sales": 176635,
        "Cost of goods sold": 149068,
        "Gross Profit": 27567,
        "Financial expenses": 7242,
        "Of which: Interest expense": 7379,
        "Cost of sales": 831,
        "Enterprise cost management": 2954,
        "Total Operating Expenses": 11027,
        "Total revenue financing activities": 416,
        "Net profit from business activities": 16957,
        "Profit": -742,
        "Profit before tax": 16214,
        "Present corporate income tax expenses": 3556,
        "Deferred income taxes expenses": "N/A",
        "The interests of minority shareholders": "N/A",
        "Total Cost of profits": 3556,
        "Profit after tax corporate income": 12658,
        "Volume": 9900000,
        "Close of Quarter": 14.1,
        "EPS": 2381.3,
        "Non-adjusted EPS": 3608,
        "PE": 3.9,
        "Book Price": 9.2
      }
    },
    {
      "quarter": "Q1 2015",
      "income status": {
        "Net sales": 127029,
        "Cost of goods sold": 103822,
        "Gross Profit": 23206,
        "Financial expenses": 13109,
        "Of which: Interest expense": 6271,
        "Cost of sales": 1143,
        "Enterprise cost management": 3141,
        "Total Operating Expenses": 17393,
        "Total revenue financing activities": 66,
        "Net profit from business activities": 5879,
        "Profit": -1812,
        "Profit before tax": 4067,
        "Present corporate income tax expenses": 907,
        "Deferred income taxes expenses": "N/A",
        "The interests of minority shareholders": "N/A",
        "Total Cost of profits": 907,
        "Profit after tax corporate income": 3160,
        "Volume": 9900000,
        "Close of Quarter": 17.6,
        "EPS": 2051.3,
        "Non-adjusted EPS": 3108,
        "PE": 5.7,
        "Book Price": 8.3
      }
    },
    {
      "quarter": "Q4 2014",
      "income status": {
        "Net sales": 212593,
        "Cost of goods sold": 191662,
        "Gross Profit": 20931,
        "Financial expenses": 4461,
        "Of which: Interest expense": 6918,
        "Cost of sales": 1663,
        "Enterprise cost management": 3506,
        "Total Operating Expenses": 9630,
        "Total revenue financing activities": 285,
        "Net profit from business activities": 11586,
        "Profit": 356,
        "Profit before tax": 11942,
        "Present corporate income tax expenses": 2601,
        "Deferred income taxes expenses": "N/A",
        "The interests of minority shareholders": "N/A",
        "Total Cost of profits": 2601,
        "Profit after tax corporate income": 9342,
        "Volume": 9900000,
        "Close of Quarter": 15.4,
        "EPS": 1848.7,
        "Non-adjusted EPS": 2801,
        "PE": 5.5,
        "Book Price": 10.2
      }
    },
    {
      "quarter": "Q3 2014",
      "income status": {
        "Net sales": 188716,
        "Cost of goods sold": 164078,
        "Gross Profit": 24638,
        "Financial expenses": 7401,
        "Of which: Interest expense": 6322,
        "Cost of sales": 1165,
        "Enterprise cost management": 2771,
        "Total Operating Expenses": 11337,
        "Total revenue financing activities": 386,
        "Net profit from business activities": 13686,
        "Profit": -150,
        "Profit before tax": 13536,
        "Present corporate income tax expenses": 2980,
        "Deferred income taxes expenses": "N/A",
        "The interests of minority shareholders": "N/A",
        "Total Cost of profits": 2980,
        "Profit after tax corporate income": 10556,
        "Volume": 9900000,
        "Close of Quarter": 11.7,
        "EPS": 1502.2,
        "Non-adjusted EPS": 2276,
        "PE": 5.1,
        "Book Price": 9.5
      }
    },
    {
      "quarter": "Q2 2014",
      "income status": {
        "Net sales": 169447,
        "Cost of goods sold": 145348,
        "Gross Profit": 24098,
        "Financial expenses": 8602,
        "Of which: Interest expense": 7954,
        "Cost of sales": 1196,
        "Enterprise cost management": 2894,
        "Total Operating Expenses": 12692,
        "Total revenue financing activities": 252,
        "Net profit from business activities": 11659,
        "Profit": -1749,
        "Profit before tax": 9910,
        "Present corporate income tax expenses": 2202,
        "Deferred income taxes expenses": "N/A",
        "The interests of minority shareholders": "N/A",
        "Total Cost of profits": 2202,
        "Profit after tax corporate income": 7708,
        "Volume": 9900000,
        "Close of Quarter": 9.1,
        "EPS": 1261.3,
        "Non-adjusted EPS": 1911,
        "PE": 4.8,
        "Book Price": 8.8
      }
    },
    {
      "quarter": "Q1 2014",
      "income status": {
        "Net sales": 107118,
        "Cost of goods sold": 91210,
        "Gross Profit": 15908,
        "Financial expenses": 8475,
        "Of which: Interest expense": 8414,
        "Cost of sales": 1858,
        "Enterprise cost management": 2458,
        "Total Operating Expenses": 12791,
        "Total revenue financing activities": 465,
        "Net profit from business activities": 3581,
        "Profit": -3414,
        "Profit before tax": 167,
        "Present corporate income tax expenses": 42,
        "Deferred income taxes expenses": "N/A",
        "The interests of minority shareholders": "N/A",
        "Total Cost of profits": 42,
        "Profit after tax corporate income": 126,
        "Volume": 9900000,
        "Close of Quarter": 9.0,
        "EPS": 1404.5,
        "Non-adjusted EPS": 2128,
        "PE": 4.2,
        "Book Price": 8.3
      }
    },
    {
      "quarter": "Q4 2013",
      "income status": {
        "Net sales": 149249,
        "Cost of goods sold": 127970,
        "Gross Profit": 21279,
        "Financial expenses": 6773,
        "Of which: Interest expense": 8883,
        "Cost of sales": 1812,
        "Enterprise cost management": 3944,
        "Total Operating Expenses": 12529,
        "Total revenue financing activities": 632,
        "Net profit from business activities": 9381,
        "Profit": -4677,
        "Profit before tax": 4704,
        "Present corporate income tax expenses": 559,
        "Deferred income taxes expenses": "N/A",
        "The interests of minority shareholders": "N/A",
        "Total Cost of profits": 559,
        "Profit after tax corporate income": 4145,
        "Volume": 9900000,
        "Close of Quarter": 6.9,
        "EPS": 781.4,
        "Non-adjusted EPS": 1184,
        "PE": 5.9,
        "Book Price": 8.3
      }
    },
    {
      "quarter": "Q3 2013",
      "income status": {
        "Net sales": 166016,
        "Cost of goods sold": 138641,
        "Gross Profit": 27375,
        "Financial expenses": 10792,
        "Of which: Interest expense": 8491,
        "Cost of sales": 3001,
        "Enterprise cost management": 4171,
        "Total Operating Expenses": 17964,
        "Total revenue financing activities": 352,
        "Net profit from business activities": 9762,
        "Profit": -2823,
        "Profit before tax": 6939,
        "Present corporate income tax expenses": "N/A",
        "Deferred income taxes expenses": "N/A",
        "The interests of minority shareholders": "N/A",
        "Total Cost of profits": 0,
        "Profit after tax corporate income": 6939,
        "Volume": 9900000,
        "Close of Quarter": 4.6,
        "EPS": 1017.1,
        "Non-adjusted EPS": 1541,
        "PE": 3.0,
        "Book Price": 8.1
      }
    },
    {
      "quarter": "Q2 2013",
      "income status": {
        "Net sales": 135378,
        "Cost of goods sold": 111252,
        "Gross Profit": 24126,
        "Financial expenses": 8815,
        "Of which: Interest expense": 7860,
        "Cost of sales": 2422,
        "Enterprise cost management": 5731,
        "Total Operating Expenses": 16968,
        "Total revenue financing activities": 391,
        "Net profit from business activities": 7549,
        "Profit": 2308,
        "Profit before tax": 9856,
        "Present corporate income tax expenses": "N/A",
        "Deferred income taxes expenses": "N/A",
        "The interests of minority shareholders": "N/A",
        "Total Cost of profits": 0,
        "Profit after tax corporate income": 9856,
        "Volume": 9900000,
        "Close of Quarter": 5.1,
        "EPS": 892.3,
        "Non-adjusted EPS": 1352,
        "PE": 3.7,
        "Book Price": 7.6
      }
    },
    {
      "quarter": "Q1 2013",
      "income status": {
        "Net sales": 96802,
        "Cost of goods sold": 85789,
        "Gross Profit": 11013,
        "Financial expenses": 10161,
        "Of which: Interest expense": 9989,
        "Cost of sales": 1857,
        "Enterprise cost management": 2035,
        "Total Operating Expenses": 14053,
        "Total revenue financing activities": 165,
        "Net profit from business activities": -2875,
        "Profit": -6345,
        "Profit before tax": -9220,
        "Present corporate income tax expenses": "N/A",
        "Deferred income taxes expenses": "N/A",
        "The interests of minority shareholders": "N/A",
        "Total Cost of profits": 0,
        "Profit after tax corporate income": -9220,
        "Volume": 9900000,
        "Close of Quarter": 5.3,
        "EPS": "N/A",
        "Non-adjusted EPS": " ",
        "PE": "N/A",
        "Book Price": 6.9
      }
    },
    {
      "quarter": "Q4 2012",
      "income status": {
        "Net sales": 127061,
        "Cost of goods sold": 106485,
        "Gross Profit": 20576,
        "Financial expenses": 11069,
        "Of which: Interest expense": 9146,
        "Cost of sales": 23,
        "Enterprise cost management": -111,
        "Total Operating Expenses": 10981,
        "Total revenue financing activities": 946,
        "Net profit from business activities": 10541,
        "Profit": -2858,
        "Profit before tax": 7683,
        "Present corporate income tax expenses": "N/A",
        "Deferred income taxes expenses": "N/A",
        "The interests of minority shareholders": "N/A",
        "Total Cost of profits": 0,
        "Profit after tax corporate income": 7683,
        "Volume": 9900000,
        "Close of Quarter": 4.4,
        "EPS": "",
        "Non-adjusted EPS": "N/A",
        "PE": -4.4,
        "Book Price": 7.5
      }
    },
    {
      "quarter": "Q3 2012",
      "income status": {
        "Net sales": 148480,
        "Cost of goods sold": 119729,
        "Gross Profit": 28750,
        "Financial expenses": 9817,
        "Of which: Interest expense": 9231,
        "Cost of sales": 6382,
        "Enterprise cost management": 2930,
        "Total Operating Expenses": 19129,
        "Total revenue financing activities": 261,
        "Net profit from business activities": 9882,
        "Profit": -4815,
        "Profit before tax": 5067,
        "Present corporate income tax expenses": "N/A",
        "Deferred income taxes expenses": "N/A",
        "The interests of minority shareholders": "N/A",
        "Total Cost of profits": 0,
        "Profit after tax corporate income": 5067,
        "Volume": 9900000,
        "Close of Quarter": 3.8,
        "EPS": "",
        "Non-adjusted EPS": -659.3,
        "PE": -2.4,
        "Book Price": 7.1
      }
    },
    {
      "quarter": "Q2 2012",
      "income status": {
        "Net sales": 138223,
        "Cost of goods sold": 110276,
        "Gross Profit": 27947,
        "Financial expenses": 11638,
        "Of which: Interest expense": 11170,
        "Cost of sales": 9376,
        "Enterprise cost management": 5973,
        "Total Operating Expenses": 26987,
        "Total revenue financing activities": 343,
        "Net profit from business activities": 1302,
        "Profit": -4832,
        "Profit before tax": -3529,
        "Present corporate income tax expenses": "N/A",
        "Deferred income taxes expenses": "N/A",
        "The interests of minority shareholders": "N/A",
        "Total Cost of profits": 0,
        "Profit after tax corporate income": -3529,
        "Volume": 9900000,
        "Close of Quarter": 4.5,
        "EPS": -999,
        "Non-adjusted EPS": -1042.1,
        "PE": -1.9,
        "Book Price": 6.7
      }
    },
    {
      "quarter": "Q1 2012",
      "income status": {
        "Net sales": 88058,
        "Cost of goods sold": 79873,
        "Gross Profit": 8186,
        "Financial expenses": 12685,
        "Of which: Interest expense": 12263,
        "Cost of sales": 5559,
        "Enterprise cost management": 2638,
        "Total Operating Expenses": 20882,
        "Total revenue financing activities": 316,
        "Net profit from business activities": -12382,
        "Profit": -6727,
        "Profit before tax": -19109,
        "Present corporate income tax expenses": "N/A",
        "Deferred income taxes expenses": "N/A",
        "The interests of minority shareholders": "N/A",
        "Total Cost of profits": 0,
        "Profit after tax corporate income": -19109,
        "Volume": 9900000,
        "Close of Quarter": 5.2,
        "EPS": -1579,
        "Non-adjusted EPS": -1589.9,
        "PE": -3.0,
        "Book Price": 6.9
      }
    },
    {
      "quarter": "Q4 2011",
      "income status": {
        "Net sales": 144199,
        "Cost of goods sold": 110467,
        "Gross Profit": 33731,
        "Financial expenses": 18346,
        "Of which: Interest expense": 13692,
        "Cost of sales": 7259,
        "Enterprise cost management": 5421,
        "Total Operating Expenses": 31026,
        "Total revenue financing activities": 579,
        "Net profit from business activities": 3284,
        "Profit": -1747,
        "Profit before tax": 1537,
        "Present corporate income tax expenses": -403,
        "Deferred income taxes expenses": "N/A",
        "The interests of minority shareholders": "N/A",
        "Total Cost of profits": -403,
        "Profit after tax corporate income": 1940,
        "Volume": 9900000,
        "Close of Quarter": 4.8,
        "EPS": -2409,
        "Non-adjusted EPS": -1172.2,
        "PE": 20.3,
        "Book Price": 8.3
      }
    },
    {
      "quarter": "Q3 2011",
      "income status": {
        "Net sales": 152364,
        "Cost of goods sold": 128675,
        "Gross Profit": 23689,
        "Financial expenses": 15745,
        "Of which: Interest expense": 13092,
        "Cost of sales": 7649,
        "Enterprise cost management": 2779,
        "Total Operating Expenses": 26173,
        "Total revenue financing activities": -686,
        "Net profit from business activities": -3171,
        "Profit": 23,
        "Profit before tax": -3148,
        "Present corporate income tax expenses": "N/A",
        "Deferred income taxes expenses": "N/A",
        "The interests of minority shareholders": "N/A",
        "Total Cost of profits": 0,
        "Profit after tax corporate income": -3148,
        "Volume": 9900000,
        "Close of Quarter": 7.3,
        "EPS": -1776,
        "Non-adjusted EPS": 155.8,
        "PE": 9.0,
        "Book Price": 8.1
      }
    },
    {
      "quarter": "Q2 2011",
      "income status": {
        "Net sales": 162618,
        "Cost of goods sold": 134415,
        "Gross Profit": 28203,
        "Financial expenses": 15639,
        "Of which: Interest expense": 11487,
        "Cost of sales": 7350,
        "Enterprise cost management": 3409,
        "Total Operating Expenses": 26398,
        "Total revenue financing activities": 1640,
        "Net profit from business activities": 3445,
        "Profit": 200,
        "Profit before tax": 3645,
        "Present corporate income tax expenses": 911,
        "Deferred income taxes expenses": "N/A",
        "The interests of minority shareholders": "N/A",
        "Total Cost of profits": 911,
        "Profit after tax corporate income": 2734,
        "Volume": 9900000,
        "Close of Quarter": 8.1,
        "EPS": 236,
        "Non-adjusted EPS": 534.6,
        "PE": 4.5,
        "Book Price": 8.3
      }
    },
    {
      "quarter": "Q1 2011",
      "income status": {
        "Net sales": 115126,
        "Cost of goods sold": 92531,
        "Gross Profit": 22595,
        "Financial expenses": 12310,
        "Of which: Interest expense": 10041,
        "Cost of sales": 6274,
        "Enterprise cost management": 1997,
        "Total Operating Expenses": 20581,
        "Total revenue financing activities": 649,
        "Net profit from business activities": 2663,
        "Profit": -1579,
        "Profit before tax": 1085,
        "Present corporate income tax expenses": 271,
        "Deferred income taxes expenses": "N/A",
        "The interests of minority shareholders": "N/A",
        "Total Cost of profits": 271,
        "Profit after tax corporate income": 814,
        "Volume": 9900000,
        "Close of Quarter": 9.2,
        "EPS": 810,
        "Non-adjusted EPS": 1185.4,
        "PE": 4.7,
        "Book Price": 9.2
      }
    },
    {
      "quarter": "Q4 2010",
      "income status": {
        "Net sales": 126050,
        "Cost of goods sold": 94956,
        "Gross Profit": 31094,
        "Financial expenses": 12192,
        "Of which: Interest expense": "N/A",
        "Cost of sales": 6692,
        "Enterprise cost management": 2630,
        "Total Operating Expenses": 21514,
        "Total revenue financing activities": 586,
        "Net profit from business activities": 10165,
        "Profit": 55,
        "Profit before tax": 10220,
        "Present corporate income tax expenses": 2602,
        "Deferred income taxes expenses": "N/A",
        "The interests of minority shareholders": "N/A",
        "Total Cost of profits": 2602,
        "Profit after tax corporate income": 7618,
        "Volume": 9900000,
        "Close of Quarter": 9.9,
        "EPS": 1796,
        "Non-adjusted EPS": 1289.0,
        "PE": 6.1,
        "Book Price": 9.1
      }
    },
    {
      "quarter": "Q3 2010",
      "income status": {
        "Net sales": 132256,
        "Cost of goods sold": 107360,
        "Gross Profit": 24895,
        "Financial expenses": 8351,
        "Of which: Interest expense": "N/A",
        "Cost of sales": 5777,
        "Enterprise cost management": 2503,
        "Total Operating Expenses": 16631,
        "Total revenue financing activities": 496,
        "Net profit from business activities": 8761,
        "Profit": "N/A",
        "Profit before tax": 8761,
        "Present corporate income tax expenses": 2143,
        "Deferred income taxes expenses": "N/A",
        "The interests of minority shareholders": "N/A",
        "Total Cost of profits": 2143,
        "Profit after tax corporate income": 6618,
        "Volume": 9900000,
        "Close of Quarter": 12.2,
        "EPS": 1953,
        "Non-adjusted EPS": 1060.6,
        "PE": 8.4,
        "Book Price": 8.6
      }
    },
    {
      "quarter": "Q2 2010",
      "income status": {
        "Net sales": 106269,
        "Cost of goods sold": 85396,
        "Gross Profit": 20874,
        "Financial expenses": 8112,
        "Of which: Interest expense": "N/A",
        "Cost of sales": 4739,
        "Enterprise cost management": 2579,
        "Total Operating Expenses": 15430,
        "Total revenue financing activities": 586,
        "Net profit from business activities": 6029,
        "Profit": -1199,
        "Profit before tax": 4830,
        "Present corporate income tax expenses": 547,
        "Deferred income taxes expenses": "N/A",
        "The interests of minority shareholders": "N/A",
        "Total Cost of profits": 547,
        "Profit after tax corporate income": 4283,
        "Volume": 4500000,
        "Close of Quarter": 17.4,
        "EPS": 1607,
        "Non-adjusted EPS": 961.0,
        "PE": 5.2,
        "Book Price": 4.1
      }
    },
    {
      "quarter": "Q1 2010",
      "income status": {
        "Net sales": 80597,
        "Cost of goods sold": 68853,
        "Gross Profit": 11745,
        "Financial expenses": 7197,
        "Of which: Interest expense": "N/A",
        "Cost of sales": 5135,
        "Enterprise cost management": 1992,
        "Total Operating Expenses": 14324,
        "Total revenue financing activities": 527,
        "Net profit from business activities": -2053,
        "Profit": -553,
        "Profit before tax": -2606,
        "Present corporate income tax expenses": "N/A",
        "Deferred income taxes expenses": "N/A",
        "The interests of minority shareholders": "N/A",
        "Total Cost of profits": 0,
        "Profit after tax corporate income": -2606,
        "Volume": 4500000,
        "Close of Quarter": 14.5,
        "EPS": 1456,
        "Non-adjusted EPS": 1014.3,
        "PE": 3.6,
        "Book Price": 4.3
      }
    },
    {
      "quarter": "Q4 2009",
      "income status": {
        "Net sales": 145968,
        "Cost of goods sold": 116761,
        "Gross Profit": 29207,
        "Financial expenses": 9907,
        "Of which: Interest expense": "N/A",
        "Cost of sales": 9567,
        "Enterprise cost management": 2518,
        "Total Operating Expenses": 21992,
        "Total revenue financing activities": 792,
        "Net profit from business activities": 8008,
        "Profit": 111,
        "Profit before tax": 8118,
        "Present corporate income tax expenses": 1998,
        "Deferred income taxes expenses": "N/A",
        "The interests of minority shareholders": "N/A",
        "Total Cost of profits": 1998,
        "Profit after tax corporate income": 6120,
        "Volume": 4500000,
        "Close of Quarter": 12.6,
        "EPS": 3381,
        "Non-adjusted EPS": 1199.4,
        "PE": 3.9,
        "Book Price": 4.7
      }
    },
    {
      "quarter": "Q3 2009",
      "income status": {
        "Net sales": 132577,
        "Cost of goods sold": 106214,
        "Gross Profit": 26364,
        "Financial expenses": 7927,
        "Of which: Interest expense": "N/A",
        "Cost of sales": 7379,
        "Enterprise cost management": 2399,
        "Total Operating Expenses": 17705,
        "Total revenue financing activities": 1089,
        "Net profit from business activities": 9748,
        "Profit": 167,
        "Profit before tax": 9915,
        "Present corporate income tax expenses": 2498,
        "Deferred income taxes expenses": "N/A",
        "The interests of minority shareholders": "N/A",
        "Total Cost of profits": 2498,
        "Profit after tax corporate income": 7417,
        "Volume": 4500000,
        "Close of Quarter": "N/A",
        "EPS": 3998,
        "Non-adjusted EPS": 979.2,
        "PE": "N/A",
        "Book Price": 4.4
      }
    },
    {
      "quarter": "Q2 2009",
      "income status": {
        "Net sales": 86759,
        "Cost of goods sold": 67190,
        "Gross Profit": 19569,
        "Financial expenses": 5615,
        "Of which: Interest expense": "N/A",
        "Cost of sales": 6550,
        "Enterprise cost management": 1902,
        "Total Operating Expenses": 14067,
        "Total revenue financing activities": 262,
        "Net profit from business activities": 5765,
        "Profit": 1662,
        "Profit before tax": 7427,
        "Present corporate income tax expenses": 366,
        "Deferred income taxes expenses": "N/A",
        "The interests of minority shareholders": "N/A",
        "Total Cost of profits": 366,
        "Profit after tax corporate income": 7061,
        "Volume": 4500000,
        "Close of Quarter": "N/A",
        "EPS": 3264,
        "Non-adjusted EPS": 571.2,
        "PE": "N/A",
        "Book Price": "N/A"
      }
    },
    {
      "quarter": "Q1 2009",
      "income status": {
        "Net sales": 41862,
        "Cost of goods sold": 35730,
        "Gross Profit": 6132,
        "Financial expenses": 6711,
        "Of which: Interest expense": "N/A",
        "Cost of sales": 3974,
        "Enterprise cost management": 1293,
        "Total Operating Expenses": 11978,
        "Total revenue financing activities": 365,
        "Net profit from business activities": -5482,
        "Profit": -430,
        "Profit before tax": -5911,
        "Present corporate income tax expenses": "N/A",
        "Deferred income taxes expenses": "N/A",
        "The interests of minority shareholders": "N/A",
        "Total Cost of profits": 0,
        "Profit after tax corporate income": -5911,
        "Volume": 4500000,
        "Close of Quarter": "N/A",
        "EPS": 1904,
        "Non-adjusted EPS": 76.8,
        "PE": "N/A",
        "Book Price": "N/A"
      }
    }
  ]
}