{
  "ticker": "SFN",
  "data": [
    {
      "quarter": "Q1 2017",
      "income status": {
        "Net sales": 37609,
        "Cost of goods sold": 31057,
        "Gross Profit": 6552,
        "Financial expenses": "N/A",
        "Of which: Interest expense": "N/A",
        "Cost of sales": 385,
        "Enterprise cost management": 2188,
        "Total Operating Expenses": 2573,
        "Total revenue financing activities": 17,
        "Net profit from business activities": 3996,
        "Profit": 14,
        "Profit before tax": 4011,
        "Present corporate income tax expenses": 801,
        "Deferred income taxes expenses": "N/A",
        "The interests of minority shareholders": "N/A",
        "Total Cost of profits": 801,
        "Profit after tax corporate income": 3209,
        "Volume": 2894150,
        "Close of Quarter": 28.3,
        "EPS": 3805,
        "Non-adjusted EPS": 3805,
        "PE": 7.4,
        "Book Price": 17.1
      }
    },
    {
      "quarter": "Q4 2016",
      "income status": {
        "Net sales": 38308,
        "Cost of goods sold": 32622,
        "Gross Profit": 5687,
        "Financial expenses": "N/A",
        "Of which: Interest expense": "N/A",
        "Cost of sales": 547,
        "Enterprise cost management": 2272,
        "Total Operating Expenses": 2819,
        "Total revenue financing activities": 17,
        "Net profit from business activities": 2885,
        "Profit": 7,
        "Profit before tax": 2892,
        "Present corporate income tax expenses": 578,
        "Deferred income taxes expenses": "N/A",
        "The interests of minority shareholders": "N/A",
        "Total Cost of profits": 578,
        "Profit after tax corporate income": 2313,
        "Volume": 2894150,
        "Close of Quarter": 29.1,
        "EPS": 3797,
        "Non-adjusted EPS": 3797,
        "PE": 7.7,
        "Book Price": 17.6
      }
    },
    {
      "quarter": "Q3 2016",
      "income status": {
        "Net sales": 36598,
        "Cost of goods sold": 30465,
        "Gross Profit": 6132,
        "Financial expenses": "N/A",
        "Of which: Interest expense": "N/A",
        "Cost of sales": 486,
        "Enterprise cost management": 2258,
        "Total Operating Expenses": 2744,
        "Total revenue financing activities": 10,
        "Net profit from business activities": 3398,
        "Profit": "N/A",
        "Profit before tax": 3398,
        "Present corporate income tax expenses": 680,
        "Deferred income taxes expenses": "N/A",
        "The interests of minority shareholders": "N/A",
        "Total Cost of profits": 680,
        "Profit after tax corporate income": 2718,
        "Volume": 2894150,
        "Close of Quarter": 25.8,
        "EPS": 4227,
        "Non-adjusted EPS": 4227,
        "PE": 6.1,
        "Book Price": 17.6
      }
    },
    {
      "quarter": "Q2 2016",
      "income status": {
        "Net sales": 35357,
        "Cost of goods sold": 30131,
        "Gross Profit": 5225,
        "Financial expenses": 1,
        "Of which: Interest expense": "N/A",
        "Cost of sales": 459,
        "Enterprise cost management": 1432,
        "Total Operating Expenses": 1892,
        "Total revenue financing activities": 6,
        "Net profit from business activities": 3340,
        "Profit": 22,
        "Profit before tax": 3362,
        "Present corporate income tax expenses": 591,
        "Deferred income taxes expenses": "N/A",
        "The interests of minority shareholders": "N/A",
        "Total Cost of profits": 591,
        "Profit after tax corporate income": 2771,
        "Volume": 2894150,
        "Close of Quarter": 25.1,
        "EPS": 4411,
        "Non-adjusted EPS": 4411,
        "PE": 5.7,
        "Book Price": 16.7
      }
    },
    {
      "quarter": "Q1 2016",
      "income status": {
        "Net sales": 35020,
        "Cost of goods sold": 28261,
        "Gross Profit": 6758,
        "Financial expenses": 5,
        "Of which: Interest expense": 4,
        "Cost of sales": 493,
        "Enterprise cost management": 2193,
        "Total Operating Expenses": 2691,
        "Total revenue financing activities": 17,
        "Net profit from business activities": 4084,
        "Profit": "N/A",
        "Profit before tax": 4084,
        "Present corporate income tax expenses": 896,
        "Deferred income taxes expenses": "N/A",
        "The interests of minority shareholders": "N/A",
        "Total Cost of profits": 896,
        "Profit after tax corporate income": 3188,
        "Volume": 2894150,
        "Close of Quarter": 16.2,
        "EPS": 4146,
        "Non-adjusted EPS": 4146,
        "PE": 3.9,
        "Book Price": 16.8
      }
    },
    {
      "quarter": "Q4 2015",
      "income status": {
        "Net sales": 42501,
        "Cost of goods sold": 35624,
        "Gross Profit": 6877,
        "Financial expenses": 23,
        "Of which: Interest expense": 21,
        "Cost of sales": 560,
        "Enterprise cost management": 1745,
        "Total Operating Expenses": 2328,
        "Total revenue financing activities": 12,
        "Net profit from business activities": 4561,
        "Profit": "N/A",
        "Profit before tax": 4561,
        "Present corporate income tax expenses": 1003,
        "Deferred income taxes expenses": "N/A",
        "The interests of minority shareholders": "N/A",
        "Total Cost of profits": 1003,
        "Profit after tax corporate income": 3557,
        "Volume": 2894150,
        "Close of Quarter": 15.0,
        "EPS": 3424,
        "Non-adjusted EPS": 3424,
        "PE": 4.4,
        "Book Price": 17.6
      }
    },
    {
      "quarter": "Q3 2015",
      "income status": {
        "Net sales": 42898,
        "Cost of goods sold": 35650,
        "Gross Profit": 7248,
        "Financial expenses": 95,
        "Of which: Interest expense": 94,
        "Cost of sales": 562,
        "Enterprise cost management": 2428,
        "Total Operating Expenses": 3085,
        "Total revenue financing activities": 3,
        "Net profit from business activities": 4166,
        "Profit": "N/A",
        "Profit before tax": 4166,
        "Present corporate income tax expenses": 916,
        "Deferred income taxes expenses": "N/A",
        "The interests of minority shareholders": "N/A",
        "Total Cost of profits": 916,
        "Profit after tax corporate income": 3249,
        "Volume": 2894150,
        "Close of Quarter": 19.8,
        "EPS": 2896,
        "Non-adjusted EPS": 2896,
        "PE": 6.9,
        "Book Price": 17.3
      }
    },
    {
      "quarter": "Q2 2015",
      "income status": {
        "Net sales": 40360,
        "Cost of goods sold": 34880,
        "Gross Profit": 5480,
        "Financial expenses": 320,
        "Of which: Interest expense": 320,
        "Cost of sales": 575,
        "Enterprise cost management": 2054,
        "Total Operating Expenses": 2949,
        "Total revenue financing activities": 10,
        "Net profit from business activities": 2541,
        "Profit": 31,
        "Profit before tax": 2572,
        "Present corporate income tax expenses": 566,
        "Deferred income taxes expenses": "N/A",
        "The interests of minority shareholders": "N/A",
        "Total Cost of profits": 566,
        "Profit after tax corporate income": 2006,
        "Volume": 2894150,
        "Close of Quarter": 13.8,
        "EPS": 2570,
        "Non-adjusted EPS": 2570,
        "PE": 5.4,
        "Book Price": 16.2
      }
    },
    {
      "quarter": "Q1 2015",
      "income status": {
        "Net sales": 35650,
        "Cost of goods sold": 32230,
        "Gross Profit": 3420,
        "Financial expenses": 365,
        "Of which: Interest expense": 336,
        "Cost of sales": 434,
        "Enterprise cost management": 1245,
        "Total Operating Expenses": 2044,
        "Total revenue financing activities": 30,
        "Net profit from business activities": 1406,
        "Profit": "N/A",
        "Profit before tax": 1406,
        "Present corporate income tax expenses": 307,
        "Deferred income taxes expenses": "N/A",
        "The interests of minority shareholders": "N/A",
        "Total Cost of profits": 307,
        "Profit after tax corporate income": 1099,
        "Volume": 2894150,
        "Close of Quarter": 14.2,
        "EPS": 2654,
        "Non-adjusted EPS": 2654,
        "PE": 5.4,
        "Book Price": 15.5
      }
    },
    {
      "quarter": "Q4 2014",
      "income status": {
        "Net sales": 43331,
        "Cost of goods sold": 38482,
        "Gross Profit": 4849,
        "Financial expenses": 380,
        "Of which: Interest expense": 375,
        "Cost of sales": 587,
        "Enterprise cost management": 1414,
        "Total Operating Expenses": 2381,
        "Total revenue financing activities": 22,
        "Net profit from business activities": 2490,
        "Profit": 109,
        "Profit before tax": 2599,
        "Present corporate income tax expenses": 572,
        "Deferred income taxes expenses": "N/A",
        "The interests of minority shareholders": "N/A",
        "Total Cost of profits": 572,
        "Profit after tax corporate income": 2027,
        "Volume": 2894150,
        "Close of Quarter": 12.8,
        "EPS": 3032,
        "Non-adjusted EPS": 3032,
        "PE": 4.2,
        "Book Price": 16.6
      }
    },
    {
      "quarter": "Q3 2014",
      "income status": {
        "Net sales": 45255,
        "Cost of goods sold": 39709,
        "Gross Profit": 5546,
        "Financial expenses": 526,
        "Of which: Interest expense": 508,
        "Cost of sales": 548,
        "Enterprise cost management": 1526,
        "Total Operating Expenses": 2600,
        "Total revenue financing activities": 10,
        "Net profit from business activities": 2956,
        "Profit": "N/A",
        "Profit before tax": 2956,
        "Present corporate income tax expenses": 650,
        "Deferred income taxes expenses": "N/A",
        "The interests of minority shareholders": "N/A",
        "Total Cost of profits": 650,
        "Profit after tax corporate income": 2306,
        "Volume": 2894150,
        "Close of Quarter": 12.4,
        "EPS": 2869,
        "Non-adjusted EPS": 2869,
        "PE": 4.3,
        "Book Price": 16.5
      }
    },
    {
      "quarter": "Q2 2014",
      "income status": {
        "Net sales": 45492,
        "Cost of goods sold": 39482,
        "Gross Profit": 6010,
        "Financial expenses": 645,
        "Of which: Interest expense": 643,
        "Cost of sales": 601,
        "Enterprise cost management": 2076,
        "Total Operating Expenses": 3322,
        "Total revenue financing activities": 48,
        "Net profit from business activities": 2736,
        "Profit": 148,
        "Profit before tax": 2884,
        "Present corporate income tax expenses": 634,
        "Deferred income taxes expenses": "N/A",
        "The interests of minority shareholders": "N/A",
        "Total Cost of profits": 634,
        "Profit after tax corporate income": 2250,
        "Volume": 2894150,
        "Close of Quarter": 12.8,
        "EPS": 2721,
        "Non-adjusted EPS": 2721,
        "PE": 4.7,
        "Book Price": 16.2
      }
    },
    {
      "quarter": "Q1 2014",
      "income status": {
        "Net sales": 45269,
        "Cost of goods sold": 39820,
        "Gross Profit": 5449,
        "Financial expenses": 652,
        "Of which: Interest expense": 646,
        "Cost of sales": 573,
        "Enterprise cost management": 1438,
        "Total Operating Expenses": 2663,
        "Total revenue financing activities": 17,
        "Net profit from business activities": 2804,
        "Profit": 2,
        "Profit before tax": 2805,
        "Present corporate income tax expenses": 614,
        "Deferred income taxes expenses": "N/A",
        "The interests of minority shareholders": "N/A",
        "Total Cost of profits": 614,
        "Profit after tax corporate income": 2191,
        "Volume": 2894150,
        "Close of Quarter": 12.3,
        "EPS": 2610,
        "Non-adjusted EPS": 2610,
        "PE": 4.7,
        "Book Price": 15.5
      }
    },
    {
      "quarter": "Q4 2013",
      "income status": {
        "Net sales": 47066,
        "Cost of goods sold": 41866,
        "Gross Profit": 5200,
        "Financial expenses": 637,
        "Of which: Interest expense": 622,
        "Cost of sales": 683,
        "Enterprise cost management": 1811,
        "Total Operating Expenses": 3131,
        "Total revenue financing activities": 5,
        "Net profit from business activities": 2074,
        "Profit": 2,
        "Profit before tax": 2076,
        "Present corporate income tax expenses": 519,
        "Deferred income taxes expenses": "N/A",
        "The interests of minority shareholders": "N/A",
        "Total Cost of profits": 519,
        "Profit after tax corporate income": 1557,
        "Volume": 2894150,
        "Close of Quarter": 10.2,
        "EPS": 2526,
        "Non-adjusted EPS": 2526,
        "PE": 4.0,
        "Book Price": 16
      }
    },
    {
      "quarter": "Q3 2013",
      "income status": {
        "Net sales": 44601,
        "Cost of goods sold": 39775,
        "Gross Profit": 4826,
        "Financial expenses": 538,
        "Of which: Interest expense": 517,
        "Cost of sales": 398,
        "Enterprise cost management": 1584,
        "Total Operating Expenses": 2520,
        "Total revenue financing activities": 4,
        "Net profit from business activities": 2310,
        "Profit": 194,
        "Profit before tax": 2504,
        "Present corporate income tax expenses": 626,
        "Deferred income taxes expenses": "N/A",
        "The interests of minority shareholders": "N/A",
        "Total Cost of profits": 626,
        "Profit after tax corporate income": 1878,
        "Volume": 2894150,
        "Close of Quarter": 8.4,
        "EPS": 2435,
        "Non-adjusted EPS": 2435,
        "PE": 3.5,
        "Book Price": 16.4
      }
    },
    {
      "quarter": "Q2 2013",
      "income status": {
        "Net sales": 43891,
        "Cost of goods sold": 38447,
        "Gross Profit": 5443,
        "Financial expenses": 514,
        "Of which: Interest expense": 512,
        "Cost of sales": 610,
        "Enterprise cost management": 1796,
        "Total Operating Expenses": 2920,
        "Total revenue financing activities": 43,
        "Net profit from business activities": 2567,
        "Profit": 5,
        "Profit before tax": 2573,
        "Present corporate income tax expenses": 643,
        "Deferred income taxes expenses": "N/A",
        "The interests of minority shareholders": "N/A",
        "Total Cost of profits": 643,
        "Profit after tax corporate income": 1929,
        "Volume": 2894150,
        "Close of Quarter": 8.4,
        "EPS": 2364,
        "Non-adjusted EPS": 2364,
        "PE": 3.6,
        "Book Price": 15.8
      }
    },
    {
      "quarter": "Q1 2013",
      "income status": {
        "Net sales": 46375,
        "Cost of goods sold": 40304,
        "Gross Profit": 6071,
        "Financial expenses": 683,
        "Of which: Interest expense": 653,
        "Cost of sales": 516,
        "Enterprise cost management": 2300,
        "Total Operating Expenses": 3499,
        "Total revenue financing activities": 24,
        "Net profit from business activities": 2595,
        "Profit": "N/A",
        "Profit before tax": 2595,
        "Present corporate income tax expenses": 649,
        "Deferred income taxes expenses": "N/A",
        "The interests of minority shareholders": "N/A",
        "Total Cost of profits": 649,
        "Profit after tax corporate income": 1946,
        "Volume": 2894150,
        "Close of Quarter": 8.1,
        "EPS": 2311,
        "Non-adjusted EPS": 2311,
        "PE": 3.5,
        "Book Price": 15.4
      }
    },
    {
      "quarter": "Q4 2012",
      "income status": {
        "Net sales": 45572,
        "Cost of goods sold": 39293,
        "Gross Profit": 6280,
        "Financial expenses": 660,
        "Of which: Interest expense": 640,
        "Cost of sales": 518,
        "Enterprise cost management": 3404,
        "Total Operating Expenses": 4582,
        "Total revenue financing activities": 24,
        "Net profit from business activities": 1721,
        "Profit": "N/A",
        "Profit before tax": 1721,
        "Present corporate income tax expenses": 428,
        "Deferred income taxes expenses": "N/A",
        "The interests of minority shareholders": "N/A",
        "Total Cost of profits": 428,
        "Profit after tax corporate income": 1293,
        "Volume": 2894150,
        "Close of Quarter": 6.1,
        "EPS": 2233,
        "Non-adjusted EPS": 2233,
        "PE": 2.7,
        "Book Price": 15.6
      }
    },
    {
      "quarter": "Q3 2012",
      "income status": {
        "Net sales": 41401,
        "Cost of goods sold": 36173,
        "Gross Profit": 5228,
        "Financial expenses": 416,
        "Of which: Interest expense": 405,
        "Cost of sales": 466,
        "Enterprise cost management": 2252,
        "Total Operating Expenses": 3134,
        "Total revenue financing activities": 16,
        "Net profit from business activities": 2109,
        "Profit": 121,
        "Profit before tax": 2230,
        "Present corporate income tax expenses": 558,
        "Deferred income taxes expenses": "N/A",
        "The interests of minority shareholders": "N/A",
        "Total Cost of profits": 558,
        "Profit after tax corporate income": 1673,
        "Volume": 2894150,
        "Close of Quarter": 5.0,
        "EPS": 2041,
        "Non-adjusted EPS": 2041,
        "PE": 2.5,
        "Book Price": 15.4
      }
    },
    {
      "quarter": "Q2 2012",
      "income status": {
        "Net sales": 42053,
        "Cost of goods sold": 36432,
        "Gross Profit": 5620,
        "Financial expenses": 583,
        "Of which: Interest expense": 457,
        "Cost of sales": 731,
        "Enterprise cost management": 1963,
        "Total Operating Expenses": 3277,
        "Total revenue financing activities": 23,
        "Net profit from business activities": 2366,
        "Profit": "N/A",
        "Profit before tax": 2366,
        "Present corporate income tax expenses": 592,
        "Deferred income taxes expenses": "N/A",
        "The interests of minority shareholders": "N/A",
        "Total Cost of profits": 592,
        "Profit after tax corporate income": 1775,
        "Volume": 2894150,
        "Close of Quarter": 5.8,
        "EPS": 1895,
        "Non-adjusted EPS": 1895,
        "PE": 3.1,
        "Book Price": 15.4
      }
    },
    {
      "quarter": "Q1 2012",
      "income status": {
        "Net sales": 44476,
        "Cost of goods sold": 39471,
        "Gross Profit": 5005,
        "Financial expenses": 657,
        "Of which: Interest expense": 514,
        "Cost of sales": 300,
        "Enterprise cost management": 1980,
        "Total Operating Expenses": 2937,
        "Total revenue financing activities": 228,
        "Net profit from business activities": 2296,
        "Profit": "N/A",
        "Profit before tax": 2296,
        "Present corporate income tax expenses": 574,
        "Deferred income taxes expenses": "N/A",
        "The interests of minority shareholders": "N/A",
        "Total Cost of profits": 574,
        "Profit after tax corporate income": 1722,
        "Volume": 2894150,
        "Close of Quarter": 5.0,
        "EPS": 1964,
        "Non-adjusted EPS": 1964,
        "PE": 2.6,
        "Book Price": 15.1
      }
    },
    {
      "quarter": "Q4 2011",
      "income status": {
        "Net sales": 46838,
        "Cost of goods sold": 42990,
        "Gross Profit": 3848,
        "Financial expenses": 728,
        "Of which: Interest expense": 542,
        "Cost of sales": 397,
        "Enterprise cost management": 1900,
        "Total Operating Expenses": 3025,
        "Total revenue financing activities": 48,
        "Net profit from business activities": 870,
        "Profit": 111,
        "Profit before tax": 981,
        "Present corporate income tax expenses": 245,
        "Deferred income taxes expenses": "N/A",
        "The interests of minority shareholders": "N/A",
        "Total Cost of profits": 245,
        "Profit after tax corporate income": 736,
        "Volume": 2894150,
        "Close of Quarter": 4.5,
        "EPS": 1964,
        "Non-adjusted EPS": 1964,
        "PE": 2.3,
        "Book Price": 15.5
      }
    },
    {
      "quarter": "Q3 2011",
      "income status": {
        "Net sales": 47935,
        "Cost of goods sold": 42911,
        "Gross Profit": 5024,
        "Financial expenses": 759,
        "Of which: Interest expense": 478,
        "Cost of sales": 601,
        "Enterprise cost management": 2045,
        "Total Operating Expenses": 3405,
        "Total revenue financing activities": 50,
        "Net profit from business activities": 1669,
        "Profit": "N/A",
        "Profit before tax": 1669,
        "Present corporate income tax expenses": 417,
        "Deferred income taxes expenses": "N/A",
        "The interests of minority shareholders": "N/A",
        "Total Cost of profits": 417,
        "Profit after tax corporate income": 1252,
        "Volume": 2894150,
        "Close of Quarter": 4.5,
        "EPS": 2065,
        "Non-adjusted EPS": 2065,
        "PE": 2.2,
        "Book Price": 15.9
      }
    },
    {
      "quarter": "Q2 2011",
      "income status": {
        "Net sales": 40772,
        "Cost of goods sold": 35761,
        "Gross Profit": 5011,
        "Financial expenses": 519,
        "Of which: Interest expense": 436,
        "Cost of sales": 390,
        "Enterprise cost management": 2129,
        "Total Operating Expenses": 3038,
        "Total revenue financing activities": 389,
        "Net profit from business activities": 2362,
        "Profit": 271,
        "Profit before tax": 2633,
        "Present corporate income tax expenses": 658,
        "Deferred income taxes expenses": "N/A",
        "The interests of minority shareholders": "N/A",
        "Total Cost of profits": 658,
        "Profit after tax corporate income": 1975,
        "Volume": 2924550,
        "Close of Quarter": 4.6,
        "EPS": 1862.4,
        "Non-adjusted EPS": 1843,
        "PE": 2.5,
        "Book Price": 15.7
      }
    },
    {
      "quarter": "Q1 2011",
      "income status": {
        "Net sales": 44534,
        "Cost of goods sold": 38506,
        "Gross Profit": 6028,
        "Financial expenses": 1545,
        "Of which: Interest expense": 342,
        "Cost of sales": 419,
        "Enterprise cost management": 2191,
        "Total Operating Expenses": 4155,
        "Total revenue financing activities": 422,
        "Net profit from business activities": 2294,
        "Profit": "N/A",
        "Profit before tax": 2294,
        "Present corporate income tax expenses": 574,
        "Deferred income taxes expenses": "N/A",
        "The interests of minority shareholders": "N/A",
        "Total Cost of profits": 574,
        "Profit after tax corporate income": 1721,
        "Volume": 2924550,
        "Close of Quarter": 5.7,
        "EPS": 1752.2,
        "Non-adjusted EPS": 1734,
        "PE": 3.3,
        "Book Price": 15.0
      }
    },
    {
      "quarter": "Q4 2010",
      "income status": {
        "Net sales": 40850,
        "Cost of goods sold": 37114,
        "Gross Profit": 3735,
        "Financial expenses": 319,
        "Of which: Interest expense": 319,
        "Cost of sales": 337,
        "Enterprise cost management": 1925,
        "Total Operating Expenses": 2581,
        "Total revenue financing activities": 36,
        "Net profit from business activities": 1191,
        "Profit": 177,
        "Profit before tax": 1367,
        "Present corporate income tax expenses": 340,
        "Deferred income taxes expenses": "N/A",
        "The interests of minority shareholders": "N/A",
        "Total Cost of profits": 340,
        "Profit after tax corporate income": 1027,
        "Volume": 2950050,
        "Close of Quarter": 6.4,
        "EPS": 1827.6,
        "Non-adjusted EPS": 1793,
        "PE": 3.6,
        "Book Price": 15.5
      }
    },
    {
      "quarter": "Q3 2010",
      "income status": {
        "Net sales": 32311,
        "Cost of goods sold": 29566,
        "Gross Profit": 2744,
        "Financial expenses": 444,
        "Of which: Interest expense": 279,
        "Cost of sales": 248,
        "Enterprise cost management": 1531,
        "Total Operating Expenses": 2223,
        "Total revenue financing activities": 21,
        "Net profit from business activities": 543,
        "Profit": 345,
        "Profit before tax": 888,
        "Present corporate income tax expenses": 221,
        "Deferred income taxes expenses": "N/A",
        "The interests of minority shareholders": "N/A",
        "Total Cost of profits": 221,
        "Profit after tax corporate income": 667,
        "Volume": 2950050,
        "Close of Quarter": 6.8,
        "EPS": 2535.0,
        "Non-adjusted EPS": 2487,
        "PE": 2.7,
        "Book Price": 16.1
      }
    },
    {
      "quarter": "Q2 2010",
      "income status": {
        "Net sales": 32953,
        "Cost of goods sold": 28733,
        "Gross Profit": 4220,
        "Financial expenses": 460,
        "Of which: Interest expense": 387,
        "Cost of sales": 293,
        "Enterprise cost management": 1331,
        "Total Operating Expenses": 2084,
        "Total revenue financing activities": 72,
        "Net profit from business activities": 2209,
        "Profit": "N/A",
        "Profit before tax": 2209,
        "Present corporate income tax expenses": 552,
        "Deferred income taxes expenses": "N/A",
        "The interests of minority shareholders": "N/A",
        "Total Cost of profits": 552,
        "Profit after tax corporate income": 1657,
        "Volume": 2950050,
        "Close of Quarter": 8.3,
        "EPS": 3125.2,
        "Non-adjusted EPS": 3066,
        "PE": 2.7,
        "Book Price": 15.8
      }
    },
    {
      "quarter": "Q1 2010",
      "income status": {
        "Net sales": 36361,
        "Cost of goods sold": 31388,
        "Gross Profit": 4973,
        "Financial expenses": 752,
        "Of which: Interest expense": 236,
        "Cost of sales": 393,
        "Enterprise cost management": 1349,
        "Total Operating Expenses": 2494,
        "Total revenue financing activities": 103,
        "Net profit from business activities": 2581,
        "Profit": "N/A",
        "Profit before tax": 2581,
        "Present corporate income tax expenses": 644,
        "Deferred income taxes expenses": "N/A",
        "The interests of minority shareholders": "N/A",
        "Total Cost of profits": 644,
        "Profit after tax corporate income": 1937,
        "Volume": 2950050,
        "Close of Quarter": 8.5,
        "EPS": 3918.3,
        "Non-adjusted EPS": 3844,
        "PE": 2.2,
        "Book Price": 16.3
      }
    },
    {
      "quarter": "Q4 2009",
      "income status": {
        "Net sales": 37831,
        "Cost of goods sold": 31546,
        "Gross Profit": 6285,
        "Financial expenses": 791,
        "Of which: Interest expense": "N/A",
        "Cost of sales": 382,
        "Enterprise cost management": 1251,
        "Total Operating Expenses": 2424,
        "Total revenue financing activities": 241,
        "Net profit from business activities": 4103,
        "Profit": "N/A",
        "Profit before tax": 4103,
        "Present corporate income tax expenses": 1026,
        "Deferred income taxes expenses": "N/A",
        "The interests of minority shareholders": "N/A",
        "Total Cost of profits": 1026,
        "Profit after tax corporate income": 3077,
        "Volume": 2950050,
        "Close of Quarter": 7.8,
        "EPS": 4040.6,
        "Non-adjusted EPS": 3964,
        "PE": 2.0,
        "Book Price": 16
      }
    },
    {
      "quarter": "Q3 2009",
      "income status": {
        "Net sales": 31172,
        "Cost of goods sold": 25737,
        "Gross Profit": 5435,
        "Financial expenses": 212,
        "Of which: Interest expense": "N/A",
        "Cost of sales": 455,
        "Enterprise cost management": 1640,
        "Total Operating Expenses": 2307,
        "Total revenue financing activities": 36,
        "Net profit from business activities": 3163,
        "Profit": 2,
        "Profit before tax": 3165,
        "Present corporate income tax expenses": 791,
        "Deferred income taxes expenses": "N/A",
        "The interests of minority shareholders": "N/A",
        "Total Cost of profits": 791,
        "Profit after tax corporate income": 2374,
        "Volume": 2950050,
        "Close of Quarter": 9.3,
        "EPS": 3500.3,
        "Non-adjusted EPS": 3434,
        "PE": 2.7,
        "Book Price": 16.3
      }
    },
    {
      "quarter": "Q2 2009",
      "income status": {
        "Net sales": 35483,
        "Cost of goods sold": 28315,
        "Gross Profit": 7167,
        "Financial expenses": 186,
        "Of which: Interest expense": "N/A",
        "Cost of sales": 420,
        "Enterprise cost management": 1295,
        "Total Operating Expenses": 1901,
        "Total revenue financing activities": 24,
        "Net profit from business activities": 5291,
        "Profit": -20,
        "Profit before tax": 5271,
        "Present corporate income tax expenses": 1318,
        "Deferred income taxes expenses": "N/A",
        "The interests of minority shareholders": "N/A",
        "Total Cost of profits": 1318,
        "Profit after tax corporate income": 3953,
        "Volume": 2950050,
        "Close of Quarter": 5.4,
        "EPS": 3603.3,
        "Non-adjusted EPS": 3535,
        "PE": 1.5,
        "Book Price": 15.5
      }
    },
    {
      "quarter": "Q1 2009",
      "income status": {
        "Net sales": 28484,
        "Cost of goods sold": 23797,
        "Gross Profit": 4687,
        "Financial expenses": 69,
        "Of which: Interest expense": 67,
        "Cost of sales": 354,
        "Enterprise cost management": 1334,
        "Total Operating Expenses": 1757,
        "Total revenue financing activities": 153,
        "Net profit from business activities": 3082,
        "Profit": -27,
        "Profit before tax": 3055,
        "Present corporate income tax expenses": 764,
        "Deferred income taxes expenses": "N/A",
        "The interests of minority shareholders": "N/A",
        "Total Cost of profits": 764,
        "Profit after tax corporate income": 2291,
        "Volume": 3000000,
        "Close of Quarter": 4.1,
        "EPS": 2827.8,
        "Non-adjusted EPS": 2728,
        "PE": 1.5,
        "Book Price": 14.9
      }
    },
    {
      "quarter": "Q4 2008",
      "income status": {
        "Net sales": 31231,
        "Cost of goods sold": 27697,
        "Gross Profit": 3534,
        "Financial expenses": 335,
        "Of which: Interest expense": 215,
        "Cost of sales": 346,
        "Enterprise cost management": 1238,
        "Total Operating Expenses": 1919,
        "Total revenue financing activities": 127,
        "Net profit from business activities": 1743,
        "Profit": 13,
        "Profit before tax": 1756,
        "Present corporate income tax expenses": 244,
        "Deferred income taxes expenses": "N/A",
        "The interests of minority shareholders": "N/A",
        "Total Cost of profits": 244,
        "Profit after tax corporate income": 1512,
        "Volume": 3000000,
        "Close of Quarter": 3.5,
        "EPS": 2727.2,
        "Non-adjusted EPS": 2631,
        "PE": 1.3,
        "Book Price": 14.6
      }
    },
    {
      "quarter": "Q3 2008",
      "income status": {
        "Net sales": 31974,
        "Cost of goods sold": 27030,
        "Gross Profit": 4945,
        "Financial expenses": 555,
        "Of which: Interest expense": 363,
        "Cost of sales": 374,
        "Enterprise cost management": 1010,
        "Total Operating Expenses": 1939,
        "Total revenue financing activities": 100,
        "Net profit from business activities": 3106,
        "Profit": "N/A",
        "Profit before tax": 3106,
        "Present corporate income tax expenses": 435,
        "Deferred income taxes expenses": "N/A",
        "The interests of minority shareholders": "N/A",
        "Total Cost of profits": 435,
        "Profit after tax corporate income": 2671,
        "Volume": 3000000,
        "Close of Quarter": 4.9,
        "EPS": 2663.0,
        "Non-adjusted EPS": 2569,
        "PE": 1.9,
        "Book Price": 14.7
      }
    },
    {
      "quarter": "Q2 2008",
      "income status": {
        "Net sales": 31402,
        "Cost of goods sold": 27628,
        "Gross Profit": 3774,
        "Financial expenses": 615,
        "Of which: Interest expense": 191,
        "Cost of sales": 429,
        "Enterprise cost management": 1066,
        "Total Operating Expenses": 2110,
        "Total revenue financing activities": 121,
        "Net profit from business activities": 1787,
        "Profit": 200,
        "Profit before tax": 1987,
        "Present corporate income tax expenses": 278,
        "Deferred income taxes expenses": "N/A",
        "The interests of minority shareholders": "N/A",
        "Total Cost of profits": 278,
        "Profit after tax corporate income": 1709,
        "Volume": 3000000,
        "Close of Quarter": 4.0,
        "EPS": 2187.2,
        "Non-adjusted EPS": 2110,
        "PE": 1.9,
        "Book Price": 13.9
      }
    },
    {
      "quarter": "Q1 2008",
      "income status": {
        "Net sales": 29584,
        "Cost of goods sold": 25784,
        "Gross Profit": 3800,
        "Financial expenses": 210,
        "Of which: Interest expense": 125,
        "Cost of sales": 333,
        "Enterprise cost management": 1113,
        "Total Operating Expenses": 1656,
        "Total revenue financing activities": 111,
        "Net profit from business activities": 2255,
        "Profit": 73,
        "Profit before tax": 2327,
        "Present corporate income tax expenses": 326,
        "Deferred income taxes expenses": "N/A",
        "The interests of minority shareholders": "N/A",
        "Total Cost of profits": 326,
        "Profit after tax corporate income": 2002,
        "Volume": 3000000,
        "Close of Quarter": 5.9,
        "EPS": 2132.2,
        "Non-adjusted EPS": 2057,
        "PE": 2.9,
        "Book Price": 13.9
      }
    },
    {
      "quarter": "Q4 2007",
      "income status": {
        "Net sales": 29936,
        "Cost of goods sold": 27349,
        "Gross Profit": 2586,
        "Financial expenses": 10,
        "Of which: Interest expense": "N/A",
        "Cost of sales": 355,
        "Enterprise cost management": 860,
        "Total Operating Expenses": 1225,
        "Total revenue financing activities": 51,
        "Net profit from business activities": 1412,
        "Profit": 130,
        "Profit before tax": 1542,
        "Present corporate income tax expenses": 216,
        "Deferred income taxes expenses": "N/A",
        "The interests of minority shareholders": "N/A",
        "Total Cost of profits": 216,
        "Profit after tax corporate income": 1326,
        "Volume": 3000000,
        "Close of Quarter": 10.8,
        "EPS": 1796.4,
        "Non-adjusted EPS": 1733,
        "PE": 6.2,
        "Book Price": 13.5
      }
    },
    {
      "quarter": "Q3 2007",
      "income status": {
        "Net sales": 28234,
        "Cost of goods sold": 25426,
        "Gross Profit": 2808,
        "Financial expenses": 15,
        "Of which: Interest expense": "N/A",
        "Cost of sales": 302,
        "Enterprise cost management": 1015,
        "Total Operating Expenses": 1332,
        "Total revenue financing activities": 26,
        "Net profit from business activities": 1502,
        "Profit": "N/A",
        "Profit before tax": 1502,
        "Present corporate income tax expenses": 210,
        "Deferred income taxes expenses": "N/A",
        "The interests of minority shareholders": "N/A",
        "Total Cost of profits": 210,
        "Profit after tax corporate income": 1292,
        "Volume": 3000000,
        "Close of Quarter": 10.2,
        "EPS": 1697.9,
        "Non-adjusted EPS": 1638,
        "PE": 6.2,
        "Book Price": 13.7
      }
    },
    {
      "quarter": "Q2 2007",
      "income status": {
        "Net sales": 28594,
        "Cost of goods sold": 25594,
        "Gross Profit": 3000,
        "Financial expenses": 27,
        "Of which: Interest expense": 18,
        "Cost of sales": 349,
        "Enterprise cost management": 1068,
        "Total Operating Expenses": 1444,
        "Total revenue financing activities": 27,
        "Net profit from business activities": 1582,
        "Profit": 221,
        "Profit before tax": 1803,
        "Present corporate income tax expenses": 252,
        "Deferred income taxes expenses": "N/A",
        "The interests of minority shareholders": "N/A",
        "Total Cost of profits": 252,
        "Profit after tax corporate income": 1551,
        "Volume": 3000000,
        "Close of Quarter": 11.4,
        "EPS": 1744.6,
        "Non-adjusted EPS": 1683,
        "PE": 6.8,
        "Book Price": 13.3
      }
    },
    {
      "quarter": "Q1 2007",
      "income status": {
        "Net sales": 29087,
        "Cost of goods sold": 26810,
        "Gross Profit": 2277,
        "Financial expenses": 23,
        "Of which: Interest expense": "N/A",
        "Cost of sales": 332,
        "Enterprise cost management": 834,
        "Total Operating Expenses": 1189,
        "Total revenue financing activities": 110,
        "Net profit from business activities": 1198,
        "Profit": "N/A",
        "Profit before tax": 1198,
        "Present corporate income tax expenses": 168,
        "Deferred income taxes expenses": "N/A",
        "The interests of minority shareholders": "N/A",
        "Total Cost of profits": 168,
        "Profit after tax corporate income": 1030,
        "Volume": 3000000,
        "Close of Quarter": 15.9,
        "EPS": 1906.3,
        "Non-adjusted EPS": 1839,
        "PE": 8.6,
        "Book Price": 13.7
      }
    },
    {
      "quarter": "Q4 2006",
      "income status": {
        "Net sales": 27885,
        "Cost of goods sold": 25425,
        "Gross Profit": 2460,
        "Financial expenses": 6,
        "Of which: Interest expense": "N/A",
        "Cost of sales": 310,
        "Enterprise cost management": 888,
        "Total Operating Expenses": 1204,
        "Total revenue financing activities": 159,
        "Net profit from business activities": 1415,
        "Profit": 9,
        "Profit before tax": 1424,
        "Present corporate income tax expenses": 384,
        "Deferred income taxes expenses": "N/A",
        "The interests of minority shareholders": "N/A",
        "Total Cost of profits": 384,
        "Profit after tax corporate income": 1040,
        "Volume": 3000000,
        "Close of Quarter": 34.1,
        "EPS": 2346.8,
        "Non-adjusted EPS": 2264,
        "PE": 15.1,
        "Book Price": 13.4
      }
    },
    {
      "quarter": "Q3 2006",
      "income status": {
        "Net sales": 26218,
        "Cost of goods sold": 23355,
        "Gross Profit": 2862,
        "Financial expenses": 3,
        "Of which: Interest expense": "N/A",
        "Cost of sales": 277,
        "Enterprise cost management": 851,
        "Total Operating Expenses": 1131,
        "Total revenue financing activities": 22,
        "Net profit from business activities": 1754,
        "Profit": "N/A",
        "Profit before tax": 1754,
        "Present corporate income tax expenses": 324,
        "Deferred income taxes expenses": "N/A",
        "The interests of minority shareholders": "N/A",
        "Total Cost of profits": 324,
        "Profit after tax corporate income": 1429,
        "Volume": 3000000,
        "Close of Quarter": "N/A",
        "EPS": 1987.1,
        "Non-adjusted EPS": 1917,
        "PE": "N/A",
        "Book Price": 13.7
      }
    },
    {
      "quarter": "Q2 2006",
      "income status": {
        "Net sales": 29068,
        "Cost of goods sold": 25377,
        "Gross Profit": 3691,
        "Financial expenses": 2,
        "Of which: Interest expense": "N/A",
        "Cost of sales": 299,
        "Enterprise cost management": 1043,
        "Total Operating Expenses": 1344,
        "Total revenue financing activities": 119,
        "Net profit from business activities": 2466,
        "Profit": 9,
        "Profit before tax": 2474,
        "Present corporate income tax expenses": 458,
        "Deferred income taxes expenses": "N/A",
        "The interests of minority shareholders": "N/A",
        "Total Cost of profits": 458,
        "Profit after tax corporate income": 2017,
        "Volume": 3000000,
        "Close of Quarter": "N/A",
        "EPS": 1493.7,
        "Non-adjusted EPS": 1441,
        "PE": "N/A",
        "Book Price": "N/A"
      }
    },
    {
      "quarter": "Q1 2006",
      "income status": {
        "Net sales": 26199,
        "Cost of goods sold": 22348,
        "Gross Profit": 3851,
        "Financial expenses": 1,
        "Of which: Interest expense": "N/A",
        "Cost of sales": 289,
        "Enterprise cost management": 771,
        "Total Operating Expenses": 1061,
        "Total revenue financing activities": 38,
        "Net profit from business activities": 2828,
        "Profit": 1,
        "Profit before tax": 2829,
        "Present corporate income tax expenses": 523,
        "Deferred income taxes expenses": "N/A",
        "The interests of minority shareholders": "N/A",
        "Total Cost of profits": 523,
        "Profit after tax corporate income": 2306,
        "Volume": 3000000,
        "Close of Quarter": "N/A",
        "EPS": 797.1,
        "Non-adjusted EPS": 769,
        "PE": "N/A",
        "Book Price": "N/A"
      }
    }
  ]
}