{
  "ticker": "PAN",
  "data": [
    {
      "quarter": "Q1 2017",
      "income status": {
        "Net sales": 535694,
        "Cost of goods sold": 404878,
        "Gross Profit": 130816,
        "Financial expenses": 5803,
        "Of which: Interest expense": 3424,
        "Cost of sales": 32229,
        "Enterprise cost management": 59124,
        "Total Operating Expenses": 97156,
        "Total revenue financing activities": 12613,
        "Net profit from business activities": 54840,
        "Profit": 11723,
        "Profit before tax": 66563,
        "Present corporate income tax expenses": 10030,
        "Deferred income taxes expenses": -54,
        "The interests of minority shareholders": 18459,
        "Total Cost of profits": 28435,
        "Profit after tax corporate income": 38127,
        "Volume": 102372497,
        "Close of Quarter": 43,
        "EPS": 1754,
        "Non-adjusted EPS": 1754,
        "PE": 24.5,
        "Book Price": 28.9
      }
    },
    {
      "quarter": "Q4 2016",
      "income status": {
        "Net sales": 785209,
        "Cost of goods sold": 569198,
        "Gross Profit": 216011,
        "Financial expenses": 18980,
        "Of which: Interest expense": "N/A",
        "Cost of sales": 63646,
        "Enterprise cost management": 74086,
        "Total Operating Expenses": 156712,
        "Total revenue financing activities": 17102,
        "Net profit from business activities": 92090,
        "Profit": -1346,
        "Profit before tax": 90743,
        "Present corporate income tax expenses": 11031,
        "Deferred income taxes expenses": -2998,
        "The interests of minority shareholders": 26119,
        "Total Cost of profits": 34152,
        "Profit after tax corporate income": 56591,
        "Volume": 102372497,
        "Close of Quarter": 42.8,
        "EPS": 2517,
        "Non-adjusted EPS": 2517,
        "PE": 17,
        "Book Price": 28.6
      }
    },
    {
      "quarter": "Q3 2016",
      "income status": {
        "Net sales": 701467,
        "Cost of goods sold": 563421,
        "Gross Profit": 138046,
        "Financial expenses": 6492,
        "Of which: Interest expense": "N/A",
        "Cost of sales": 33261,
        "Enterprise cost management": 58267,
        "Total Operating Expenses": 98020,
        "Total revenue financing activities": 14976,
        "Net profit from business activities": 69675,
        "Profit": 303,
        "Profit before tax": 69979,
        "Present corporate income tax expenses": 8323,
        "Deferred income taxes expenses": -769,
        "The interests of minority shareholders": 17547,
        "Total Cost of profits": 25101,
        "Profit after tax corporate income": 44878,
        "Volume": 100872497,
        "Close of Quarter": 48.8,
        "EPS": 2504.8,
        "Non-adjusted EPS": 2542,
        "PE": 19.2,
        "Book Price": 27.8
      }
    },
    {
      "quarter": "Q2 2016",
      "income status": {
        "Net sales": 636198,
        "Cost of goods sold": 484998,
        "Gross Profit": 151200,
        "Financial expenses": 5402,
        "Of which: Interest expense": 7081,
        "Cost of sales": 41264,
        "Enterprise cost management": 62896,
        "Total Operating Expenses": 109562,
        "Total revenue financing activities": 18345,
        "Net profit from business activities": 63432,
        "Profit": 19,
        "Profit before tax": 63451,
        "Present corporate income tax expenses": 2140,
        "Deferred income taxes expenses": 1791,
        "The interests of minority shareholders": 19538,
        "Total Cost of profits": 23469,
        "Profit after tax corporate income": 39982,
        "Volume": 100872497,
        "Close of Quarter": 43.2,
        "EPS": 2889.0,
        "Non-adjusted EPS": 2932,
        "PE": 14.7,
        "Book Price": 27.3
      }
    },
    {
      "quarter": "Q1 2016",
      "income status": {
        "Net sales": 630050,
        "Cost of goods sold": 491296,
        "Gross Profit": 138754,
        "Financial expenses": 30249,
        "Of which: Interest expense": 5317,
        "Cost of sales": 34624,
        "Enterprise cost management": 55679,
        "Total Operating Expenses": 120552,
        "Total revenue financing activities": 130651,
        "Net profit from business activities": 155855,
        "Profit": 6343,
        "Profit before tax": 162198,
        "Present corporate income tax expenses": 29226,
        "Deferred income taxes expenses": -45,
        "The interests of minority shareholders": 16766,
        "Total Cost of profits": 45947,
        "Profit after tax corporate income": 116251,
        "Volume": 100872497,
        "Close of Quarter": 29.9,
        "EPS": 2865.4,
        "Non-adjusted EPS": 2908,
        "PE": 10.3,
        "Book Price": 27.2
      }
    },
    {
      "quarter": "Q4 2015",
      "income status": {
        "Net sales": 884213,
        "Cost of goods sold": 676752,
        "Gross Profit": 207461,
        "Financial expenses": 20298,
        "Of which: Interest expense": 5245,
        "Cost of sales": 59644,
        "Enterprise cost management": 89394,
        "Total Operating Expenses": 169336,
        "Total revenue financing activities": 26491,
        "Net profit from business activities": 81342,
        "Profit": 25,
        "Profit before tax": 81367,
        "Present corporate income tax expenses": 5615,
        "Deferred income taxes expenses": -344,
        "The interests of minority shareholders": 20754,
        "Total Cost of profits": 26025,
        "Profit after tax corporate income": 55342,
        "Volume": 83143748,
        "Close of Quarter": 34.8,
        "EPS": 2063.7,
        "Non-adjusted EPS": 2541,
        "PE": 13.7,
        "Book Price": 26.6
      }
    },
    {
      "quarter": "Q3 2015",
      "income status": {
        "Net sales": 701976,
        "Cost of goods sold": 556650,
        "Gross Profit": 145327,
        "Financial expenses": 16108,
        "Of which: Interest expense": 4271,
        "Cost of sales": 28498,
        "Enterprise cost management": 52633,
        "Total Operating Expenses": 97239,
        "Total revenue financing activities": 64396,
        "Net profit from business activities": 120443,
        "Profit": 4959,
        "Profit before tax": 125402,
        "Present corporate income tax expenses": 17632,
        "Deferred income taxes expenses": -101,
        "The interests of minority shareholders": 23708,
        "Total Cost of profits": 41239,
        "Profit after tax corporate income": 84163,
        "Volume": 83143748,
        "Close of Quarter": 30.0,
        "EPS": 1887.5,
        "Non-adjusted EPS": 2324,
        "PE": 12.9,
        "Book Price": 27.1
      }
    },
    {
      "quarter": "Q2 2015",
      "income status": {
        "Net sales": 679900,
        "Cost of goods sold": 471556,
        "Gross Profit": 208344,
        "Financial expenses": 35446,
        "Of which: Interest expense": 4263,
        "Cost of sales": 51889,
        "Enterprise cost management": 63594,
        "Total Operating Expenses": 150929,
        "Total revenue financing activities": 20263,
        "Net profit from business activities": 82502,
        "Profit": 4059,
        "Profit before tax": 86561,
        "Present corporate income tax expenses": 15768,
        "Deferred income taxes expenses": -1159,
        "The interests of minority shareholders": 34369,
        "Total Cost of profits": 48978,
        "Profit after tax corporate income": 37582,
        "Volume": 83143748,
        "Close of Quarter": 29.8,
        "EPS": 1261.3,
        "Non-adjusted EPS": 1553,
        "PE": 19.2,
        "Book Price": 26.6
      }
    },
    {
      "quarter": "Q1 2015",
      "income status": {
        "Net sales": 381206,
        "Cost of goods sold": 273674,
        "Gross Profit": 107532,
        "Financial expenses": 9603,
        "Of which: Interest expense": 989,
        "Cost of sales": 23166,
        "Enterprise cost management": 33665,
        "Total Operating Expenses": 66434,
        "Total revenue financing activities": 13509,
        "Net profit from business activities": 58235,
        "Profit": 1449,
        "Profit before tax": 59684,
        "Present corporate income tax expenses": 5108,
        "Deferred income taxes expenses": "N/A",
        "The interests of minority shareholders": 20395,
        "Total Cost of profits": 25503,
        "Profit after tax corporate income": 34181,
        "Volume": 83143748,
        "Close of Quarter": 33.0,
        "EPS": 1174.4,
        "Non-adjusted EPS": 1446,
        "PE": 22.8,
        "Book Price": 24.4
      }
    },
    {
      "quarter": "Q4 2014",
      "income status": {
        "Net sales": 433516,
        "Cost of goods sold": 291956,
        "Gross Profit": 141559,
        "Financial expenses": 4741,
        "Of which: Interest expense": 1620,
        "Cost of sales": 40659,
        "Enterprise cost management": 46948,
        "Total Operating Expenses": 92348,
        "Total revenue financing activities": 12534,
        "Net profit from business activities": 65449,
        "Profit": 2235,
        "Profit before tax": 67684,
        "Present corporate income tax expenses": 7599,
        "Deferred income taxes expenses": -1023,
        "The interests of minority shareholders": 23775,
        "Total Cost of profits": 30351,
        "Profit after tax corporate income": 37333,
        "Volume": 60543748,
        "Close of Quarter": 36.0,
        "EPS": 940.9,
        "Non-adjusted EPS": 1591,
        "PE": 22.6,
        "Book Price": 16.4
      }
    },
    {
      "quarter": "Q3 2014",
      "income status": {
        "Net sales": 305084,
        "Cost of goods sold": 228663,
        "Gross Profit": 76421,
        "Financial expenses": 308,
        "Of which: Interest expense": 653,
        "Cost of sales": 18420,
        "Enterprise cost management": 34491,
        "Total Operating Expenses": 53219,
        "Total revenue financing activities": 15712,
        "Net profit from business activities": 41129,
        "Profit": 1242,
        "Profit before tax": 42371,
        "Present corporate income tax expenses": 5355,
        "Deferred income taxes expenses": "N/A",
        "The interests of minority shareholders": 16950,
        "Total Cost of profits": 22305,
        "Profit after tax corporate income": 20067,
        "Volume": 40362500,
        "Close of Quarter": 37.7,
        "EPS": 737.3,
        "Non-adjusted EPS": 1870,
        "PE": 20.2,
        "Book Price": 16.1
      }
    },
    {
      "quarter": "Q2 2014",
      "income status": {
        "Net sales": 208775,
        "Cost of goods sold": 163114,
        "Gross Profit": 45661,
        "Financial expenses": -823,
        "Of which: Interest expense": 1174,
        "Cost of sales": 6470,
        "Enterprise cost management": 12956,
        "Total Operating Expenses": 18603,
        "Total revenue financing activities": 12731,
        "Net profit from business activities": 44494,
        "Profit": 526,
        "Profit before tax": 45020,
        "Present corporate income tax expenses": 8409,
        "Deferred income taxes expenses": -501,
        "The interests of minority shareholders": 8502,
        "Total Cost of profits": 16410,
        "Profit after tax corporate income": 28611,
        "Volume": 40362500,
        "Close of Quarter": 25.2,
        "EPS": 679.3,
        "Non-adjusted EPS": 1723,
        "PE": 14.7,
        "Book Price": 13.3
      }
    },
    {
      "quarter": "Q1 2014",
      "income status": {
        "Net sales": 174402,
        "Cost of goods sold": 138219,
        "Gross Profit": 36183,
        "Financial expenses": 433,
        "Of which: Interest expense": 1250,
        "Cost of sales": 8322,
        "Enterprise cost management": 14972,
        "Total Operating Expenses": 23727,
        "Total revenue financing activities": 10945,
        "Net profit from business activities": 23402,
        "Profit": 1108,
        "Profit before tax": 24510,
        "Present corporate income tax expenses": 3983,
        "Deferred income taxes expenses": "N/A",
        "The interests of minority shareholders": 10226,
        "Total Cost of profits": 14209,
        "Profit after tax corporate income": 10301,
        "Volume": 20050000,
        "Close of Quarter": 24.4,
        "EPS": 487.5,
        "Non-adjusted EPS": 2489,
        "PE": 9.8,
        "Book Price": 13.1
      }
    },
    {
      "quarter": "Q4 2013",
      "income status": {
        "Net sales": 197894,
        "Cost of goods sold": 157132,
        "Gross Profit": 40762,
        "Financial expenses": -4301,
        "Of which: Interest expense": 887,
        "Cost of sales": 8373,
        "Enterprise cost management": 13823,
        "Total Operating Expenses": 17895,
        "Total revenue financing activities": 12955,
        "Net profit from business activities": 35823,
        "Profit": -267,
        "Profit before tax": 37548,
        "Present corporate income tax expenses": 8904,
        "Deferred income taxes expenses": 1371,
        "The interests of minority shareholders": 10782,
        "Total Cost of profits": 21057,
        "Profit after tax corporate income": 16491,
        "Volume": 20050000,
        "Close of Quarter": 20.5,
        "EPS": 476.9,
        "Non-adjusted EPS": 2435,
        "PE": 8.4,
        "Book Price": 5.6
      }
    },
    {
      "quarter": "Q3 2013",
      "income status": {
        "Net sales": 215930,
        "Cost of goods sold": 168608,
        "Gross Profit": 47322,
        "Financial expenses": 7513,
        "Of which: Interest expense": 1619,
        "Cost of sales": 10703,
        "Enterprise cost management": 11903,
        "Total Operating Expenses": 30119,
        "Total revenue financing activities": 8127,
        "Net profit from business activities": 25331,
        "Profit": 1314,
        "Profit before tax": 27197,
        "Present corporate income tax expenses": 4526,
        "Deferred income taxes expenses": -345,
        "The interests of minority shareholders": 8879,
        "Total Cost of profits": 13060,
        "Profit after tax corporate income": 14136,
        "Volume": 20050000,
        "Close of Quarter": 17.1,
        "EPS": 389.4,
        "Non-adjusted EPS": 1988,
        "PE": 8.6,
        "Book Price": 5.4
      }
    },
    {
      "quarter": "Q2 2013",
      "income status": {
        "Net sales": 129394,
        "Cost of goods sold": 100125,
        "Gross Profit": 29269,
        "Financial expenses": -3260,
        "Of which: Interest expense": 183,
        "Cost of sales": 3825,
        "Enterprise cost management": 16450,
        "Total Operating Expenses": 17015,
        "Total revenue financing activities": 1726,
        "Net profit from business activities": 13979,
        "Profit": -644,
        "Profit before tax": 16145,
        "Present corporate income tax expenses": 3734,
        "Deferred income taxes expenses": -247,
        "The interests of minority shareholders": 3685,
        "Total Cost of profits": 7172,
        "Profit after tax corporate income": 8974,
        "Volume": 20050000,
        "Close of Quarter": 16.9,
        "EPS": 795.8,
        "Non-adjusted EPS": 4063,
        "PE": 4.2,
        "Book Price": 5.3
      }
    },
    {
      "quarter": "Q1 2013",
      "income status": {
        "Net sales": 74520,
        "Cost of goods sold": 60680,
        "Gross Profit": 13840,
        "Financial expenses": 1954,
        "Of which: Interest expense": 9,
        "Cost of sales": 1352,
        "Enterprise cost management": 8248,
        "Total Operating Expenses": 11554,
        "Total revenue financing activities": 5416,
        "Net profit from business activities": 7702,
        "Profit": -1,
        "Profit before tax": 11319,
        "Present corporate income tax expenses": 2277,
        "Deferred income taxes expenses": -83,
        "The interests of minority shareholders": -89,
        "Total Cost of profits": 2105,
        "Profit after tax corporate income": 9214,
        "Volume": 11550000,
        "Close of Quarter": 15.5,
        "EPS": 836.1,
        "Non-adjusted EPS": 7411,
        "PE": 2.1,
        "Book Price": 5.1
      }
    },
    {
      "quarter": "Q4 2012",
      "income status": {
        "Net sales": 78920,
        "Cost of goods sold": 60150,
        "Gross Profit": 18770,
        "Financial expenses": 7138,
        "Of which: Interest expense": 4,
        "Cost of sales": 1617,
        "Enterprise cost management": 8064,
        "Total Operating Expenses": 16819,
        "Total revenue financing activities": 1870,
        "Net profit from business activities": 3822,
        "Profit": 357,
        "Profit before tax": 7649,
        "Present corporate income tax expenses": 1365,
        "Deferred income taxes expenses": -1452,
        "The interests of minority shareholders": 204,
        "Total Cost of profits": 117,
        "Profit after tax corporate income": 7532,
        "Volume": 11550000,
        "Close of Quarter": 10.9,
        "EPS": 791.1,
        "Non-adjusted EPS": 7012,
        "PE": 1.6,
        "Book Price": 3.2
      }
    },
    {
      "quarter": "Q3 2012",
      "income status": {
        "Net sales": 69906,
        "Cost of goods sold": 57107,
        "Gross Profit": 12799,
        "Financial expenses": 2567,
        "Of which: Interest expense": "N/A",
        "Cost of sales": 1087,
        "Enterprise cost management": 6913,
        "Total Operating Expenses": 10567,
        "Total revenue financing activities": 4380,
        "Net profit from business activities": 6612,
        "Profit": 10,
        "Profit before tax": 56923,
        "Present corporate income tax expenses": 1246,
        "Deferred income taxes expenses": -44,
        "The interests of minority shareholders": -14,
        "Total Cost of profits": 1188,
        "Profit after tax corporate income": 55735,
        "Volume": 11550000,
        "Close of Quarter": 8.9,
        "EPS": 770.6,
        "Non-adjusted EPS": 6830,
        "PE": 1.3,
        "Book Price": 3.2
      }
    },
    {
      "quarter": "Q2 2012",
      "income status": {
        "Net sales": 69903,
        "Cost of goods sold": 53522,
        "Gross Profit": 16381,
        "Financial expenses": 4478,
        "Of which: Interest expense": 109,
        "Cost of sales": 835,
        "Enterprise cost management": 6070,
        "Total Operating Expenses": 11383,
        "Total revenue financing activities": 12671,
        "Net profit from business activities": 17669,
        "Profit": -46,
        "Profit before tax": 17623,
        "Present corporate income tax expenses": 4267,
        "Deferred income taxes expenses": 121,
        "The interests of minority shareholders": 115,
        "Total Cost of profits": 4503,
        "Profit after tax corporate income": 13120,
        "Volume": 11550000,
        "Close of Quarter": 8.8,
        "EPS": 276.4,
        "Non-adjusted EPS": 2450,
        "PE": 3.6,
        "Book Price": 2.6
      }
    },
    {
      "quarter": "Q1 2012",
      "income status": {
        "Net sales": 65361,
        "Cost of goods sold": 56019,
        "Gross Profit": 9342,
        "Financial expenses": 201,
        "Of which: Interest expense": "N/A",
        "Cost of sales": 832,
        "Enterprise cost management": 8473,
        "Total Operating Expenses": 9506,
        "Total revenue financing activities": 6226,
        "Net profit from business activities": 6062,
        "Profit": "N/A",
        "Profit before tax": 6062,
        "Present corporate income tax expenses": 1385,
        "Deferred income taxes expenses": -27,
        "The interests of minority shareholders": 53,
        "Total Cost of profits": 1411,
        "Profit after tax corporate income": 4598,
        "Volume": 11550000,
        "Close of Quarter": 8.0,
        "EPS": 166.6,
        "Non-adjusted EPS": 1477,
        "PE": 5.4,
        "Book Price": 2.5
      }
    },
    {
      "quarter": "Q4 2011",
      "income status": {
        "Net sales": 66909,
        "Cost of goods sold": 53905,
        "Gross Profit": 13004,
        "Financial expenses": 2116,
        "Of which: Interest expense": "N/A",
        "Cost of sales": 1433,
        "Enterprise cost management": 8030,
        "Total Operating Expenses": 11579,
        "Total revenue financing activities": 4613,
        "Net profit from business activities": 6039,
        "Profit": 145,
        "Profit before tax": 6184,
        "Present corporate income tax expenses": 504,
        "Deferred income taxes expenses": -4,
        "The interests of minority shareholders": 246,
        "Total Cost of profits": 746,
        "Profit after tax corporate income": 5437,
        "Volume": 11550000,
        "Close of Quarter": 6.4,
        "EPS": 114.7,
        "Non-adjusted EPS": 1017,
        "PE": 6.3,
        "Book Price": 2.5
      }
    },
    {
      "quarter": "Q3 2011",
      "income status": {
        "Net sales": 61805,
        "Cost of goods sold": 50927,
        "Gross Profit": 10877,
        "Financial expenses": -731,
        "Of which: Interest expense": "N/A",
        "Cost of sales": 1154,
        "Enterprise cost management": 6392,
        "Total Operating Expenses": 6815,
        "Total revenue financing activities": 2412,
        "Net profit from business activities": 6474,
        "Profit": 631,
        "Profit before tax": 7105,
        "Present corporate income tax expenses": 1691,
        "Deferred income taxes expenses": -170,
        "The interests of minority shareholders": 444,
        "Total Cost of profits": 1965,
        "Profit after tax corporate income": 5141,
        "Volume": 11550000,
        "Close of Quarter": 6.3,
        "EPS": 168.9,
        "Non-adjusted EPS": 1497,
        "PE": 4.2,
        "Book Price": 2.4
      }
    },
    {
      "quarter": "Q2 2011",
      "income status": {
        "Net sales": 57513,
        "Cost of goods sold": 48010,
        "Gross Profit": 9503,
        "Financial expenses": 2765,
        "Of which: Interest expense": 8,
        "Cost of sales": 1052,
        "Enterprise cost management": 6590,
        "Total Operating Expenses": 10407,
        "Total revenue financing activities": 2891,
        "Net profit from business activities": 1987,
        "Profit": 778,
        "Profit before tax": 2765,
        "Present corporate income tax expenses": 1130,
        "Deferred income taxes expenses": -143,
        "The interests of minority shareholders": -101,
        "Total Cost of profits": 886,
        "Profit after tax corporate income": 1878,
        "Volume": 11550000,
        "Close of Quarter": 5.9,
        "EPS": 128.4,
        "Non-adjusted EPS": 1138,
        "PE": 5.2,
        "Book Price": 2.4
      }
    },
    {
      "quarter": "Q1 2011",
      "income status": {
        "Net sales": 54003,
        "Cost of goods sold": 43057,
        "Gross Profit": 10946,
        "Financial expenses": 6752,
        "Of which: Interest expense": 18,
        "Cost of sales": 1070,
        "Enterprise cost management": 6645,
        "Total Operating Expenses": 14467,
        "Total revenue financing activities": 4244,
        "Net profit from business activities": 724,
        "Profit": -244,
        "Profit before tax": 479,
        "Present corporate income tax expenses": 1311,
        "Deferred income taxes expenses": -53,
        "The interests of minority shareholders": -70,
        "Total Cost of profits": 1188,
        "Profit after tax corporate income": -708,
        "Volume": 11550000,
        "Close of Quarter": 7.7,
        "EPS": 119.6,
        "Non-adjusted EPS": 1060,
        "PE": 7.3,
        "Book Price": 2.5
      }
    },
    {
      "quarter": "Q4 2010",
      "income status": {
        "Net sales": 56285,
        "Cost of goods sold": 43146,
        "Gross Profit": 13139,
        "Financial expenses": 1559,
        "Of which: Interest expense": 28,
        "Cost of sales": 1060,
        "Enterprise cost management": 6686,
        "Total Operating Expenses": 9305,
        "Total revenue financing activities": 9737,
        "Net profit from business activities": 13571,
        "Profit": -14,
        "Profit before tax": 13557,
        "Present corporate income tax expenses": 2931,
        "Deferred income taxes expenses": -399,
        "The interests of minority shareholders": 40,
        "Total Cost of profits": 2572,
        "Profit after tax corporate income": 10985,
        "Volume": 11550000,
        "Close of Quarter": 7.9,
        "EPS": 190.0,
        "Non-adjusted EPS": 1684,
        "PE": 4.7,
        "Book Price": 2.5
      }
    },
    {
      "quarter": "Q3 2010",
      "income status": {
        "Net sales": 52731,
        "Cost of goods sold": 43481,
        "Gross Profit": 9251,
        "Financial expenses": 133,
        "Of which: Interest expense": 23,
        "Cost of sales": 155,
        "Enterprise cost management": 6695,
        "Total Operating Expenses": 6983,
        "Total revenue financing activities": -310,
        "Net profit from business activities": 1958,
        "Profit": -151,
        "Profit before tax": 1806,
        "Present corporate income tax expenses": 606,
        "Deferred income taxes expenses": -28,
        "The interests of minority shareholders": 245,
        "Total Cost of profits": 823,
        "Profit after tax corporate income": 984,
        "Volume": 11550000,
        "Close of Quarter": 8.0,
        "EPS": 197.7,
        "Non-adjusted EPS": 1752,
        "PE": 4.6,
        "Book Price": 2.6
      }
    },
    {
      "quarter": "Q2 2010",
      "income status": {
        "Net sales": 46677,
        "Cost of goods sold": 39701,
        "Gross Profit": 6976,
        "Financial expenses": 3712,
        "Of which: Interest expense": 22,
        "Cost of sales": 668,
        "Enterprise cost management": 5759,
        "Total Operating Expenses": 10139,
        "Total revenue financing activities": 4100,
        "Net profit from business activities": 937,
        "Profit": 165,
        "Profit before tax": 1102,
        "Present corporate income tax expenses": 230,
        "Deferred income taxes expenses": -9,
        "The interests of minority shareholders": -102,
        "Total Cost of profits": 119,
        "Profit after tax corporate income": 983,
        "Volume": 7000000,
        "Close of Quarter": 10.5,
        "EPS": 344.8,
        "Non-adjusted EPS": 5043,
        "PE": 2.1,
        "Book Price": 2.6
      }
    },
    {
      "quarter": "Q1 2010",
      "income status": {
        "Net sales": 45969,
        "Cost of goods sold": 37974,
        "Gross Profit": 7996,
        "Financial expenses": 2436,
        "Of which: Interest expense": 41,
        "Cost of sales": 1304,
        "Enterprise cost management": 5492,
        "Total Operating Expenses": 9232,
        "Total revenue financing activities": 10087,
        "Net profit from business activities": 8851,
        "Profit": -6,
        "Profit before tax": 8846,
        "Present corporate income tax expenses": 2305,
        "Deferred income taxes expenses": 3,
        "The interests of minority shareholders": 39,
        "Total Cost of profits": 2347,
        "Profit after tax corporate income": 6499,
        "Volume": 7000000,
        "Close of Quarter": 11.9,
        "EPS": 385.9,
        "Non-adjusted EPS": 5644,
        "PE": 2.1,
        "Book Price": 2
      }
    },
    {
      "quarter": "Q4 2009",
      "income status": {
        "Net sales": 42568,
        "Cost of goods sold": 34089,
        "Gross Profit": 8479,
        "Financial expenses": -26767,
        "Of which: Interest expense": 1143,
        "Cost of sales": 663,
        "Enterprise cost management": 5672,
        "Total Operating Expenses": -20432,
        "Total revenue financing activities": -13508,
        "Net profit from business activities": 15403,
        "Profit": 2,
        "Profit before tax": 15405,
        "Present corporate income tax expenses": 3584,
        "Deferred income taxes expenses": "N/A",
        "The interests of minority shareholders": 54,
        "Total Cost of profits": 3638,
        "Profit after tax corporate income": 11767,
        "Volume": 7000000,
        "Close of Quarter": 10.4,
        "EPS": 334.0,
        "Non-adjusted EPS": 4885,
        "PE": 2.1,
        "Book Price": 2.0
      }
    },
    {
      "quarter": "Q3 2009",
      "income status": {
        "Net sales": 40104,
        "Cost of goods sold": 31193,
        "Gross Profit": 8912,
        "Financial expenses": 608,
        "Of which: Interest expense": "N/A",
        "Cost of sales": 568,
        "Enterprise cost management": 3990,
        "Total Operating Expenses": 5166,
        "Total revenue financing activities": 17141,
        "Net profit from business activities": 20887,
        "Profit": -21,
        "Profit before tax": 20866,
        "Present corporate income tax expenses": 4861,
        "Deferred income taxes expenses": "N/A",
        "The interests of minority shareholders": -50,
        "Total Cost of profits": 4811,
        "Profit after tax corporate income": 16055,
        "Volume": 7000000,
        "Close of Quarter": 14.3,
        "EPS": 183.2,
        "Non-adjusted EPS": 2679,
        "PE": 5.3,
        "Book Price": 2
      }
    },
    {
      "quarter": "Q2 2009",
      "income status": {
        "Net sales": 38588,
        "Cost of goods sold": 30222,
        "Gross Profit": 8366,
        "Financial expenses": 222,
        "Of which: Interest expense": "N/A",
        "Cost of sales": 326,
        "Enterprise cost management": 3944,
        "Total Operating Expenses": 4492,
        "Total revenue financing activities": 2670,
        "Net profit from business activities": 6545,
        "Profit": -6,
        "Profit before tax": 6539,
        "Present corporate income tax expenses": 1334,
        "Deferred income taxes expenses": "N/A",
        "The interests of minority shareholders": 16,
        "Total Cost of profits": 1350,
        "Profit after tax corporate income": 5189,
        "Volume": 7000000,
        "Close of Quarter": 9.3,
        "EPS": 80.8,
        "Non-adjusted EPS": 1181,
        "PE": 7.8,
        "Book Price": 1.9
      }
    },
    {
      "quarter": "Q1 2009",
      "income status": {
        "Net sales": 36897,
        "Cost of goods sold": 29650,
        "Gross Profit": 7247,
        "Financial expenses": 2395,
        "Of which: Interest expense": "N/A",
        "Cost of sales": 460,
        "Enterprise cost management": 4282,
        "Total Operating Expenses": 7137,
        "Total revenue financing activities": 1320,
        "Net profit from business activities": 1429,
        "Profit": 59,
        "Profit before tax": 1489,
        "Present corporate income tax expenses": 287,
        "Deferred income taxes expenses": "N/A",
        "The interests of minority shareholders": 15,
        "Total Cost of profits": 302,
        "Profit after tax corporate income": 1187,
        "Volume": 7000000,
        "Close of Quarter": 7.5,
        "EPS": 63.9,
        "Non-adjusted EPS": 934,
        "PE": 8.0,
        "Book Price": 1.9
      }
    },
    {
      "quarter": "Q4 2008",
      "income status": {
        "Net sales": 35191,
        "Cost of goods sold": 26205,
        "Gross Profit": 8986,
        "Financial expenses": 16442,
        "Of which: Interest expense": "N/A",
        "Cost of sales": 130,
        "Enterprise cost management": 4526,
        "Total Operating Expenses": 21098,
        "Total revenue financing activities": 7325,
        "Net profit from business activities": -4787,
        "Profit": -66,
        "Profit before tax": -4853,
        "Present corporate income tax expenses": -1172,
        "Deferred income taxes expenses": "N/A",
        "The interests of minority shareholders": "N/A",
        "Total Cost of profits": -1172,
        "Profit after tax corporate income": -3680,
        "Volume": 7000000,
        "Close of Quarter": 8.0,
        "EPS": 206.1,
        "Non-adjusted EPS": 3014,
        "PE": 2.6,
        "Book Price": 1.9
      }
    },
    {
      "quarter": "Q3 2008",
      "income status": {
        "Net sales": 32608,
        "Cost of goods sold": 23685,
        "Gross Profit": 8923,
        "Financial expenses": 10337,
        "Of which: Interest expense": "N/A",
        "Cost of sales": 174,
        "Enterprise cost management": 2977,
        "Total Operating Expenses": 13488,
        "Total revenue financing activities": 11390,
        "Net profit from business activities": 6826,
        "Profit": 3,
        "Profit before tax": 6829,
        "Present corporate income tax expenses": 1105,
        "Deferred income taxes expenses": "N/A",
        "The interests of minority shareholders": 153,
        "Total Cost of profits": 1258,
        "Profit after tax corporate income": 5571,
        "Volume": 7000000,
        "Close of Quarter": 12.5,
        "EPS": 375.7,
        "Non-adjusted EPS": 5494,
        "PE": 2.3,
        "Book Price": 2.0
      }
    },
    {
      "quarter": "Q2 2008",
      "income status": {
        "Net sales": 31042,
        "Cost of goods sold": 26059,
        "Gross Profit": 4983,
        "Financial expenses": 1436,
        "Of which: Interest expense": "N/A",
        "Cost of sales": 89,
        "Enterprise cost management": 3028,
        "Total Operating Expenses": 4553,
        "Total revenue financing activities": 4077,
        "Net profit from business activities": 4508,
        "Profit": 4,
        "Profit before tax": 4512,
        "Present corporate income tax expenses": 840,
        "Deferred income taxes expenses": "N/A",
        "The interests of minority shareholders": 214,
        "Total Cost of profits": 1054,
        "Profit after tax corporate income": 3459,
        "Volume": 7000000,
        "Close of Quarter": 7.6,
        "EPS": 446.5,
        "Non-adjusted EPS": 6530,
        "PE": 1.2,
        "Book Price": 2
      }
    },
    {
      "quarter": "Q1 2008",
      "income status": {
        "Net sales": 26313,
        "Cost of goods sold": 23886,
        "Gross Profit": 2427,
        "Financial expenses": 24259,
        "Of which: Interest expense": "N/A",
        "Cost of sales": 252,
        "Enterprise cost management": 2819,
        "Total Operating Expenses": 27330,
        "Total revenue financing activities": 41371,
        "Net profit from business activities": 16468,
        "Profit": 1935,
        "Profit before tax": 18403,
        "Present corporate income tax expenses": 2616,
        "Deferred income taxes expenses": "N/A",
        "The interests of minority shareholders": 41,
        "Total Cost of profits": 2657,
        "Profit after tax corporate income": 15746,
        "Volume": 7000000,
        "Close of Quarter": 12.1,
        "EPS": 500.9,
        "Non-adjusted EPS": 7326,
        "PE": 1.7,
        "Book Price": 2.3
      }
    },
    {
      "quarter": "Q4 2007",
      "income status": {
        "Net sales": 30860,
        "Cost of goods sold": 22067,
        "Gross Profit": 8793,
        "Financial expenses": 3036,
        "Of which: Interest expense": "N/A",
        "Cost of sales": 263,
        "Enterprise cost management": 2005,
        "Total Operating Expenses": 5304,
        "Total revenue financing activities": 13108,
        "Net profit from business activities": 16596,
        "Profit": 58,
        "Profit before tax": 16654,
        "Present corporate income tax expenses": 2646,
        "Deferred income taxes expenses": "N/A",
        "The interests of minority shareholders": 323,
        "Total Cost of profits": 2969,
        "Profit after tax corporate income": 13685,
        "Volume": 7000000,
        "Close of Quarter": 45,
        "EPS": 495.8,
        "Non-adjusted EPS": 7251,
        "PE": 6.2,
        "Book Price": 2.1
      }
    },
    {
      "quarter": "Q3 2007",
      "income status": {
        "Net sales": 22688,
        "Cost of goods sold": 18756,
        "Gross Profit": 3931,
        "Financial expenses": 7321,
        "Of which: Interest expense": "N/A",
        "Cost of sales": 113,
        "Enterprise cost management": 2133,
        "Total Operating Expenses": 9567,
        "Total revenue financing activities": 20758,
        "Net profit from business activities": 15122,
        "Profit": 37,
        "Profit before tax": 15160,
        "Present corporate income tax expenses": 2229,
        "Deferred income taxes expenses": "N/A",
        "The interests of minority shareholders": 109,
        "Total Cost of profits": 2338,
        "Profit after tax corporate income": 12822,
        "Volume": 7000000,
        "Close of Quarter": 24.6,
        "EPS": 531.7,
        "Non-adjusted EPS": 7776,
        "PE": 3.2,
        "Book Price": 2.0
      }
    },
    {
      "quarter": "Q2 2007",
      "income status": {
        "Net sales": 21006,
        "Cost of goods sold": 16374,
        "Gross Profit": 4632,
        "Financial expenses": 428,
        "Of which: Interest expense": "N/A",
        "Cost of sales": 147,
        "Enterprise cost management": 2050,
        "Total Operating Expenses": 2625,
        "Total revenue financing activities": 8625,
        "Net profit from business activities": 10633,
        "Profit": 60,
        "Profit before tax": 10692,
        "Present corporate income tax expenses": 1579,
        "Deferred income taxes expenses": "N/A",
        "The interests of minority shareholders": 85,
        "Total Cost of profits": 1664,
        "Profit after tax corporate income": 9028,
        "Volume": 4800000,
        "Close of Quarter": 17.6,
        "EPS": 424.1,
        "Non-adjusted EPS": 9044,
        "PE": 2.0,
        "Book Price": 0.9
      }
    },
    {
      "quarter": "Q1 2007",
      "income status": {
        "Net sales": 20290,
        "Cost of goods sold": 15433,
        "Gross Profit": 4856,
        "Financial expenses": 698,
        "Of which: Interest expense": 92,
        "Cost of sales": 572,
        "Enterprise cost management": 1965,
        "Total Operating Expenses": 3235,
        "Total revenue financing activities": 16447,
        "Net profit from business activities": 18068,
        "Profit": -113,
        "Profit before tax": 17955,
        "Present corporate income tax expenses": 2622,
        "Deferred income taxes expenses": "N/A",
        "The interests of minority shareholders": 111,
        "Total Cost of profits": 2733,
        "Profit after tax corporate income": 15223,
        "Volume": 3200000,
        "Close of Quarter": 19.8,
        "EPS": 335.8,
        "Non-adjusted EPS": 10744,
        "PE": 1.8,
        "Book Price": 0.8
      }
    },
    {
      "quarter": "Q4 2006",
      "income status": {
        "Net sales": 19126,
        "Cost of goods sold": 14344,
        "Gross Profit": 4782,
        "Financial expenses": 277,
        "Of which: Interest expense": 113,
        "Cost of sales": 249,
        "Enterprise cost management": 2306,
        "Total Operating Expenses": 2832,
        "Total revenue financing activities": 22317,
        "Net profit from business activities": 24267,
        "Profit": 168,
        "Profit before tax": 24435,
        "Present corporate income tax expenses": 6864,
        "Deferred income taxes expenses": "N/A",
        "The interests of minority shareholders": 213,
        "Total Cost of profits": 7077,
        "Profit after tax corporate income": 17358,
        "Volume": 3200000,
        "Close of Quarter": 11.5,
        "EPS": 187.1,
        "Non-adjusted EPS": 5987,
        "PE": 1.9,
        "Book Price": 0.7
      }
    },
    {
      "quarter": "Q3 2006",
      "income status": {
        "Net sales": 16415,
        "Cost of goods sold": 11866,
        "Gross Profit": 4548,
        "Financial expenses": 117,
        "Of which: Interest expense": "N/A",
        "Cost of sales": 103,
        "Enterprise cost management": 1875,
        "Total Operating Expenses": 2095,
        "Total revenue financing activities": 46,
        "Net profit from business activities": 2497,
        "Profit": "N/A",
        "Profit before tax": 2500,
        "Present corporate income tax expenses": 700,
        "Deferred income taxes expenses": "N/A",
        "The interests of minority shareholders": "N/A",
        "Total Cost of profits": 700,
        "Profit after tax corporate income": 1800,
        "Volume": 3200000,
        "Close of Quarter": "N/A",
        "EPS": 17.6,
        "Non-adjusted EPS": 563,
        "PE": "N/A",
        "Book Price": "N/A"
      }
    }
  ]
}