{
  "ticker": "NSC",
  "data": [
    {
      "quarter": "Q1 2017",
      "income status": {
        "Net sales": 325757,
        "Cost of goods sold": 214948,
        "Gross Profit": 110808,
        "Financial expenses": 2182,
        "Of which: Interest expense": 417,
        "Cost of sales": 21178,
        "Enterprise cost management": 35731,
        "Total Operating Expenses": 59091,
        "Total revenue financing activities": 379,
        "Net profit from business activities": 52096,
        "Profit": -64,
        "Profit before tax": 52032,
        "Present corporate income tax expenses": 5996,
        "Deferred income taxes expenses": -54,
        "The interests of minority shareholders": 3953,
        "Total Cost of profits": 9895,
        "Profit after tax corporate income": 42138,
        "Volume": 15295000,
        "Close of Quarter": 101.5,
        "EPS": 11781,
        "Non-adjusted EPS": 11781,
        "PE": 8.6,
        "Book Price": 73.5
      }
    },
    {
      "quarter": "Q4 2016",
      "income status": {
        "Net sales": 434623,
        "Cost of goods sold": 246490,
        "Gross Profit": 188133,
        "Financial expenses": 4480,
        "Of which: Interest expense": 2304,
        "Cost of sales": 47696,
        "Enterprise cost management": 55045,
        "Total Operating Expenses": 107221,
        "Total revenue financing activities": 548,
        "Net profit from business activities": 81461,
        "Profit": -335,
        "Profit before tax": 81126,
        "Present corporate income tax expenses": 9327,
        "Deferred income taxes expenses": -1648,
        "The interests of minority shareholders": 4862,
        "Total Cost of profits": 12541,
        "Profit after tax corporate income": 68585,
        "Volume": 15295000,
        "Close of Quarter": 91,
        "EPS": 11480,
        "Non-adjusted EPS": 11480,
        "PE": 7.9,
        "Book Price": 71
      }
    },
    {
      "quarter": "Q3 2016",
      "income status": {
        "Net sales": 215239,
        "Cost of goods sold": 132358,
        "Gross Profit": 82881,
        "Financial expenses": 2541,
        "Of which: Interest expense": 2448,
        "Cost of sales": 18595,
        "Enterprise cost management": 23495,
        "Total Operating Expenses": 44631,
        "Total revenue financing activities": 3100,
        "Net profit from business activities": 41349,
        "Profit": 138,
        "Profit before tax": 41487,
        "Present corporate income tax expenses": 6850,
        "Deferred income taxes expenses": -394,
        "The interests of minority shareholders": 3548,
        "Total Cost of profits": 10004,
        "Profit after tax corporate income": 31483,
        "Volume": 15295000,
        "Close of Quarter": 98.4,
        "EPS": 9754,
        "Non-adjusted EPS": 9754,
        "PE": 10.1,
        "Book Price": 69
      }
    },
    {
      "quarter": "Q2 2016",
      "income status": {
        "Net sales": 383763,
        "Cost of goods sold": 258884,
        "Gross Profit": 124879,
        "Financial expenses": 6648,
        "Of which: Interest expense": 3800,
        "Cost of sales": 32805,
        "Enterprise cost management": 39071,
        "Total Operating Expenses": 78524,
        "Total revenue financing activities": 1893,
        "Net profit from business activities": 48248,
        "Profit": 93,
        "Profit before tax": 48341,
        "Present corporate income tax expenses": 3189,
        "Deferred income taxes expenses": 1945,
        "The interests of minority shareholders": 5229,
        "Total Cost of profits": 10363,
        "Profit after tax corporate income": 37978,
        "Volume": 15295000,
        "Close of Quarter": 96.6,
        "EPS": 9733,
        "Non-adjusted EPS": 9733,
        "PE": 9.9,
        "Book Price": 66.8
      }
    },
    {
      "quarter": "Q1 2016",
      "income status": {
        "Net sales": 295977,
        "Cost of goods sold": 190611,
        "Gross Profit": 105367,
        "Financial expenses": 4768,
        "Of which: Interest expense": 3841,
        "Cost of sales": 26731,
        "Enterprise cost management": 31912,
        "Total Operating Expenses": 63411,
        "Total revenue financing activities": 1203,
        "Net profit from business activities": 43159,
        "Profit": 1150,
        "Profit before tax": 44308,
        "Present corporate income tax expenses": 2983,
        "Deferred income taxes expenses": -45,
        "The interests of minority shareholders": 3823,
        "Total Cost of profits": 6761,
        "Profit after tax corporate income": 37547,
        "Volume": 15295000,
        "Close of Quarter": 90.8,
        "EPS": 11686,
        "Non-adjusted EPS": 11686,
        "PE": 7.8,
        "Book Price": 68.1
      }
    },
    {
      "quarter": "Q4 2015",
      "income status": {
        "Net sales": 426558,
        "Cost of goods sold": 273646,
        "Gross Profit": 152911,
        "Financial expenses": 4877,
        "Of which: Interest expense": 2970,
        "Cost of sales": 46946,
        "Enterprise cost management": 56861,
        "Total Operating Expenses": 108684,
        "Total revenue financing activities": 1906,
        "Net profit from business activities": 46133,
        "Profit": 338,
        "Profit before tax": 46472,
        "Present corporate income tax expenses": 5907,
        "Deferred income taxes expenses": -862,
        "The interests of minority shareholders": -749,
        "Total Cost of profits": 4296,
        "Profit after tax corporate income": 42176,
        "Volume": 15295000,
        "Close of Quarter": 91.7,
        "EPS": 9255,
        "Non-adjusted EPS": 9255,
        "PE": 9.9,
        "Book Price": 63.5
      }
    },
    {
      "quarter": "Q3 2015",
      "income status": {
        "Net sales": 173289,
        "Cost of goods sold": 94493,
        "Gross Profit": 78796,
        "Financial expenses": 2134,
        "Of which: Interest expense": 3295,
        "Cost of sales": 16002,
        "Enterprise cost management": 26740,
        "Total Operating Expenses": 44876,
        "Total revenue financing activities": 1720,
        "Net profit from business activities": 35639,
        "Profit": 4868,
        "Profit before tax": 40508,
        "Present corporate income tax expenses": 5440,
        "Deferred income taxes expenses": -101,
        "The interests of minority shareholders": 3997,
        "Total Cost of profits": 9336,
        "Profit after tax corporate income": 31172,
        "Volume": 15295000,
        "Close of Quarter": 97.5,
        "EPS": 9098,
        "Non-adjusted EPS": 9098,
        "PE": 10.7,
        "Book Price": 64.4
      }
    },
    {
      "quarter": "Q2 2015",
      "income status": {
        "Net sales": 468610,
        "Cost of goods sold": 307414,
        "Gross Profit": 161196,
        "Financial expenses": 22715,
        "Of which: Interest expense": 3381,
        "Cost of sales": 45588,
        "Enterprise cost management": 42317,
        "Total Operating Expenses": 110620,
        "Total revenue financing activities": 580,
        "Net profit from business activities": 55539,
        "Profit": 4449,
        "Profit before tax": 59989,
        "Present corporate income tax expenses": 10811,
        "Deferred income taxes expenses": -1159,
        "The interests of minority shareholders": -17511,
        "Total Cost of profits": -7859,
        "Profit after tax corporate income": 67847,
        "Volume": 15295000,
        "Close of Quarter": 91.3,
        "EPS": 8377,
        "Non-adjusted EPS": 8377,
        "PE": 10.9,
        "Book Price": 62.1
      }
    },
    {
      "quarter": "Q1 2015",
      "income status": {
        "Net sales": 180166,
        "Cost of goods sold": 117957,
        "Gross Profit": 62208,
        "Financial expenses": 625,
        "Of which: Interest expense": 322,
        "Cost of sales": 15329,
        "Enterprise cost management": 16182,
        "Total Operating Expenses": 32136,
        "Total revenue financing activities": 1463,
        "Net profit from business activities": 31202,
        "Profit": 159,
        "Profit before tax": 31361,
        "Present corporate income tax expenses": 1261,
        "Deferred income taxes expenses": "N/A",
        "The interests of minority shareholders": 29738,
        "Total Cost of profits": 30999,
        "Profit after tax corporate income": 362,
        "Volume": 15295000,
        "Close of Quarter": 72.0,
        "EPS": 6238,
        "Non-adjusted EPS": 6238,
        "PE": 11.5,
        "Book Price": 49.5
      }
    },
    {
      "quarter": "Q4 2014",
      "income status": {
        "Net sales": 239775,
        "Cost of goods sold": 143488,
        "Gross Profit": 96287,
        "Financial expenses": 2777,
        "Of which: Interest expense": 515,
        "Cost of sales": 34408,
        "Enterprise cost management": 23904,
        "Total Operating Expenses": 61089,
        "Total revenue financing activities": 1716,
        "Net profit from business activities": 39790,
        "Profit": 511,
        "Profit before tax": 40301,
        "Present corporate income tax expenses": 331,
        "Deferred income taxes expenses": "N/A",
        "The interests of minority shareholders": 203,
        "Total Cost of profits": 534,
        "Profit after tax corporate income": 39767,
        "Volume": 15295000,
        "Close of Quarter": 75.3,
        "EPS": 7950,
        "Non-adjusted EPS": 7950,
        "PE": 9.5,
        "Book Price": 48.9
      }
    },
    {
      "quarter": "Q3 2014",
      "income status": {
        "Net sales": 92670,
        "Cost of goods sold": 52754,
        "Gross Profit": 39916,
        "Financial expenses": 654,
        "Of which: Interest expense": 95,
        "Cost of sales": 9473,
        "Enterprise cost management": 10214,
        "Total Operating Expenses": 20341,
        "Total revenue financing activities": 1655,
        "Net profit from business activities": 21266,
        "Profit": 199,
        "Profit before tax": 21465,
        "Present corporate income tax expenses": 1140,
        "Deferred income taxes expenses": "N/A",
        "The interests of minority shareholders": 181,
        "Total Cost of profits": 1321,
        "Profit after tax corporate income": 20144,
        "Volume": 15295000,
        "Close of Quarter": 72.5,
        "EPS": 6611,
        "Non-adjusted EPS": 6611,
        "PE": 11.0,
        "Book Price": 46.8
      }
    },
    {
      "quarter": "Q2 2014",
      "income status": {
        "Net sales": 221410,
        "Cost of goods sold": 125517,
        "Gross Profit": 95893,
        "Financial expenses": 309,
        "Of which: Interest expense": 28,
        "Cost of sales": 42252,
        "Enterprise cost management": 20052,
        "Total Operating Expenses": 62613,
        "Total revenue financing activities": 945,
        "Net profit from business activities": 35355,
        "Profit": 103,
        "Profit before tax": 35458,
        "Present corporate income tax expenses": 465,
        "Deferred income taxes expenses": "N/A",
        "The interests of minority shareholders": -150,
        "Total Cost of profits": 315,
        "Profit after tax corporate income": 35143,
        "Volume": 10029838,
        "Close of Quarter": 72.5,
        "EPS": 6833.7,
        "Non-adjusted EPS": 10421,
        "PE": 7.0,
        "Book Price": 45.3
      }
    },
    {
      "quarter": "Q1 2014",
      "income status": {
        "Net sales": 165281,
        "Cost of goods sold": 110054,
        "Gross Profit": 55227,
        "Financial expenses": -93,
        "Of which: Interest expense": "N/A",
        "Cost of sales": 15774,
        "Enterprise cost management": 13701,
        "Total Operating Expenses": 29382,
        "Total revenue financing activities": 931,
        "Net profit from business activities": 26776,
        "Profit": 155,
        "Profit before tax": 26931,
        "Present corporate income tax expenses": 240,
        "Deferred income taxes expenses": "N/A",
        "The interests of minority shareholders": 150,
        "Total Cost of profits": 390,
        "Profit after tax corporate income": 26541,
        "Volume": 10029838,
        "Close of Quarter": 68.5,
        "EPS": 6446.1,
        "Non-adjusted EPS": 9830,
        "PE": 7.0,
        "Book Price": 23.2
      }
    },
    {
      "quarter": "Q4 2013",
      "income status": {
        "Net sales": 187216,
        "Cost of goods sold": 120295,
        "Gross Profit": 66921,
        "Financial expenses": -221,
        "Of which: Interest expense": 1,
        "Cost of sales": 28930,
        "Enterprise cost management": 20295,
        "Total Operating Expenses": 49004,
        "Total revenue financing activities": 1067,
        "Net profit from business activities": 18984,
        "Profit": 1235,
        "Profit before tax": 20292,
        "Present corporate income tax expenses": 705,
        "Deferred income taxes expenses": "N/A",
        "The interests of minority shareholders": 296,
        "Total Cost of profits": 1001,
        "Profit after tax corporate income": 19292,
        "Volume": 10029838,
        "Close of Quarter": 65.1,
        "EPS": 6241.5,
        "Non-adjusted EPS": 9518,
        "PE": 6.8,
        "Book Price": 21.1
      }
    },
    {
      "quarter": "Q3 2013",
      "income status": {
        "Net sales": 102736,
        "Cost of goods sold": 53751,
        "Gross Profit": 48985,
        "Financial expenses": 1,
        "Of which: Interest expense": 1,
        "Cost of sales": 14406,
        "Enterprise cost management": 11080,
        "Total Operating Expenses": 25487,
        "Total revenue financing activities": 935,
        "Net profit from business activities": 24432,
        "Profit": 416,
        "Profit before tax": 24848,
        "Present corporate income tax expenses": 1290,
        "Deferred income taxes expenses": "N/A",
        "The interests of minority shareholders": 12,
        "Total Cost of profits": 1302,
        "Profit after tax corporate income": 23546,
        "Volume": 10029838,
        "Close of Quarter": 66.8,
        "EPS": 5956.9,
        "Non-adjusted EPS": 9084,
        "PE": 7.4,
        "Book Price": 19.9
      }
    },
    {
      "quarter": "Q2 2013",
      "income status": {
        "Net sales": 179942,
        "Cost of goods sold": 106698,
        "Gross Profit": 73244,
        "Financial expenses": -190,
        "Of which: Interest expense": 2,
        "Cost of sales": 30082,
        "Enterprise cost management": 14978,
        "Total Operating Expenses": 44870,
        "Total revenue financing activities": 1824,
        "Net profit from business activities": 30197,
        "Profit": 134,
        "Profit before tax": 30193,
        "Present corporate income tax expenses": 680,
        "Deferred income taxes expenses": "N/A",
        "The interests of minority shareholders": 295,
        "Total Cost of profits": 975,
        "Profit after tax corporate income": 29218,
        "Volume": 10029838,
        "Close of Quarter": 66.3,
        "EPS": 5510.4,
        "Non-adjusted EPS": 8403,
        "PE": 7.9,
        "Book Price": 19.3
      }
    },
    {
      "quarter": "Q1 2013",
      "income status": {
        "Net sales": 127921,
        "Cost of goods sold": 81590,
        "Gross Profit": 46330,
        "Financial expenses": 3,
        "Of which: Interest expense": 3,
        "Cost of sales": 12496,
        "Enterprise cost management": 11136,
        "Total Operating Expenses": 23635,
        "Total revenue financing activities": 911,
        "Net profit from business activities": 23606,
        "Profit": 140,
        "Profit before tax": 23746,
        "Present corporate income tax expenses": 295,
        "Deferred income taxes expenses": "N/A",
        "The interests of minority shareholders": 46,
        "Total Cost of profits": 341,
        "Profit after tax corporate income": 23406,
        "Volume": 8256161,
        "Close of Quarter": 64.7,
        "EPS": 5383.4,
        "Non-adjusted EPS": 9973,
        "PE": 6.5,
        "Book Price": 17.4
      }
    },
    {
      "quarter": "Q4 2012",
      "income status": {
        "Net sales": 157823,
        "Cost of goods sold": 101921,
        "Gross Profit": 55902,
        "Financial expenses": 273,
        "Of which: Interest expense": 3,
        "Cost of sales": 23241,
        "Enterprise cost management": 18792,
        "Total Operating Expenses": 42306,
        "Total revenue financing activities": 2500,
        "Net profit from business activities": 16097,
        "Profit": 727,
        "Profit before tax": 16364,
        "Present corporate income tax expenses": 966,
        "Deferred income taxes expenses": "N/A",
        "The interests of minority shareholders": 452,
        "Total Cost of profits": 1418,
        "Profit after tax corporate income": 14946,
        "Volume": 8256161,
        "Close of Quarter": 37.7,
        "EPS": 5073.5,
        "Non-adjusted EPS": 9399,
        "PE": 4.0,
        "Book Price": 17.5
      }
    },
    {
      "quarter": "Q3 2012",
      "income status": {
        "Net sales": 90791,
        "Cost of goods sold": 54822,
        "Gross Profit": 35969,
        "Financial expenses": 4,
        "Of which: Interest expense": 4,
        "Cost of sales": 10100,
        "Enterprise cost management": 9722,
        "Total Operating Expenses": 19826,
        "Total revenue financing activities": 272,
        "Net profit from business activities": 16415,
        "Profit": 257,
        "Profit before tax": 16673,
        "Present corporate income tax expenses": 27,
        "Deferred income taxes expenses": "N/A",
        "The interests of minority shareholders": -65,
        "Total Cost of profits": -38,
        "Profit after tax corporate income": 16710,
        "Volume": 8256161,
        "Close of Quarter": 27.7,
        "EPS": 4793.9,
        "Non-adjusted EPS": 8881,
        "PE": 3.1,
        "Book Price": 17.3
      }
    },
    {
      "quarter": "Q2 2012",
      "income status": {
        "Net sales": 171518,
        "Cost of goods sold": 106144,
        "Gross Profit": 65374,
        "Financial expenses": -59,
        "Of which: Interest expense": 141,
        "Cost of sales": 28061,
        "Enterprise cost management": 11219,
        "Total Operating Expenses": 39221,
        "Total revenue financing activities": 1641,
        "Net profit from business activities": 27795,
        "Profit": 421,
        "Profit before tax": 28200,
        "Present corporate income tax expenses": 569,
        "Deferred income taxes expenses": "N/A",
        "The interests of minority shareholders": 352,
        "Total Cost of profits": 921,
        "Profit after tax corporate income": 27279,
        "Volume": 8256161,
        "Close of Quarter": 25.7,
        "EPS": 4553.7,
        "Non-adjusted EPS": 8436,
        "PE": 3.1,
        "Book Price": 16.2
      }
    },
    {
      "quarter": "Q1 2012",
      "income status": {
        "Net sales": 127458,
        "Cost of goods sold": 85744,
        "Gross Profit": 41714,
        "Financial expenses": 5,
        "Of which: Interest expense": 5,
        "Cost of sales": 12226,
        "Enterprise cost management": 11651,
        "Total Operating Expenses": 23882,
        "Total revenue financing activities": 443,
        "Net profit from business activities": 18275,
        "Profit": 438,
        "Profit before tax": 18713,
        "Present corporate income tax expenses": 165,
        "Deferred income taxes expenses": "N/A",
        "The interests of minority shareholders": -120,
        "Total Cost of profits": 45,
        "Profit after tax corporate income": 18668,
        "Volume": 8256161,
        "Close of Quarter": 27.9,
        "EPS": 4452.2,
        "Non-adjusted EPS": 8248,
        "PE": 3.4,
        "Book Price": 14.4
      }
    },
    {
      "quarter": "Q4 2011",
      "income status": {
        "Net sales": 151195,
        "Cost of goods sold": 106422,
        "Gross Profit": 44774,
        "Financial expenses": 330,
        "Of which: Interest expense": 6,
        "Cost of sales": 20623,
        "Enterprise cost management": 13210,
        "Total Operating Expenses": 34163,
        "Total revenue financing activities": 683,
        "Net profit from business activities": 11295,
        "Profit": -94,
        "Profit before tax": 11382,
        "Present corporate income tax expenses": 380,
        "Deferred income taxes expenses": "N/A",
        "The interests of minority shareholders": 332,
        "Total Cost of profits": 712,
        "Profit after tax corporate income": 10670,
        "Volume": 8256161,
        "Close of Quarter": 26.6,
        "EPS": 4051.2,
        "Non-adjusted EPS": 7505,
        "PE": 3.6,
        "Book Price": 14.0
      }
    },
    {
      "quarter": "Q3 2011",
      "income status": {
        "Net sales": 64813,
        "Cost of goods sold": 38282,
        "Gross Profit": 26531,
        "Financial expenses": 6,
        "Of which: Interest expense": 6,
        "Cost of sales": 9049,
        "Enterprise cost management": 5814,
        "Total Operating Expenses": 14869,
        "Total revenue financing activities": 1617,
        "Net profit from business activities": 13279,
        "Profit": 234,
        "Profit before tax": 13514,
        "Present corporate income tax expenses": 459,
        "Deferred income taxes expenses": 3,
        "The interests of minority shareholders": 20,
        "Total Cost of profits": 482,
        "Profit after tax corporate income": 13031,
        "Volume": 8014161,
        "Close of Quarter": 19.9,
        "EPS": 4026.2,
        "Non-adjusted EPS": 7684,
        "PE": 2.6,
        "Book Price": 14.0
      }
    },
    {
      "quarter": "Q2 2011",
      "income status": {
        "Net sales": 165375,
        "Cost of goods sold": 106073,
        "Gross Profit": 59302,
        "Financial expenses": 708,
        "Of which: Interest expense": 6,
        "Cost of sales": 24447,
        "Enterprise cost management": 11909,
        "Total Operating Expenses": 37064,
        "Total revenue financing activities": 1545,
        "Net profit from business activities": 23783,
        "Profit": 52,
        "Profit before tax": 23835,
        "Present corporate income tax expenses": -1895,
        "Deferred income taxes expenses": "N/A",
        "The interests of minority shareholders": "N/A",
        "Total Cost of profits": -1895,
        "Profit after tax corporate income": 25730,
        "Volume": 8014161,
        "Close of Quarter": 19.3,
        "EPS": 3677.2,
        "Non-adjusted EPS": 7018,
        "PE": 2.8,
        "Book Price": 13.7
      }
    },
    {
      "quarter": "Q1 2011",
      "income status": {
        "Net sales": 97544,
        "Cost of goods sold": 68871,
        "Gross Profit": 28673,
        "Financial expenses": 76,
        "Of which: Interest expense": 8,
        "Cost of sales": 7585,
        "Enterprise cost management": 6655,
        "Total Operating Expenses": 14316,
        "Total revenue financing activities": 810,
        "Net profit from business activities": 15167,
        "Profit": 189,
        "Profit before tax": 15356,
        "Present corporate income tax expenses": 2672,
        "Deferred income taxes expenses": 8,
        "The interests of minority shareholders": 141,
        "Total Cost of profits": 2821,
        "Profit after tax corporate income": 12535,
        "Volume": 8014161,
        "Close of Quarter": 20.7,
        "EPS": 3024.9,
        "Non-adjusted EPS": 5773,
        "PE": 3.6,
        "Book Price": 12.1
      }
    },
    {
      "quarter": "Q4 2010",
      "income status": {
        "Net sales": 155829,
        "Cost of goods sold": 113478,
        "Gross Profit": 42351,
        "Financial expenses": -232,
        "Of which: Interest expense": 71,
        "Cost of sales": 17393,
        "Enterprise cost management": 12108,
        "Total Operating Expenses": 29269,
        "Total revenue financing activities": 601,
        "Net profit from business activities": 13682,
        "Profit": 36,
        "Profit before tax": 13717,
        "Present corporate income tax expenses": 3429,
        "Deferred income taxes expenses": "N/A",
        "The interests of minority shareholders": "N/A",
        "Total Cost of profits": 3429,
        "Profit after tax corporate income": 10288,
        "Volume": 8014161,
        "Close of Quarter": 19.6,
        "EPS": 2825.3,
        "Non-adjusted EPS": 5392,
        "PE": 3.6,
        "Book Price": 13.4
      }
    },
    {
      "quarter": "Q3 2010",
      "income status": {
        "Net sales": 50410,
        "Cost of goods sold": 31347,
        "Gross Profit": 19063,
        "Financial expenses": 12,
        "Of which: Interest expense": 9,
        "Cost of sales": 3696,
        "Enterprise cost management": 5745,
        "Total Operating Expenses": 9453,
        "Total revenue financing activities": 523,
        "Net profit from business activities": 10134,
        "Profit": 119,
        "Profit before tax": 10253,
        "Present corporate income tax expenses": 2563,
        "Deferred income taxes expenses": "N/A",
        "The interests of minority shareholders": "N/A",
        "Total Cost of profits": 2563,
        "Profit after tax corporate income": 7690,
        "Volume": 8014161,
        "Close of Quarter": 21.0,
        "EPS": 2622.5,
        "Non-adjusted EPS": 5005,
        "PE": 4.2,
        "Book Price": 12.5
      }
    },
    {
      "quarter": "Q2 2010",
      "income status": {
        "Net sales": 114610,
        "Cost of goods sold": 73061,
        "Gross Profit": 41549,
        "Financial expenses": 628,
        "Of which: Interest expense": 17,
        "Cost of sales": 15953,
        "Enterprise cost management": 4880,
        "Total Operating Expenses": 21461,
        "Total revenue financing activities": 344,
        "Net profit from business activities": 20433,
        "Profit": 578,
        "Profit before tax": 21011,
        "Present corporate income tax expenses": 5255,
        "Deferred income taxes expenses": "N/A",
        "The interests of minority shareholders": "N/A",
        "Total Cost of profits": 5255,
        "Profit after tax corporate income": 15756,
        "Volume": 8014161,
        "Close of Quarter": 20.3,
        "EPS": 2518.7,
        "Non-adjusted EPS": 4807,
        "PE": 4.2,
        "Book Price": 12.0
      }
    },
    {
      "quarter": "Q1 2010",
      "income status": {
        "Net sales": 70040,
        "Cost of goods sold": 47925,
        "Gross Profit": 22115,
        "Financial expenses": 436,
        "Of which: Interest expense": "N/A",
        "Cost of sales": 5632,
        "Enterprise cost management": 4550,
        "Total Operating Expenses": 10618,
        "Total revenue financing activities": 1129,
        "Net profit from business activities": 12626,
        "Profit": 14,
        "Profit before tax": 12640,
        "Present corporate income tax expenses": 3161,
        "Deferred income taxes expenses": "N/A",
        "The interests of minority shareholders": "N/A",
        "Total Cost of profits": 3161,
        "Profit after tax corporate income": 9479,
        "Volume": 8014161,
        "Close of Quarter": 21.0,
        "EPS": 2338.5,
        "Non-adjusted EPS": 4463,
        "PE": 4.7,
        "Book Price": 10.9
      }
    },
    {
      "quarter": "Q4 2009",
      "income status": {
        "Net sales": 99211,
        "Cost of goods sold": 76303,
        "Gross Profit": 22909,
        "Financial expenses": -440,
        "Of which: Interest expense": 9,
        "Cost of sales": 12129,
        "Enterprise cost management": 5453,
        "Total Operating Expenses": 17142,
        "Total revenue financing activities": 1920,
        "Net profit from business activities": 7685,
        "Profit": 142,
        "Profit before tax": 7827,
        "Present corporate income tax expenses": 639,
        "Deferred income taxes expenses": "N/A",
        "The interests of minority shareholders": "N/A",
        "Total Cost of profits": 639,
        "Profit after tax corporate income": 7188,
        "Volume": 8014161,
        "Close of Quarter": 20.5,
        "EPS": 2220.6,
        "Non-adjusted EPS": 4238,
        "PE": 4.8,
        "Book Price": 11.3
      }
    },
    {
      "quarter": "Q3 2009",
      "income status": {
        "Net sales": 34101,
        "Cost of goods sold": 20929,
        "Gross Profit": 13172,
        "Financial expenses": 21,
        "Of which: Interest expense": 9,
        "Cost of sales": 1649,
        "Enterprise cost management": 5225,
        "Total Operating Expenses": 6895,
        "Total revenue financing activities": 1035,
        "Net profit from business activities": 7313,
        "Profit": 37,
        "Profit before tax": 7349,
        "Present corporate income tax expenses": 1246,
        "Deferred income taxes expenses": "N/A",
        "The interests of minority shareholders": "N/A",
        "Total Cost of profits": 1246,
        "Profit after tax corporate income": 6104,
        "Volume": 5765950,
        "Close of Quarter": 29.8,
        "EPS": 2203.5,
        "Non-adjusted EPS": 5845,
        "PE": 5.1,
        "Book Price": 10.9
      }
    },
    {
      "quarter": "Q2 2009",
      "income status": {
        "Net sales": 90821,
        "Cost of goods sold": 57541,
        "Gross Profit": 33280,
        "Financial expenses": 503,
        "Of which: Interest expense": "N/A",
        "Cost of sales": 14602,
        "Enterprise cost management": 4500,
        "Total Operating Expenses": 19605,
        "Total revenue financing activities": 1656,
        "Net profit from business activities": 15330,
        "Profit": 503,
        "Profit before tax": 15833,
        "Present corporate income tax expenses": 2838,
        "Deferred income taxes expenses": "N/A",
        "The interests of minority shareholders": "N/A",
        "Total Cost of profits": 2838,
        "Profit after tax corporate income": 12995,
        "Volume": 5765950,
        "Close of Quarter": 18.6,
        "EPS": 2101.7,
        "Non-adjusted EPS": 5575,
        "PE": 3.3,
        "Book Price": 10.7
      }
    },
    {
      "quarter": "Q1 2009",
      "income status": {
        "Net sales": 45505,
        "Cost of goods sold": 30549,
        "Gross Profit": 14956,
        "Financial expenses": 8,
        "Of which: Interest expense": 8,
        "Cost of sales": 4141,
        "Enterprise cost management": 2345,
        "Total Operating Expenses": 6494,
        "Total revenue financing activities": 630,
        "Net profit from business activities": 9092,
        "Profit": 215,
        "Profit before tax": 9306,
        "Present corporate income tax expenses": 1629,
        "Deferred income taxes expenses": "N/A",
        "The interests of minority shareholders": "N/A",
        "Total Cost of profits": 1629,
        "Profit after tax corporate income": 7677,
        "Volume": 5765950,
        "Close of Quarter": 10.9,
        "EPS": 1999.9,
        "Non-adjusted EPS": 5305,
        "PE": 2.1,
        "Book Price": 9.9
      }
    },
    {
      "quarter": "Q4 2008",
      "income status": {
        "Net sales": 92593,
        "Cost of goods sold": 71297,
        "Gross Profit": 21295,
        "Financial expenses": 1821,
        "Of which: Interest expense": 17,
        "Cost of sales": 14184,
        "Enterprise cost management": 4831,
        "Total Operating Expenses": 20836,
        "Total revenue financing activities": 5139,
        "Net profit from business activities": 5600,
        "Profit": 1327,
        "Profit before tax": 6927,
        "Present corporate income tax expenses": "N/A",
        "Deferred income taxes expenses": "N/A",
        "The interests of minority shareholders": "N/A",
        "Total Cost of profits": 0,
        "Profit after tax corporate income": 6927,
        "Volume": 5765950,
        "Close of Quarter": 8.7,
        "EPS": 1853.3,
        "Non-adjusted EPS": 4916,
        "PE": 1.8,
        "Book Price": 9.5
      }
    },
    {
      "quarter": "Q3 2008",
      "income status": {
        "Net sales": 12776,
        "Cost of goods sold": 6620,
        "Gross Profit": 6157,
        "Financial expenses": 1284,
        "Of which: Interest expense": "N/A",
        "Cost of sales": 1494,
        "Enterprise cost management": 965,
        "Total Operating Expenses": 3743,
        "Total revenue financing activities": 2112,
        "Net profit from business activities": 4525,
        "Profit": 127,
        "Profit before tax": 4652,
        "Present corporate income tax expenses": 106,
        "Deferred income taxes expenses": "N/A",
        "The interests of minority shareholders": "N/A",
        "Total Cost of profits": 106,
        "Profit after tax corporate income": 4546,
        "Volume": 5765950,
        "Close of Quarter": 10.2,
        "EPS": 1737.5,
        "Non-adjusted EPS": 4609,
        "PE": 2.2,
        "Book Price": 9.8
      }
    },
    {
      "quarter": "Q2 2008",
      "income status": {
        "Net sales": 74223,
        "Cost of goods sold": 46968,
        "Gross Profit": 27254,
        "Financial expenses": 604,
        "Of which: Interest expense": 11,
        "Cost of sales": 14008,
        "Enterprise cost management": 3202,
        "Total Operating Expenses": 17814,
        "Total revenue financing activities": 1961,
        "Net profit from business activities": 11401,
        "Profit": 38,
        "Profit before tax": 11439,
        "Present corporate income tax expenses": "N/A",
        "Deferred income taxes expenses": "N/A",
        "The interests of minority shareholders": "N/A",
        "Total Cost of profits": 0,
        "Profit after tax corporate income": 11439,
        "Volume": 5765950,
        "Close of Quarter": 7.8,
        "EPS": 1583.7,
        "Non-adjusted EPS": 4201,
        "PE": 1.9,
        "Book Price": 9.4
      }
    },
    {
      "quarter": "Q1 2008",
      "income status": {
        "Net sales": 34806,
        "Cost of goods sold": 21793,
        "Gross Profit": 13013,
        "Financial expenses": 14,
        "Of which: Interest expense": 14,
        "Cost of sales": 5344,
        "Enterprise cost management": 2427,
        "Total Operating Expenses": 7785,
        "Total revenue financing activities": 207,
        "Net profit from business activities": 5435,
        "Profit": -1,
        "Profit before tax": 5434,
        "Present corporate income tax expenses": "N/A",
        "Deferred income taxes expenses": "N/A",
        "The interests of minority shareholders": "N/A",
        "Total Cost of profits": 0,
        "Profit after tax corporate income": 5434,
        "Volume": 5765950,
        "Close of Quarter": 8.7,
        "EPS": 1072.5,
        "Non-adjusted EPS": 2845,
        "PE": 3.1,
        "Book Price": 8.6
      }
    },
    {
      "quarter": "Q4 2007",
      "income status": {
        "Net sales": 72150,
        "Cost of goods sold": 52820,
        "Gross Profit": 19329,
        "Financial expenses": 129,
        "Of which: Interest expense": 70,
        "Cost of sales": 12484,
        "Enterprise cost management": 1799,
        "Total Operating Expenses": 14412,
        "Total revenue financing activities": 231,
        "Net profit from business activities": 5148,
        "Profit": 11,
        "Profit before tax": 5159,
        "Present corporate income tax expenses": "N/A",
        "Deferred income taxes expenses": "N/A",
        "The interests of minority shareholders": "N/A",
        "Total Cost of profits": 0,
        "Profit after tax corporate income": 5159,
        "Volume": 3600000,
        "Close of Quarter": 16.2,
        "EPS": 885.7,
        "Non-adjusted EPS": 3763,
        "PE": 4.3,
        "Book Price": 4.7
      }
    },
    {
      "quarter": "Q3 2007",
      "income status": {
        "Net sales": 10137,
        "Cost of goods sold": 5658,
        "Gross Profit": 4479,
        "Financial expenses": 18,
        "Of which: Interest expense": "N/A",
        "Cost of sales": 1789,
        "Enterprise cost management": 558,
        "Total Operating Expenses": 2365,
        "Total revenue financing activities": 69,
        "Net profit from business activities": 2183,
        "Profit": 7,
        "Profit before tax": 2190,
        "Present corporate income tax expenses": "N/A",
        "Deferred income taxes expenses": "N/A",
        "The interests of minority shareholders": "N/A",
        "Total Cost of profits": 0,
        "Profit after tax corporate income": 2190,
        "Volume": 3000000,
        "Close of Quarter": 15.5,
        "EPS": 868.3,
        "Non-adjusted EPS": 4427,
        "PE": 3.5,
        "Book Price": 4.4
      }
    },
    {
      "quarter": "Q2 2007",
      "income status": {
        "Net sales": 39584,
        "Cost of goods sold": 28116,
        "Gross Profit": 11468,
        "Financial expenses": 15,
        "Of which: Interest expense": "N/A",
        "Cost of sales": 7232,
        "Enterprise cost management": 1153,
        "Total Operating Expenses": 8400,
        "Total revenue financing activities": 535,
        "Net profit from business activities": 3603,
        "Profit": 19,
        "Profit before tax": 3622,
        "Present corporate income tax expenses": "N/A",
        "Deferred income taxes expenses": "N/A",
        "The interests of minority shareholders": "N/A",
        "Total Cost of profits": 0,
        "Profit after tax corporate income": 3622,
        "Volume": 3000000,
        "Close of Quarter": 15.3,
        "EPS": 756.9,
        "Non-adjusted EPS": 3859,
        "PE": 4.0,
        "Book Price": 4.4
      }
    },
    {
      "quarter": "Q1 2007",
      "income status": {
        "Net sales": 18517,
        "Cost of goods sold": 11765,
        "Gross Profit": 6752,
        "Financial expenses": "N/A",
        "Of which: Interest expense": "N/A",
        "Cost of sales": 3136,
        "Enterprise cost management": 1169,
        "Total Operating Expenses": 4305,
        "Total revenue financing activities": 116,
        "Net profit from business activities": 2563,
        "Profit": 12,
        "Profit before tax": 2575,
        "Present corporate income tax expenses": "N/A",
        "Deferred income taxes expenses": "N/A",
        "The interests of minority shareholders": "N/A",
        "Total Cost of profits": 0,
        "Profit after tax corporate income": 2575,
        "Volume": 3000000,
        "Close of Quarter": 18.9,
        "EPS": 685.5,
        "Non-adjusted EPS": 3495,
        "PE": 5.4,
        "Book Price": 4.0
      }
    },
    {
      "quarter": "Q4 2006",
      "income status": {
        "Net sales": 52605,
        "Cost of goods sold": 38992,
        "Gross Profit": 13614,
        "Financial expenses": 541,
        "Of which: Interest expense": "N/A",
        "Cost of sales": 7718,
        "Enterprise cost management": 1606,
        "Total Operating Expenses": 9865,
        "Total revenue financing activities": 346,
        "Net profit from business activities": 4094,
        "Profit": 204,
        "Profit before tax": 4299,
        "Present corporate income tax expenses": -595,
        "Deferred income taxes expenses": "N/A",
        "The interests of minority shareholders": "N/A",
        "Total Cost of profits": -595,
        "Profit after tax corporate income": 4894,
        "Volume": 3000000,
        "Close of Quarter": 13.2,
        "EPS": 592.4,
        "Non-adjusted EPS": 3020,
        "PE": 4.4,
        "Book Price": 4.1
      }
    },
    {
      "quarter": "Q3 2006",
      "income status": {
        "Net sales": 3553,
        "Cost of goods sold": 2059,
        "Gross Profit": 1494,
        "Financial expenses": 28,
        "Of which: Interest expense": "N/A",
        "Cost of sales": 611,
        "Enterprise cost management": 432,
        "Total Operating Expenses": 1071,
        "Total revenue financing activities": 46,
        "Net profit from business activities": 469,
        "Profit": 14,
        "Profit before tax": 482,
        "Present corporate income tax expenses": -4,
        "Deferred income taxes expenses": "N/A",
        "The interests of minority shareholders": "N/A",
        "Total Cost of profits": -4,
        "Profit after tax corporate income": 486,
        "Volume": 3000000,
        "Close of Quarter": "N/A",
        "EPS": 272.3,
        "Non-adjusted EPS": 1388,
        "PE": "N/A",
        "Book Price": "N/A"
      }
    },
    {
      "quarter": "Q2 2006",
      "income status": {
        "Net sales": 34623,
        "Cost of goods sold": 24588,
        "Gross Profit": 10035,
        "Financial expenses": 22,
        "Of which: Interest expense": "N/A",
        "Cost of sales": 5440,
        "Enterprise cost management": 1726,
        "Total Operating Expenses": 7188,
        "Total revenue financing activities": 84,
        "Net profit from business activities": 2932,
        "Profit": 9,
        "Profit before tax": 2941,
        "Present corporate income tax expenses": 412,
        "Deferred income taxes expenses": "N/A",
        "The interests of minority shareholders": "N/A",
        "Total Cost of profits": 412,
        "Profit after tax corporate income": 2529,
        "Volume": 3000000,
        "Close of Quarter": "N/A",
        "EPS": 240.5,
        "Non-adjusted EPS": 1226,
        "PE": "N/A",
        "Book Price": "N/A"
      }
    },
    {
      "quarter": "Q1 2006",
      "income status": {
        "Net sales": 11798,
        "Cost of goods sold": 7365,
        "Gross Profit": 4433,
        "Financial expenses": 21,
        "Of which: Interest expense": "N/A",
        "Cost of sales": 2224,
        "Enterprise cost management": 894,
        "Total Operating Expenses": 3139,
        "Total revenue financing activities": 38,
        "Net profit from business activities": 1332,
        "Profit": 5,
        "Profit before tax": 1337,
        "Present corporate income tax expenses": 187,
        "Deferred income taxes expenses": "N/A",
        "The interests of minority shareholders": "N/A",
        "Total Cost of profits": 187,
        "Profit after tax corporate income": 1150,
        "Volume": 3000000,
        "Close of Quarter": "N/A",
        "EPS": 75.1,
        "Non-adjusted EPS": 383,
        "PE": "N/A",
        "Book Price": "N/A"
      }
    }
  ]
}