{
  "ticker": "MPC",
  "data": [
    {
      "quarter": "Q4 2014",
      "income status": {
        "Net sales": 4296854,
        "Cost of goods sold": 3747893,
        "Gross Profit": 548961,
        "Financial expenses": 81819,
        "Of which: Interest expense": 46015,
        "Cost of sales": 198330,
        "Enterprise cost management": 43534,
        "Total Operating Expenses": 323683,
        "Total revenue financing activities": 49740,
        "Net profit from business activities": 275018,
        "Profit": -5868,
        "Profit before tax": 269150,
        "Present corporate income tax expenses": 25048,
        "Deferred income taxes expenses": 21242,
        "The interests of minority shareholders": 32907,
        "Total Cost of profits": 79197,
        "Profit after tax corporate income": 189954,
        "Volume": 70000000,
        "Close of Quarter": 105,
        "EPS": 10787,
        "Non-adjusted EPS": 10787,
        "PE": 9.7,
        "Book Price": 25.5
      }
    },
    {
      "quarter": "Q3 2014",
      "income status": {
        "Net sales": 4553675,
        "Cost of goods sold": 4019463,
        "Gross Profit": 534212,
        "Financial expenses": 50605,
        "Of which: Interest expense": 39870,
        "Cost of sales": 211504,
        "Enterprise cost management": 48602,
        "Total Operating Expenses": 310711,
        "Total revenue financing activities": 47819,
        "Net profit from business activities": 271320,
        "Profit": -2080,
        "Profit before tax": 269240,
        "Present corporate income tax expenses": 34748,
        "Deferred income taxes expenses": "N/A",
        "The interests of minority shareholders": 36986,
        "Total Cost of profits": 71734,
        "Profit after tax corporate income": 197506,
        "Volume": 70000000,
        "Close of Quarter": 69,
        "EPS": 9709,
        "Non-adjusted EPS": 9709,
        "PE": 7.1,
        "Book Price": 28.6
      }
    },
    {
      "quarter": "Q2 2014",
      "income status": {
        "Net sales": 3451668,
        "Cost of goods sold": 2913222,
        "Gross Profit": 538446,
        "Financial expenses": 72088,
        "Of which: Interest expense": 33757,
        "Cost of sales": 163437,
        "Enterprise cost management": 37532,
        "Total Operating Expenses": 273057,
        "Total revenue financing activities": 21842,
        "Net profit from business activities": 287232,
        "Profit": 953,
        "Profit before tax": 288184,
        "Present corporate income tax expenses": 27052,
        "Deferred income taxes expenses": 1902,
        "The interests of minority shareholders": 56709,
        "Total Cost of profits": 85663,
        "Profit after tax corporate income": 202521,
        "Volume": 70000000,
        "Close of Quarter": 34.2,
        "EPS": 8771,
        "Non-adjusted EPS": 8771,
        "PE": 3.9,
        "Book Price": 26.1
      }
    },
    {
      "quarter": "Q1 2014",
      "income status": {
        "Net sales": 2792543,
        "Cost of goods sold": 2397838,
        "Gross Profit": 394706,
        "Financial expenses": 53187,
        "Of which: Interest expense": 47492,
        "Cost of sales": 121444,
        "Enterprise cost management": 28170,
        "Total Operating Expenses": 202801,
        "Total revenue financing activities": 27235,
        "Net profit from business activities": 219140,
        "Profit": 1824,
        "Profit before tax": 220964,
        "Present corporate income tax expenses": 25396,
        "Deferred income taxes expenses": -8898,
        "The interests of minority shareholders": 39370,
        "Total Cost of profits": 55868,
        "Profit after tax corporate income": 165096,
        "Volume": 70000000,
        "Close of Quarter": 26.9,
        "EPS": 5963,
        "Non-adjusted EPS": 5963,
        "PE": 4.5,
        "Book Price": 24.9
      }
    },
    {
      "quarter": "Q4 2013",
      "income status": {
        "Net sales": 3782126,
        "Cost of goods sold": 3436633,
        "Gross Profit": 345493,
        "Financial expenses": 51418,
        "Of which: Interest expense": 57304,
        "Cost of sales": 137793,
        "Enterprise cost management": 33893,
        "Total Operating Expenses": 223104,
        "Total revenue financing activities": 36033,
        "Net profit from business activities": 158422,
        "Profit": -13124,
        "Profit before tax": 145298,
        "Present corporate income tax expenses": 9561,
        "Deferred income taxes expenses": 2310,
        "The interests of minority shareholders": 18930,
        "Total Cost of profits": 30801,
        "Profit after tax corporate income": 114497,
        "Volume": 70000000,
        "Close of Quarter": 21.6,
        "EPS": 3859,
        "Non-adjusted EPS": 3859,
        "PE": 5.6,
        "Book Price": 22.6
      }
    },
    {
      "quarter": "Q3 2013",
      "income status": {
        "Net sales": 3647462,
        "Cost of goods sold": 3247669,
        "Gross Profit": 399792,
        "Financial expenses": 79717,
        "Of which: Interest expense": 64617,
        "Cost of sales": 157081,
        "Enterprise cost management": 28575,
        "Total Operating Expenses": 265373,
        "Total revenue financing activities": 33312,
        "Net profit from business activities": 167731,
        "Profit": 1289,
        "Profit before tax": 169020,
        "Present corporate income tax expenses": 32548,
        "Deferred income taxes expenses": "N/A",
        "The interests of minority shareholders": 4608,
        "Total Cost of profits": 37156,
        "Profit after tax corporate income": 131864,
        "Volume": 70000000,
        "Close of Quarter": 23.9,
        "EPS": 2395,
        "Non-adjusted EPS": 2395,
        "PE": 10.0,
        "Book Price": 20.5
      }
    },
    {
      "quarter": "Q2 2013",
      "income status": {
        "Net sales": 2206170,
        "Cost of goods sold": 1955858,
        "Gross Profit": 250313,
        "Financial expenses": 116134,
        "Of which: Interest expense": 72863,
        "Cost of sales": 111509,
        "Enterprise cost management": 24591,
        "Total Operating Expenses": 252234,
        "Total revenue financing activities": 22717,
        "Net profit from business activities": 20796,
        "Profit": 1296,
        "Profit before tax": 22092,
        "Present corporate income tax expenses": 1886,
        "Deferred income taxes expenses": 14172,
        "The interests of minority shareholders": 61,
        "Total Cost of profits": 16119,
        "Profit after tax corporate income": 5973,
        "Volume": 70000000,
        "Close of Quarter": 23.4,
        "EPS": 754,
        "Non-adjusted EPS": 754,
        "PE": 31.0,
        "Book Price": 18.7
      }
    },
    {
      "quarter": "Q1 2013",
      "income status": {
        "Net sales": 1476192,
        "Cost of goods sold": 1315469,
        "Gross Profit": 160723,
        "Financial expenses": 58252,
        "Of which: Interest expense": 55132,
        "Cost of sales": 71664,
        "Enterprise cost management": 23546,
        "Total Operating Expenses": 153462,
        "Total revenue financing activities": 21697,
        "Net profit from business activities": 28957,
        "Profit": 389,
        "Profit before tax": 29346,
        "Present corporate income tax expenses": 11445,
        "Deferred income taxes expenses": "N/A",
        "The interests of minority shareholders": 97,
        "Total Cost of profits": 11542,
        "Profit after tax corporate income": 17804,
        "Volume": 70000000,
        "Close of Quarter": 19.7,
        "EPS": 641,
        "Non-adjusted EPS": 641,
        "PE": 30.7,
        "Book Price": 19
      }
    },
    {
      "quarter": "Q4 2012",
      "income status": {
        "Net sales": 2121592,
        "Cost of goods sold": 1886815,
        "Gross Profit": 234777,
        "Financial expenses": 83600,
        "Of which: Interest expense": 77464,
        "Cost of sales": 118929,
        "Enterprise cost management": 30135,
        "Total Operating Expenses": 232664,
        "Total revenue financing activities": 17739,
        "Net profit from business activities": 19851,
        "Profit": -2562,
        "Profit before tax": 17289,
        "Present corporate income tax expenses": 6531,
        "Deferred income taxes expenses": -1513,
        "The interests of minority shareholders": 287,
        "Total Cost of profits": 5305,
        "Profit after tax corporate income": 11984,
        "Volume": 70000000,
        "Close of Quarter": 26.8,
        "EPS": 1300,
        "Non-adjusted EPS": 1300,
        "PE": 20.6,
        "Book Price": 22.3
      }
    },
    {
      "quarter": "Q3 2012",
      "income status": {
        "Net sales": 1884180,
        "Cost of goods sold": 1653342,
        "Gross Profit": 230838,
        "Financial expenses": 84944,
        "Of which: Interest expense": 83567,
        "Cost of sales": 105301,
        "Enterprise cost management": 25050,
        "Total Operating Expenses": 215295,
        "Total revenue financing activities": 5058,
        "Net profit from business activities": 20601,
        "Profit": -188,
        "Profit before tax": 20413,
        "Present corporate income tax expenses": 3478,
        "Deferred income taxes expenses": "N/A",
        "The interests of minority shareholders": -64,
        "Total Cost of profits": 3414,
        "Profit after tax corporate income": 16999,
        "Volume": 70000000,
        "Close of Quarter": 28.5,
        "EPS": 2004,
        "Non-adjusted EPS": 2004,
        "PE": 14.2,
        "Book Price": 22.6
      }
    },
    {
      "quarter": "Q2 2012",
      "income status": {
        "Net sales": 2141702,
        "Cost of goods sold": 1879228,
        "Gross Profit": 262474,
        "Financial expenses": 140917,
        "Of which: Interest expense": 140160,
        "Cost of sales": 108751,
        "Enterprise cost management": 26901,
        "Total Operating Expenses": 276569,
        "Total revenue financing activities": 21005,
        "Net profit from business activities": 6909,
        "Profit": 942,
        "Profit before tax": 7852,
        "Present corporate income tax expenses": 1111,
        "Deferred income taxes expenses": 9028,
        "The interests of minority shareholders": -353,
        "Total Cost of profits": 9786,
        "Profit after tax corporate income": -1935,
        "Volume": 70000000,
        "Close of Quarter": 23.6,
        "EPS": 3454,
        "Non-adjusted EPS": 3454,
        "PE": 6.8,
        "Book Price": 22.4
      }
    },
    {
      "quarter": "Q1 2012",
      "income status": {
        "Net sales": 1650735,
        "Cost of goods sold": 1392369,
        "Gross Profit": 258366,
        "Financial expenses": 114539,
        "Of which: Interest expense": 115544,
        "Cost of sales": 67391,
        "Enterprise cost management": 29929,
        "Total Operating Expenses": 211859,
        "Total revenue financing activities": 22949,
        "Net profit from business activities": 69456,
        "Profit": 819,
        "Profit before tax": 70275,
        "Present corporate income tax expenses": 7014,
        "Deferred income taxes expenses": "N/A",
        "The interests of minority shareholders": -658,
        "Total Cost of profits": 6356,
        "Profit after tax corporate income": 63919,
        "Volume": 70000000,
        "Close of Quarter": 24.0,
        "EPS": 4023,
        "Non-adjusted EPS": 4023,
        "PE": 6.0,
        "Book Price": 23
      }
    },
    {
      "quarter": "Q4 2011",
      "income status": {
        "Net sales": 2155681,
        "Cost of goods sold": 1848308,
        "Gross Profit": 307373,
        "Financial expenses": 136273,
        "Of which: Interest expense": 129798,
        "Cost of sales": 96943,
        "Enterprise cost management": 26089,
        "Total Operating Expenses": 259305,
        "Total revenue financing activities": 24702,
        "Net profit from business activities": 72771,
        "Profit": 6308,
        "Profit before tax": 79079,
        "Present corporate income tax expenses": 12971,
        "Deferred income taxes expenses": 2039,
        "The interests of minority shareholders": 2791,
        "Total Cost of profits": 17801,
        "Profit after tax corporate income": 61278,
        "Volume": 70000000,
        "Close of Quarter": 12.1,
        "EPS": 3808,
        "Non-adjusted EPS": 3808,
        "PE": 3.2,
        "Book Price": 21.9
      }
    },
    {
      "quarter": "Q3 2011",
      "income status": {
        "Net sales": 1977627,
        "Cost of goods sold": 1652758,
        "Gross Profit": 324869,
        "Financial expenses": 91729,
        "Of which: Interest expense": 91785,
        "Cost of sales": 81397,
        "Enterprise cost management": 26448,
        "Total Operating Expenses": 199574,
        "Total revenue financing activities": 15174,
        "Net profit from business activities": 140471,
        "Profit": 186,
        "Profit before tax": 251412,
        "Present corporate income tax expenses": 19432,
        "Deferred income taxes expenses": "N/A",
        "The interests of minority shareholders": 2703,
        "Total Cost of profits": 22135,
        "Profit after tax corporate income": 118522,
        "Volume": 70000000,
        "Close of Quarter": 18.4,
        "EPS": 3769,
        "Non-adjusted EPS": 3769,
        "PE": 4.9,
        "Book Price": 20.8
      }
    },
    {
      "quarter": "Q2 2011",
      "income status": {
        "Net sales": 1625515,
        "Cost of goods sold": 1387487,
        "Gross Profit": 238028,
        "Financial expenses": 92569,
        "Of which: Interest expense": 65916,
        "Cost of sales": 84164,
        "Enterprise cost management": 32394,
        "Total Operating Expenses": 209127,
        "Total revenue financing activities": 18876,
        "Net profit from business activities": 47777,
        "Profit": 999,
        "Profit before tax": 48775,
        "Present corporate income tax expenses": 10291,
        "Deferred income taxes expenses": "N/A",
        "The interests of minority shareholders": 620,
        "Total Cost of profits": 10911,
        "Profit after tax corporate income": 37864,
        "Volume": 70000000,
        "Close of Quarter": 19.1,
        "EPS": 4161,
        "Non-adjusted EPS": 4161,
        "PE": 4.6,
        "Book Price": 19.2
      }
    },
    {
      "quarter": "Q1 2011",
      "income status": {
        "Net sales": 1254732,
        "Cost of goods sold": 1081400,
        "Gross Profit": 173333,
        "Financial expenses": 83367,
        "Of which: Interest expense": 55294,
        "Cost of sales": 55200,
        "Enterprise cost management": 14092,
        "Total Operating Expenses": 152659,
        "Total revenue financing activities": 40633,
        "Net profit from business activities": 61305,
        "Profit": 675,
        "Profit before tax": 61980,
        "Present corporate income tax expenses": 11185,
        "Deferred income taxes expenses": "N/A",
        "The interests of minority shareholders": 1879,
        "Total Cost of profits": 13064,
        "Profit after tax corporate income": 48916,
        "Volume": 70000000,
        "Close of Quarter": 19.4,
        "EPS": 4492,
        "Non-adjusted EPS": 4492,
        "PE": 4.3,
        "Book Price": 20
      }
    },
    {
      "quarter": "Q4 2010",
      "income status": {
        "Net sales": 1826297,
        "Cost of goods sold": 1629554,
        "Gross Profit": 196743,
        "Financial expenses": 59736,
        "Of which: Interest expense": 53257,
        "Cost of sales": 115282,
        "Enterprise cost management": 20561,
        "Total Operating Expenses": 195579,
        "Total revenue financing activities": 9360,
        "Net profit from business activities": 10523,
        "Profit": 51476,
        "Profit before tax": 61999,
        "Present corporate income tax expenses": 2760,
        "Deferred income taxes expenses": "N/A",
        "The interests of minority shareholders": 727,
        "Total Cost of profits": 3487,
        "Profit after tax corporate income": 58513,
        "Volume": 70000000,
        "Close of Quarter": 24.7,
        "EPS": 4342,
        "Non-adjusted EPS": 4342,
        "PE": 5.7,
        "Book Price": 19.2
      }
    },
    {
      "quarter": "Q3 2010",
      "income status": {
        "Net sales": 1440297,
        "Cost of goods sold": 1147418,
        "Gross Profit": 292879,
        "Financial expenses": 34331,
        "Of which: Interest expense": 32250,
        "Cost of sales": 81179,
        "Enterprise cost management": 14854,
        "Total Operating Expenses": 130364,
        "Total revenue financing activities": 28322,
        "Net profit from business activities": 190836,
        "Profit": 2642,
        "Profit before tax": 193478,
        "Present corporate income tax expenses": 42608,
        "Deferred income taxes expenses": "N/A",
        "The interests of minority shareholders": 4864,
        "Total Cost of profits": 47472,
        "Profit after tax corporate income": 146006,
        "Volume": 70000000,
        "Close of Quarter": 26.8,
        "EPS": 4810,
        "Non-adjusted EPS": 4810,
        "PE": 5.6,
        "Book Price": 18.3
      }
    },
    {
      "quarter": "Q2 2010",
      "income status": {
        "Net sales": 965482,
        "Cost of goods sold": "N/A",
        "Gross Profit": 183681,
        "Financial expenses": "N/A",
        "Of which: Interest expense": 35941,
        "Cost of sales": "N/A",
        "Enterprise cost management": 8996,
        "Total Operating Expenses": 8996,
        "Total revenue financing activities": "N/A",
        "Net profit from business activities": 72745,
        "Profit": 387,
        "Profit before tax": 73131,
        "Present corporate income tax expenses": "N/A",
        "Deferred income taxes expenses": 10718,
        "The interests of minority shareholders": "N/A",
        "Total Cost of profits": 10718,
        "Profit after tax corporate income": 60998,
        "Volume": 70000000,
        "Close of Quarter": 24.8,
        "EPS": 3477,
        "Non-adjusted EPS": 3477,
        "PE": 7.1,
        "Book Price": 16.1
      }
    },
    {
      "quarter": "Q1 2010",
      "income status": {
        "Net sales": 662974,
        "Cost of goods sold": "N/A",
        "Gross Profit": 98717,
        "Financial expenses": "N/A",
        "Of which: Interest expense": 23862,
        "Cost of sales": "N/A",
        "Enterprise cost management": 8968,
        "Total Operating Expenses": 8968,
        "Total revenue financing activities": "N/A",
        "Net profit from business activities": 49750,
        "Profit": 1559,
        "Profit before tax": 51309,
        "Present corporate income tax expenses": "N/A",
        "Deferred income taxes expenses": 11289,
        "The interests of minority shareholders": "N/A",
        "Total Cost of profits": 11289,
        "Profit after tax corporate income": 38443,
        "Volume": 70000000,
        "Close of Quarter": 26.3,
        "EPS": 3208,
        "Non-adjusted EPS": 3208,
        "PE": 8.2,
        "Book Price": 15.7
      }
    },
    {
      "quarter": "Q4 2009",
      "income status": {
        "Net sales": 1025573,
        "Cost of goods sold": "N/A",
        "Gross Profit": 138830,
        "Financial expenses": "N/A",
        "Of which: Interest expense": 20801,
        "Cost of sales": "N/A",
        "Enterprise cost management": 10578,
        "Total Operating Expenses": 10578,
        "Total revenue financing activities": "N/A",
        "Net profit from business activities": 90906,
        "Profit": 2353,
        "Profit before tax": 93259,
        "Present corporate income tax expenses": "N/A",
        "Deferred income taxes expenses": -853,
        "The interests of minority shareholders": "N/A",
        "Total Cost of profits": -853,
        "Profit after tax corporate income": 91260,
        "Volume": 70000000,
        "Close of Quarter": 27.4,
        "EPS": 3369,
        "Non-adjusted EPS": 3369,
        "PE": 8.1,
        "Book Price": 15.4
      }
    },
    {
      "quarter": "Q3 2009",
      "income status": {
        "Net sales": 933514,
        "Cost of goods sold": "N/A",
        "Gross Profit": 139091,
        "Financial expenses": "N/A",
        "Of which: Interest expense": 20481,
        "Cost of sales": "N/A",
        "Enterprise cost management": 8156,
        "Total Operating Expenses": 8156,
        "Total revenue financing activities": "N/A",
        "Net profit from business activities": 58890,
        "Profit": 227,
        "Profit before tax": 59117,
        "Present corporate income tax expenses": "N/A",
        "Deferred income taxes expenses": 4950,
        "The interests of minority shareholders": "N/A",
        "Total Cost of profits": 4950,
        "Profit after tax corporate income": 52676,
        "Volume": 70000000,
        "Close of Quarter": 32.0,
        "EPS": 2492,
        "Non-adjusted EPS": 2492,
        "PE": 12.8,
        "Book Price": 15.4
      }
    },
    {
      "quarter": "Q2 2009",
      "income status": {
        "Net sales": 656614,
        "Cost of goods sold": "N/A",
        "Gross Profit": 113534,
        "Financial expenses": "N/A",
        "Of which: Interest expense": 26725,
        "Cost of sales": "N/A",
        "Enterprise cost management": 7970,
        "Total Operating Expenses": 7970,
        "Total revenue financing activities": "N/A",
        "Net profit from business activities": 50308,
        "Profit": -1185,
        "Profit before tax": 49123,
        "Present corporate income tax expenses": "N/A",
        "Deferred income taxes expenses": 5114,
        "The interests of minority shareholders": "N/A",
        "Total Cost of profits": 5114,
        "Profit after tax corporate income": 42197,
        "Volume": 70000000,
        "Close of Quarter": 18.0,
        "EPS": 3036,
        "Non-adjusted EPS": 3036,
        "PE": 5.9,
        "Book Price": 14.7
      }
    },
    {
      "quarter": "Q1 2009",
      "income status": {
        "Net sales": 453676,
        "Cost of goods sold": 398786,
        "Gross Profit": 54890,
        "Financial expenses": 143059,
        "Of which: Interest expense": 18515,
        "Cost of sales": 32091,
        "Enterprise cost management": 5686,
        "Total Operating Expenses": 180836,
        "Total revenue financing activities": 176383,
        "Net profit from business activities": 50437,
        "Profit": -1287,
        "Profit before tax": 49149,
        "Present corporate income tax expenses": 353,
        "Deferred income taxes expenses": "N/A",
        "The interests of minority shareholders": -920,
        "Total Cost of profits": -567,
        "Profit after tax corporate income": 49716,
        "Volume": 70000000,
        "Close of Quarter": 11.2,
        "EPS": 442,
        "Non-adjusted EPS": 442,
        "PE": 25.3,
        "Book Price": 14.5
      }
    },
    {
      "quarter": "Q4 2008",
      "income status": {
        "Net sales": 921085,
        "Cost of goods sold": 770042,
        "Gross Profit": 151043,
        "Financial expenses": 381700,
        "Of which: Interest expense": 48887,
        "Cost of sales": 73310,
        "Enterprise cost management": 6561,
        "Total Operating Expenses": 461571,
        "Total revenue financing activities": 345653,
        "Net profit from business activities": 35125,
        "Profit": 1523,
        "Profit before tax": 36648,
        "Present corporate income tax expenses": 5485,
        "Deferred income taxes expenses": "N/A",
        "The interests of minority shareholders": 1342,
        "Total Cost of profits": 6827,
        "Profit after tax corporate income": 29822,
        "Volume": 70000000,
        "Close of Quarter": 9.2,
        "EPS": 2,
        "Non-adjusted EPS": 2,
        "PE": 4595,
        "Book Price": 14.1
      }
    },
    {
      "quarter": "Q3 2008",
      "income status": {
        "Net sales": 1003024,
        "Cost of goods sold": 792611,
        "Gross Profit": 210413,
        "Financial expenses": 89144,
        "Of which: Interest expense": 58379,
        "Cost of sales": 95406,
        "Enterprise cost management": 9482,
        "Total Operating Expenses": 194032,
        "Total revenue financing activities": 76207,
        "Net profit from business activities": 92588,
        "Profit": 744,
        "Profit before tax": 93332,
        "Present corporate income tax expenses": 822,
        "Deferred income taxes expenses": "N/A",
        "The interests of minority shareholders": 1750,
        "Total Cost of profits": 2572,
        "Profit after tax corporate income": 90760,
        "Volume": 70000000,
        "Close of Quarter": 11.9,
        "EPS": 243,
        "Non-adjusted EPS": 243,
        "PE": 49.0,
        "Book Price": 13.6
      }
    },
    {
      "quarter": "Q2 2008",
      "income status": {
        "Net sales": 597662,
        "Cost of goods sold": 514487,
        "Gross Profit": 83175,
        "Financial expenses": 246176,
        "Of which: Interest expense": 47637,
        "Cost of sales": 19452,
        "Enterprise cost management": 7090,
        "Total Operating Expenses": 272718,
        "Total revenue financing activities": 49589,
        "Net profit from business activities": -139954,
        "Profit": 747,
        "Profit before tax": -139207,
        "Present corporate income tax expenses": "N/A",
        "Deferred income taxes expenses": "N/A",
        "The interests of minority shareholders": 152,
        "Total Cost of profits": 152,
        "Profit after tax corporate income": -139359,
        "Volume": 70000000,
        "Close of Quarter": 11.8,
        "EPS": -571,
        "Non-adjusted EPS": -571,
        "PE": -20.6,
        "Book Price": 12.2
      }
    },
    {
      "quarter": "Q1 2008",
      "income status": {
        "Net sales": 368579,
        "Cost of goods sold": 308378,
        "Gross Profit": 60201,
        "Financial expenses": 39813,
        "Of which: Interest expense": 24056,
        "Cost of sales": 9192,
        "Enterprise cost management": 6379,
        "Total Operating Expenses": 55384,
        "Total revenue financing activities": 15948,
        "Net profit from business activities": 20764,
        "Profit": 310,
        "Profit before tax": 21074,
        "Present corporate income tax expenses": 1505,
        "Deferred income taxes expenses": "N/A",
        "The interests of minority shareholders": 640,
        "Total Cost of profits": 2145,
        "Profit after tax corporate income": 18929,
        "Volume": 70000000,
        "Close of Quarter": 18.9,
        "EPS": 2162,
        "Non-adjusted EPS": 2162,
        "PE": 8.7,
        "Book Price": 15.8
      }
    },
    {
      "quarter": "Q4 2007",
      "income status": {
        "Net sales": 850539,
        "Cost of goods sold": 812675,
        "Gross Profit": 37864,
        "Financial expenses": 115542,
        "Of which: Interest expense": 17081,
        "Cost of sales": 19762,
        "Enterprise cost management": 2563,
        "Total Operating Expenses": 137867,
        "Total revenue financing activities": 150588,
        "Net profit from business activities": 50585,
        "Profit": 1101,
        "Profit before tax": 51686,
        "Present corporate income tax expenses": 5019,
        "Deferred income taxes expenses": "N/A",
        "The interests of minority shareholders": "N/A",
        "Total Cost of profits": 5019,
        "Profit after tax corporate income": 46667,
        "Volume": 70000000,
        "Close of Quarter": 45.0,
        "EPS": 2100,
        "Non-adjusted EPS": 2100,
        "PE": 21.4,
        "Book Price": 14.3
      }
    },
    {
      "quarter": "Q3 2007",
      "income status": {
        "Net sales": 1009390,
        "Cost of goods sold": 951138,
        "Gross Profit": 58252,
        "Financial expenses": 8834,
        "Of which: Interest expense": "N/A",
        "Cost of sales": 11025,
        "Enterprise cost management": 4270,
        "Total Operating Expenses": 24129,
        "Total revenue financing activities": 2126,
        "Net profit from business activities": 36249,
        "Profit": 1181,
        "Profit before tax": 37430,
        "Present corporate income tax expenses": 3609,
        "Deferred income taxes expenses": "N/A",
        "The interests of minority shareholders": "N/A",
        "Total Cost of profits": 3609,
        "Profit after tax corporate income": 33821,
        "Volume": 66000000,
        "Close of Quarter": 45.6,
        "EPS": 1563.3,
        "Non-adjusted EPS": 1658,
        "PE": 27.5,
        "Book Price": 13.7
      }
    },
    {
      "quarter": "Q2 2007",
      "income status": {
        "Net sales": 842475,
        "Cost of goods sold": 805500,
        "Gross Profit": 36975,
        "Financial expenses": 7330,
        "Of which: Interest expense": "N/A",
        "Cost of sales": 14009,
        "Enterprise cost management": 3306,
        "Total Operating Expenses": 24645,
        "Total revenue financing activities": 40870,
        "Net profit from business activities": 53200,
        "Profit": 267,
        "Profit before tax": 53467,
        "Present corporate income tax expenses": 1553,
        "Deferred income taxes expenses": "N/A",
        "The interests of minority shareholders": "N/A",
        "Total Cost of profits": 1553,
        "Profit after tax corporate income": 51914,
        "Volume": 60000000,
        "Close of Quarter": 43.1,
        "EPS": 1080,
        "Non-adjusted EPS": 1260,
        "PE": 34.2,
        "Book Price": 12.6
      }
    },
    {
      "quarter": "Q1 2007",
      "income status": {
        "Net sales": 601841,
        "Cost of goods sold": 572402,
        "Gross Profit": 29440,
        "Financial expenses": 4452,
        "Of which: Interest expense": "N/A",
        "Cost of sales": 7096,
        "Enterprise cost management": 2107,
        "Total Operating Expenses": 13655,
        "Total revenue financing activities": 40,
        "Net profit from business activities": 15826,
        "Profit": 409,
        "Profit before tax": 16234,
        "Present corporate income tax expenses": 1623,
        "Deferred income taxes expenses": "N/A",
        "The interests of minority shareholders": "N/A",
        "Total Cost of profits": 1623,
        "Profit after tax corporate income": 14611,
        "Volume": 60000000,
        "Close of Quarter": 44.3,
        "EPS": 338.6,
        "Non-adjusted EPS": 395,
        "PE": 112.2,
        "Book Price": 9.3
      }
    },
    {
      "quarter": "Q4 2006",
      "income status": {
        "Net sales": 867021,
        "Cost of goods sold": 835677,
        "Gross Profit": 31345,
        "Financial expenses": 4855,
        "Of which: Interest expense": "N/A",
        "Cost of sales": 16056,
        "Enterprise cost management": 1828,
        "Total Operating Expenses": 22739,
        "Total revenue financing activities": 1173,
        "Net profit from business activities": 9778,
        "Profit": 1549,
        "Profit before tax": 11328,
        "Present corporate income tax expenses": 2266,
        "Deferred income taxes expenses": "N/A",
        "The interests of minority shareholders": "N/A",
        "Total Cost of profits": 2266,
        "Profit after tax corporate income": 9062,
        "Volume": 60000000,
        "Close of Quarter": 53.9,
        "EPS": 129.4,
        "Non-adjusted EPS": 151,
        "PE": 356.8,
        "Book Price": 9.1
      }
    }
  ]
}