{
  "ticker": "VTB",
  "data": [
    {
      "quarter": "Q1 2017",
      "income status": {
        "Net sales": 230899,
        "Cost of goods sold": 207309,
        "Gross Profit": 23590,
        "Financial expenses": 1183,
        "Of which: Interest expense": 94,
        "Cost of sales": 14140,
        "Enterprise cost management": 4149,
        "Total Operating Expenses": 19472,
        "Total revenue financing activities": 991,
        "Net profit from business activities": 5109,
        "Profit": 197,
        "Profit before tax": 5307,
        "Present corporate income tax expenses": 1099,
        "Deferred income taxes expenses": "N/A",
        "The interests of minority shareholders": 249,
        "Total Cost of profits": 1348,
        "Profit after tax corporate income": 3958,
        "Volume": 10892660,
        "Close of Quarter": 15.2,
        "EPS": 1755,
        "Non-adjusted EPS": 1755,
        "PE": 8.7,
        "Book Price": 19.9
      }
    },
    {
      "quarter": "Q4 2016",
      "income status": {
        "Net sales": 387898,
        "Cost of goods sold": 364538,
        "Gross Profit": 23361,
        "Financial expenses": 476,
        "Of which: Interest expense": 125,
        "Cost of sales": 13518,
        "Enterprise cost management": 5352,
        "Total Operating Expenses": 19346,
        "Total revenue financing activities": 11265,
        "Net profit from business activities": 15279,
        "Profit": -930,
        "Profit before tax": 14348,
        "Present corporate income tax expenses": 3398,
        "Deferred income taxes expenses": -842,
        "The interests of minority shareholders": -35,
        "Total Cost of profits": 2521,
        "Profit after tax corporate income": 11827,
        "Volume": 10892660,
        "Close of Quarter": 11.3,
        "EPS": 1454,
        "Non-adjusted EPS": 1454,
        "PE": 7.8,
        "Book Price": 19.7
      }
    },
    {
      "quarter": "Q3 2016",
      "income status": {
        "Net sales": 159922,
        "Cost of goods sold": 144475,
        "Gross Profit": 15447,
        "Financial expenses": 143,
        "Of which: Interest expense": 81,
        "Cost of sales": 11859,
        "Enterprise cost management": 2855,
        "Total Operating Expenses": 14857,
        "Total revenue financing activities": 1077,
        "Net profit from business activities": 1668,
        "Profit": 1269,
        "Profit before tax": 2937,
        "Present corporate income tax expenses": 182,
        "Deferred income taxes expenses": 430,
        "The interests of minority shareholders": 308,
        "Total Cost of profits": 920,
        "Profit after tax corporate income": 2017,
        "Volume": 10892660,
        "Close of Quarter": 10.8,
        "EPS": 930,
        "Non-adjusted EPS": 930,
        "PE": 11.6,
        "Book Price": 18.8
      }
    },
    {
      "quarter": "Q2 2016",
      "income status": {
        "Net sales": 142979,
        "Cost of goods sold": 126758,
        "Gross Profit": 16221,
        "Financial expenses": 148,
        "Of which: Interest expense": 91,
        "Cost of sales": 11029,
        "Enterprise cost management": 3745,
        "Total Operating Expenses": 14922,
        "Total revenue financing activities": 900,
        "Net profit from business activities": 2199,
        "Profit": -121,
        "Profit before tax": 2078,
        "Present corporate income tax expenses": 528,
        "Deferred income taxes expenses": 163,
        "The interests of minority shareholders": 68,
        "Total Cost of profits": 759,
        "Profit after tax corporate income": 1319,
        "Volume": 10892660,
        "Close of Quarter": 12.4,
        "EPS": 967,
        "Non-adjusted EPS": 967,
        "PE": 12.8,
        "Book Price": 19.5
      }
    },
    {
      "quarter": "Q1 2016",
      "income status": {
        "Net sales": 67493,
        "Cost of goods sold": 52837,
        "Gross Profit": 14656,
        "Financial expenses": 638,
        "Of which: Interest expense": 261,
        "Cost of sales": 10155,
        "Enterprise cost management": 3476,
        "Total Operating Expenses": 14269,
        "Total revenue financing activities": 639,
        "Net profit from business activities": 1026,
        "Profit": 116,
        "Profit before tax": 1142,
        "Present corporate income tax expenses": 242,
        "Deferred income taxes expenses": 111,
        "The interests of minority shareholders": 116,
        "Total Cost of profits": 469,
        "Profit after tax corporate income": 674,
        "Volume": 10892660,
        "Close of Quarter": 10.5,
        "EPS": 984,
        "Non-adjusted EPS": 984,
        "PE": 10.7,
        "Book Price": 19.5
      }
    },
    {
      "quarter": "Q4 2015",
      "income status": {
        "Net sales": 119629,
        "Cost of goods sold": 99474,
        "Gross Profit": 20155,
        "Financial expenses": 1451,
        "Of which: Interest expense": 452,
        "Cost of sales": 9331,
        "Enterprise cost management": 3144,
        "Total Operating Expenses": 13926,
        "Total revenue financing activities": 942,
        "Net profit from business activities": 7170,
        "Profit": -1,
        "Profit before tax": 7169,
        "Present corporate income tax expenses": 1864,
        "Deferred income taxes expenses": -1036,
        "The interests of minority shareholders": 217,
        "Total Cost of profits": 1045,
        "Profit after tax corporate income": 6124,
        "Volume": 10892660,
        "Close of Quarter": 10.7,
        "EPS": 1173,
        "Non-adjusted EPS": 1173,
        "PE": 9.1,
        "Book Price": 19.5
      }
    },
    {
      "quarter": "Q3 2015",
      "income status": {
        "Net sales": 115011,
        "Cost of goods sold": 96548,
        "Gross Profit": 18463,
        "Financial expenses": 675,
        "Of which: Interest expense": 186,
        "Cost of sales": 12497,
        "Enterprise cost management": 3200,
        "Total Operating Expenses": 16372,
        "Total revenue financing activities": 985,
        "Net profit from business activities": 3076,
        "Profit": 113,
        "Profit before tax": 3190,
        "Present corporate income tax expenses": 317,
        "Deferred income taxes expenses": 435,
        "The interests of minority shareholders": 22,
        "Total Cost of profits": 774,
        "Profit after tax corporate income": 2415,
        "Volume": 10892660,
        "Close of Quarter": 10.4,
        "EPS": 987,
        "Non-adjusted EPS": 987,
        "PE": 10.6,
        "Book Price": 19
      }
    },
    {
      "quarter": "Q2 2015",
      "income status": {
        "Net sales": 51307,
        "Cost of goods sold": 37486,
        "Gross Profit": 13821,
        "Financial expenses": 214,
        "Of which: Interest expense": 45,
        "Cost of sales": 10169,
        "Enterprise cost management": 3537,
        "Total Operating Expenses": 13920,
        "Total revenue financing activities": 1743,
        "Net profit from business activities": 1643,
        "Profit": 502,
        "Profit before tax": 2145,
        "Present corporate income tax expenses": 364,
        "Deferred income taxes expenses": 178,
        "The interests of minority shareholders": 95,
        "Total Cost of profits": 637,
        "Profit after tax corporate income": 1508,
        "Volume": 10892660,
        "Close of Quarter": 10.7,
        "EPS": 1061,
        "Non-adjusted EPS": 1061,
        "PE": 10.1,
        "Book Price": 18.7
      }
    },
    {
      "quarter": "Q1 2015",
      "income status": {
        "Net sales": 67530,
        "Cost of goods sold": 50070,
        "Gross Profit": 17460,
        "Financial expenses": 254,
        "Of which: Interest expense": 243,
        "Cost of sales": 11042,
        "Enterprise cost management": 4182,
        "Total Operating Expenses": 15478,
        "Total revenue financing activities": 1790,
        "Net profit from business activities": 3772,
        "Profit": 47,
        "Profit before tax": 3819,
        "Present corporate income tax expenses": 358,
        "Deferred income taxes expenses": 409,
        "The interests of minority shareholders": 323,
        "Total Cost of profits": 1090,
        "Profit after tax corporate income": 2728,
        "Volume": 10892660,
        "Close of Quarter": 9.4,
        "EPS": 1188,
        "Non-adjusted EPS": 1188,
        "PE": 7.9,
        "Book Price": 19.7
      }
    },
    {
      "quarter": "Q4 2014",
      "income status": {
        "Net sales": 73140,
        "Cost of goods sold": 54289,
        "Gross Profit": 18851,
        "Financial expenses": 807,
        "Of which: Interest expense": 179,
        "Cost of sales": 11047,
        "Enterprise cost management": 6056,
        "Total Operating Expenses": 17910,
        "Total revenue financing activities": 2894,
        "Net profit from business activities": 3835,
        "Profit": 681,
        "Profit before tax": 4517,
        "Present corporate income tax expenses": 1059,
        "Deferred income taxes expenses": -29,
        "The interests of minority shareholders": -614,
        "Total Cost of profits": 416,
        "Profit after tax corporate income": 4101,
        "Volume": 10892660,
        "Close of Quarter": 9.7,
        "EPS": 1221,
        "Non-adjusted EPS": 1221,
        "PE": 7.9,
        "Book Price": 19.1
      }
    },
    {
      "quarter": "Q3 2014",
      "income status": {
        "Net sales": 42261,
        "Cost of goods sold": 28945,
        "Gross Profit": 13317,
        "Financial expenses": 2993,
        "Of which: Interest expense": 400,
        "Cost of sales": 7812,
        "Enterprise cost management": 4330,
        "Total Operating Expenses": 15135,
        "Total revenue financing activities": 6107,
        "Net profit from business activities": 4289,
        "Profit": -202,
        "Profit before tax": 4087,
        "Present corporate income tax expenses": 951,
        "Deferred income taxes expenses": 91,
        "The interests of minority shareholders": -179,
        "Total Cost of profits": 863,
        "Profit after tax corporate income": 3224,
        "Volume": 10892660,
        "Close of Quarter": 8.7,
        "EPS": 1210,
        "Non-adjusted EPS": 1210,
        "PE": 7.2,
        "Book Price": 18.9
      }
    },
    {
      "quarter": "Q2 2014",
      "income status": {
        "Net sales": 52144,
        "Cost of goods sold": 39888,
        "Gross Profit": 12256,
        "Financial expenses": -31,
        "Of which: Interest expense": 284,
        "Cost of sales": 7517,
        "Enterprise cost management": 2994,
        "Total Operating Expenses": 10480,
        "Total revenue financing activities": 1920,
        "Net profit from business activities": 3695,
        "Profit": -214,
        "Profit before tax": 3481,
        "Present corporate income tax expenses": 801,
        "Deferred income taxes expenses": 144,
        "The interests of minority shareholders": -351,
        "Total Cost of profits": 594,
        "Profit after tax corporate income": 2887,
        "Volume": 10892660,
        "Close of Quarter": 8.1,
        "EPS": 1309,
        "Non-adjusted EPS": 1309,
        "PE": 6.2,
        "Book Price": 18.6
      }
    },
    {
      "quarter": "Q1 2014",
      "income status": {
        "Net sales": 47637,
        "Cost of goods sold": 35175,
        "Gross Profit": 12463,
        "Financial expenses": 695,
        "Of which: Interest expense": 347,
        "Cost of sales": 7359,
        "Enterprise cost management": 3467,
        "Total Operating Expenses": 11521,
        "Total revenue financing activities": 2325,
        "Net profit from business activities": 3267,
        "Profit": 994,
        "Profit before tax": 4261,
        "Present corporate income tax expenses": 914,
        "Deferred income taxes expenses": 182,
        "The interests of minority shareholders": 75,
        "Total Cost of profits": 1171,
        "Profit after tax corporate income": 3090,
        "Volume": 10892660,
        "Close of Quarter": 8.8,
        "EPS": 1107,
        "Non-adjusted EPS": 1107,
        "PE": 7.9,
        "Book Price": 18.4
      }
    },
    {
      "quarter": "Q4 2013",
      "income status": {
        "Net sales": 63548,
        "Cost of goods sold": 47098,
        "Gross Profit": 16450,
        "Financial expenses": 3376,
        "Of which: Interest expense": 317,
        "Cost of sales": 9111,
        "Enterprise cost management": 3212,
        "Total Operating Expenses": 15699,
        "Total revenue financing activities": 3946,
        "Net profit from business activities": 4697,
        "Profit": 66,
        "Profit before tax": 4763,
        "Present corporate income tax expenses": -58,
        "Deferred income taxes expenses": -2,
        "The interests of minority shareholders": 845,
        "Total Cost of profits": 785,
        "Profit after tax corporate income": 3978,
        "Volume": 10892660,
        "Close of Quarter": 8.3,
        "EPS": 1301,
        "Non-adjusted EPS": 1301,
        "PE": 6.4,
        "Book Price": 18.5
      }
    },
    {
      "quarter": "Q3 2013",
      "income status": {
        "Net sales": 44386,
        "Cost of goods sold": 32963,
        "Gross Profit": 11423,
        "Financial expenses": 77,
        "Of which: Interest expense": 64,
        "Cost of sales": 7348,
        "Enterprise cost management": 3874,
        "Total Operating Expenses": 11299,
        "Total revenue financing activities": 5005,
        "Net profit from business activities": 5128,
        "Profit": 73,
        "Profit before tax": 5201,
        "Present corporate income tax expenses": 540,
        "Deferred income taxes expenses": 238,
        "The interests of minority shareholders": 120,
        "Total Cost of profits": 898,
        "Profit after tax corporate income": 4303,
        "Volume": 10892660,
        "Close of Quarter": 7.4,
        "EPS": 1311,
        "Non-adjusted EPS": 1311,
        "PE": 5.6,
        "Book Price": 18.4
      }
    },
    {
      "quarter": "Q2 2013",
      "income status": {
        "Net sales": 39940,
        "Cost of goods sold": 29545,
        "Gross Profit": 10395,
        "Financial expenses": -473,
        "Of which: Interest expense": -2,
        "Cost of sales": 8374,
        "Enterprise cost management": 4560,
        "Total Operating Expenses": 12461,
        "Total revenue financing activities": 2137,
        "Net profit from business activities": 71,
        "Profit": -259,
        "Profit before tax": -188,
        "Present corporate income tax expenses": 291,
        "Deferred income taxes expenses": -1,
        "The interests of minority shareholders": -1167,
        "Total Cost of profits": -877,
        "Profit after tax corporate income": 688,
        "Volume": 10892660,
        "Close of Quarter": 7.4,
        "EPS": 1115,
        "Non-adjusted EPS": 1115,
        "PE": 6.6,
        "Book Price": 18
      }
    },
    {
      "quarter": "Q1 2013",
      "income status": {
        "Net sales": 56443,
        "Cost of goods sold": 39814,
        "Gross Profit": 16629,
        "Financial expenses": 709,
        "Of which: Interest expense": 97,
        "Cost of sales": 7845,
        "Enterprise cost management": 3752,
        "Total Operating Expenses": 12306,
        "Total revenue financing activities": 2231,
        "Net profit from business activities": 6554,
        "Profit": 1022,
        "Profit before tax": 7576,
        "Present corporate income tax expenses": 1873,
        "Deferred income taxes expenses": -356,
        "The interests of minority shareholders": 859,
        "Total Cost of profits": 2376,
        "Profit after tax corporate income": 5201,
        "Volume": 10892660,
        "Close of Quarter": 5.8,
        "EPS": 1152,
        "Non-adjusted EPS": 1152,
        "PE": 5,
        "Book Price": 18.3
      }
    },
    {
      "quarter": "Q4 2012",
      "income status": {
        "Net sales": 65738,
        "Cost of goods sold": 47246,
        "Gross Profit": 18492,
        "Financial expenses": 552,
        "Of which: Interest expense": 302,
        "Cost of sales": 14123,
        "Enterprise cost management": 3670,
        "Total Operating Expenses": 18345,
        "Total revenue financing activities": 4557,
        "Net profit from business activities": 4704,
        "Profit": 698,
        "Profit before tax": 5402,
        "Present corporate income tax expenses": 589,
        "Deferred income taxes expenses": 116,
        "The interests of minority shareholders": 613,
        "Total Cost of profits": 1318,
        "Profit after tax corporate income": 4084,
        "Volume": 10892660,
        "Close of Quarter": 4.9,
        "EPS": 1064,
        "Non-adjusted EPS": 1064,
        "PE": 4.6,
        "Book Price": 18.4
      }
    },
    {
      "quarter": "Q3 2012",
      "income status": {
        "Net sales": 53981,
        "Cost of goods sold": 37875,
        "Gross Profit": 16106,
        "Financial expenses": 814,
        "Of which: Interest expense": 614,
        "Cost of sales": 10320,
        "Enterprise cost management": 4282,
        "Total Operating Expenses": 15416,
        "Total revenue financing activities": 1965,
        "Net profit from business activities": 2656,
        "Profit": -88,
        "Profit before tax": 2567,
        "Present corporate income tax expenses": 633,
        "Deferred income taxes expenses": -30,
        "The interests of minority shareholders": -209,
        "Total Cost of profits": 394,
        "Profit after tax corporate income": 2174,
        "Volume": 10892660,
        "Close of Quarter": 4.6,
        "EPS": 1075,
        "Non-adjusted EPS": 1075,
        "PE": 4.3,
        "Book Price": 18.9
      }
    },
    {
      "quarter": "Q2 2012",
      "income status": {
        "Net sales": 44130,
        "Cost of goods sold": 34065,
        "Gross Profit": 10064,
        "Financial expenses": 66,
        "Of which: Interest expense": 460,
        "Cost of sales": 7162,
        "Enterprise cost management": 3606,
        "Total Operating Expenses": 10834,
        "Total revenue financing activities": 2154,
        "Net profit from business activities": 1385,
        "Profit": 254,
        "Profit before tax": 1639,
        "Present corporate income tax expenses": 623,
        "Deferred income taxes expenses": -171,
        "The interests of minority shareholders": 99,
        "Total Cost of profits": 551,
        "Profit after tax corporate income": 1087,
        "Volume": 10892660,
        "Close of Quarter": 5.3,
        "EPS": 1222,
        "Non-adjusted EPS": 1222,
        "PE": 4.3,
        "Book Price": 18.7
      }
    },
    {
      "quarter": "Q1 2012",
      "income status": {
        "Net sales": 50167,
        "Cost of goods sold": 35526,
        "Gross Profit": 14641,
        "Financial expenses": 502,
        "Of which: Interest expense": 347,
        "Cost of sales": 7545,
        "Enterprise cost management": 3767,
        "Total Operating Expenses": 11814,
        "Total revenue financing activities": 2830,
        "Net profit from business activities": 5658,
        "Profit": 433,
        "Profit before tax": 6091,
        "Present corporate income tax expenses": 1613,
        "Deferred income taxes expenses": "N/A",
        "The interests of minority shareholders": 229,
        "Total Cost of profits": 1842,
        "Profit after tax corporate income": 4249,
        "Volume": 10892660,
        "Close of Quarter": 5.2,
        "EPS": 1605,
        "Non-adjusted EPS": 1605,
        "PE": 3.3,
        "Book Price": 19.3
      }
    },
    {
      "quarter": "Q4 2011",
      "income status": {
        "Net sales": 63058,
        "Cost of goods sold": 51670,
        "Gross Profit": 11388,
        "Financial expenses": 554,
        "Of which: Interest expense": 305,
        "Cost of sales": 10612,
        "Enterprise cost management": 2043,
        "Total Operating Expenses": 13209,
        "Total revenue financing activities": 5840,
        "Net profit from business activities": 4018,
        "Profit": 304,
        "Profit before tax": 4323,
        "Present corporate income tax expenses": 187,
        "Deferred income taxes expenses": "N/A",
        "The interests of minority shareholders": -68,
        "Total Cost of profits": 119,
        "Profit after tax corporate income": 4204,
        "Volume": 10892660,
        "Close of Quarter": 3.5,
        "EPS": 1547,
        "Non-adjusted EPS": 1547,
        "PE": 2.3,
        "Book Price": 19.7
      }
    },
    {
      "quarter": "Q3 2011",
      "income status": {
        "Net sales": 47384,
        "Cost of goods sold": 40175,
        "Gross Profit": 7210,
        "Financial expenses": 72,
        "Of which: Interest expense": 333,
        "Cost of sales": 7588,
        "Enterprise cost management": 1610,
        "Total Operating Expenses": 9270,
        "Total revenue financing activities": 5653,
        "Net profit from business activities": 3592,
        "Profit": 89,
        "Profit before tax": 3681,
        "Present corporate income tax expenses": 21,
        "Deferred income taxes expenses": "N/A",
        "The interests of minority shareholders": -109,
        "Total Cost of profits": -88,
        "Profit after tax corporate income": 3769,
        "Volume": 11022660,
        "Close of Quarter": 4.3,
        "EPS": 1639.3,
        "Non-adjusted EPS": 1620,
        "PE": 2.7,
        "Book Price": 19.3
      }
    },
    {
      "quarter": "Q2 2011",
      "income status": {
        "Net sales": 40427,
        "Cost of goods sold": 30775,
        "Gross Profit": 9652,
        "Financial expenses": 1395,
        "Of which: Interest expense": 379,
        "Cost of sales": 6806,
        "Enterprise cost management": 1229,
        "Total Operating Expenses": 9430,
        "Total revenue financing activities": 5239,
        "Net profit from business activities": 5460,
        "Profit": 90,
        "Profit before tax": 5550,
        "Present corporate income tax expenses": 305,
        "Deferred income taxes expenses": "N/A",
        "The interests of minority shareholders": -22,
        "Total Cost of profits": 283,
        "Profit after tax corporate income": 5266,
        "Volume": 11022660,
        "Close of Quarter": 4.3,
        "EPS": 1756.7,
        "Non-adjusted EPS": 1736,
        "PE": 2.5,
        "Book Price": 19.0
      }
    },
    {
      "quarter": "Q1 2011",
      "income status": {
        "Net sales": 56980,
        "Cost of goods sold": 47804,
        "Gross Profit": 9175,
        "Financial expenses": 1011,
        "Of which: Interest expense": 521,
        "Cost of sales": 8548,
        "Enterprise cost management": 1255,
        "Total Operating Expenses": 10814,
        "Total revenue financing activities": 5181,
        "Net profit from business activities": 3542,
        "Profit": 94,
        "Profit before tax": 3636,
        "Present corporate income tax expenses": 61,
        "Deferred income taxes expenses": "N/A",
        "The interests of minority shareholders": -32,
        "Total Cost of profits": 29,
        "Profit after tax corporate income": 3607,
        "Volume": 11022660,
        "Close of Quarter": 5.4,
        "EPS": 2231.3,
        "Non-adjusted EPS": 2205,
        "PE": 2.5,
        "Book Price": 19.4
      }
    },
    {
      "quarter": "Q4 2010",
      "income status": {
        "Net sales": 68144,
        "Cost of goods sold": 54936,
        "Gross Profit": 13208,
        "Financial expenses": 2252,
        "Of which: Interest expense": 582,
        "Cost of sales": 9693,
        "Enterprise cost management": 927,
        "Total Operating Expenses": 12872,
        "Total revenue financing activities": 5537,
        "Net profit from business activities": 5873,
        "Profit": 151,
        "Profit before tax": 6024,
        "Present corporate income tax expenses": 388,
        "Deferred income taxes expenses": "N/A",
        "The interests of minority shareholders": 418,
        "Total Cost of profits": 806,
        "Profit after tax corporate income": 5217,
        "Volume": 11022660,
        "Close of Quarter": 6.4,
        "EPS": 2297.1,
        "Non-adjusted EPS": 2270,
        "PE": 2.8,
        "Book Price": 20.0
      }
    },
    {
      "quarter": "Q3 2010",
      "income status": {
        "Net sales": 54987,
        "Cost of goods sold": 44957,
        "Gross Profit": 10030,
        "Financial expenses": 783,
        "Of which: Interest expense": 654,
        "Cost of sales": 7824,
        "Enterprise cost management": 1079,
        "Total Operating Expenses": 9686,
        "Total revenue financing activities": 4344,
        "Net profit from business activities": 4688,
        "Profit": 572,
        "Profit before tax": 5261,
        "Present corporate income tax expenses": 259,
        "Deferred income taxes expenses": "N/A",
        "The interests of minority shareholders": -40,
        "Total Cost of profits": 219,
        "Profit after tax corporate income": 5041,
        "Volume": 11022660,
        "Close of Quarter": 7.8,
        "EPS": 2563.2,
        "Non-adjusted EPS": 2533,
        "PE": 3.1,
        "Book Price": 19.8
      }
    },
    {
      "quarter": "Q2 2010",
      "income status": {
        "Net sales": 66214,
        "Cost of goods sold": 55666,
        "Gross Profit": 10548,
        "Financial expenses": 1813,
        "Of which: Interest expense": 498,
        "Cost of sales": 7306,
        "Enterprise cost management": 1278,
        "Total Operating Expenses": 10397,
        "Total revenue financing activities": 527,
        "Net profit from business activities": 677,
        "Profit": 734,
        "Profit before tax": 10650,
        "Present corporate income tax expenses": 184,
        "Deferred income taxes expenses": "N/A",
        "The interests of minority shareholders": 28,
        "Total Cost of profits": 212,
        "Profit after tax corporate income": 10438,
        "Volume": 11022660,
        "Close of Quarter": 8.2,
        "EPS": 2722.1,
        "Non-adjusted EPS": 2690,
        "PE": 3.1,
        "Book Price": 19.3
      }
    },
    {
      "quarter": "Q1 2010",
      "income status": {
        "Net sales": 68234,
        "Cost of goods sold": 57271,
        "Gross Profit": 10962,
        "Financial expenses": 1940,
        "Of which: Interest expense": 764,
        "Cost of sales": 7472,
        "Enterprise cost management": 1116,
        "Total Operating Expenses": 10528,
        "Total revenue financing activities": 2275,
        "Net profit from business activities": 2710,
        "Profit": 240,
        "Profit before tax": 4715,
        "Present corporate income tax expenses": 376,
        "Deferred income taxes expenses": "N/A",
        "The interests of minority shareholders": 12,
        "Total Cost of profits": 388,
        "Profit after tax corporate income": 4327,
        "Volume": 11022660,
        "Close of Quarter": 6.9,
        "EPS": 2605.7,
        "Non-adjusted EPS": 2575,
        "PE": 2.7,
        "Book Price": 19.2
      }
    },
    {
      "quarter": "Q4 2009",
      "income status": {
        "Net sales": 102160,
        "Cost of goods sold": 91927,
        "Gross Profit": 10233,
        "Financial expenses": 1010,
        "Of which: Interest expense": 715,
        "Cost of sales": 10999,
        "Enterprise cost management": 1535,
        "Total Operating Expenses": 13544,
        "Total revenue financing activities": 11680,
        "Net profit from business activities": 8369,
        "Profit": 447,
        "Profit before tax": 8815,
        "Present corporate income tax expenses": 539,
        "Deferred income taxes expenses": "N/A",
        "The interests of minority shareholders": 157,
        "Total Cost of profits": 696,
        "Profit after tax corporate income": 8119,
        "Volume": 11022660,
        "Close of Quarter": 6.8,
        "EPS": 2515.7,
        "Non-adjusted EPS": 2486,
        "PE": 2.7,
        "Book Price": 19.3
      }
    },
    {
      "quarter": "Q3 2009",
      "income status": {
        "Net sales": 90720,
        "Cost of goods sold": 78174,
        "Gross Profit": 12546,
        "Financial expenses": 775,
        "Of which: Interest expense": 474,
        "Cost of sales": 6697,
        "Enterprise cost management": 1063,
        "Total Operating Expenses": 8535,
        "Total revenue financing activities": 2976,
        "Net profit from business activities": 6986,
        "Profit": 399,
        "Profit before tax": 7385,
        "Present corporate income tax expenses": 520,
        "Deferred income taxes expenses": "N/A",
        "The interests of minority shareholders": 97,
        "Total Cost of profits": 617,
        "Profit after tax corporate income": 6768,
        "Volume": 11022660,
        "Close of Quarter": 7.1,
        "EPS": 2348.7,
        "Non-adjusted EPS": 2321,
        "PE": 3.0,
        "Book Price": 19.1
      }
    },
    {
      "quarter": "Q2 2009",
      "income status": {
        "Net sales": 66224,
        "Cost of goods sold": 53485,
        "Gross Profit": 12739,
        "Financial expenses": 584,
        "Of which: Interest expense": "N/A",
        "Cost of sales": 5892,
        "Enterprise cost management": 2807,
        "Total Operating Expenses": 9283,
        "Total revenue financing activities": 5913,
        "Net profit from business activities": 9368,
        "Profit": 198,
        "Profit before tax": 9567,
        "Present corporate income tax expenses": 401,
        "Deferred income taxes expenses": "N/A",
        "The interests of minority shareholders": "N/A",
        "Total Cost of profits": 401,
        "Profit after tax corporate income": 9165,
        "Volume": 11022660,
        "Close of Quarter": 5.3,
        "EPS": 2024.9,
        "Non-adjusted EPS": 2001,
        "PE": 2.6,
        "Book Price": 18.5
      }
    },
    {
      "quarter": "Q1 2009",
      "income status": {
        "Net sales": 44041,
        "Cost of goods sold": 35499,
        "Gross Profit": 8542,
        "Financial expenses": 7397,
        "Of which: Interest expense": 95,
        "Cost of sales": 6260,
        "Enterprise cost management": 1501,
        "Total Operating Expenses": 15158,
        "Total revenue financing activities": 9391,
        "Net profit from business activities": 2774,
        "Profit": 141,
        "Profit before tax": 2915,
        "Present corporate income tax expenses": -431,
        "Deferred income taxes expenses": "N/A",
        "The interests of minority shareholders": "N/A",
        "Total Cost of profits": -431,
        "Profit after tax corporate income": 3346,
        "Volume": 11462360,
        "Close of Quarter": 4.7,
        "EPS": 1693.2,
        "Non-adjusted EPS": 1609,
        "PE": 2.9,
        "Book Price": 18.2
      }
    },
    {
      "quarter": "Q4 2008",
      "income status": {
        "Net sales": 50613,
        "Cost of goods sold": 42066,
        "Gross Profit": 8546,
        "Financial expenses": 1320,
        "Of which: Interest expense": 360,
        "Cost of sales": 7892,
        "Enterprise cost management": 7691,
        "Total Operating Expenses": 16903,
        "Total revenue financing activities": 14231,
        "Net profit from business activities": 5875,
        "Profit": 91,
        "Profit before tax": 5965,
        "Present corporate income tax expenses": -342,
        "Deferred income taxes expenses": "N/A",
        "The interests of minority shareholders": "N/A",
        "Total Cost of profits": -342,
        "Profit after tax corporate income": 6307,
        "Volume": 11462360,
        "Close of Quarter": 5.5,
        "EPS": 2249.8,
        "Non-adjusted EPS": 2138,
        "PE": 2.6,
        "Book Price": 18.4
      }
    },
    {
      "quarter": "Q3 2008",
      "income status": {
        "Net sales": 51811,
        "Cost of goods sold": 42155,
        "Gross Profit": 9656,
        "Financial expenses": 1058,
        "Of which: Interest expense": 462,
        "Cost of sales": 6296,
        "Enterprise cost management": 1046,
        "Total Operating Expenses": 8400,
        "Total revenue financing activities": 2257,
        "Net profit from business activities": 3514,
        "Profit": 215,
        "Profit before tax": 3729,
        "Present corporate income tax expenses": 494,
        "Deferred income taxes expenses": "N/A",
        "The interests of minority shareholders": "N/A",
        "Total Cost of profits": 494,
        "Profit after tax corporate income": 3235,
        "Volume": 11760530,
        "Close of Quarter": 6.5,
        "EPS": 2930.2,
        "Non-adjusted EPS": 2714,
        "PE": 2.4,
        "Book Price": 18.8
      }
    },
    {
      "quarter": "Q2 2008",
      "income status": {
        "Net sales": 45243,
        "Cost of goods sold": 36721,
        "Gross Profit": 8521,
        "Financial expenses": 2458,
        "Of which: Interest expense": 1212,
        "Cost of sales": 6572,
        "Enterprise cost management": 1433,
        "Total Operating Expenses": 10463,
        "Total revenue financing activities": 7601,
        "Net profit from business activities": 5660,
        "Profit": 88,
        "Profit before tax": 5748,
        "Present corporate income tax expenses": 198,
        "Deferred income taxes expenses": "N/A",
        "The interests of minority shareholders": "N/A",
        "Total Cost of profits": 198,
        "Profit after tax corporate income": 5550,
        "Volume": 11760530,
        "Close of Quarter": 7.3,
        "EPS": 3070.6,
        "Non-adjusted EPS": 2844,
        "PE": 2.6,
        "Book Price": 18.6
      }
    },
    {
      "quarter": "Q1 2008",
      "income status": {
        "Net sales": 68547,
        "Cost of goods sold": 54912,
        "Gross Profit": 13635,
        "Financial expenses": 783,
        "Of which: Interest expense": 509,
        "Cost of sales": 7882,
        "Enterprise cost management": 1766,
        "Total Operating Expenses": 10431,
        "Total revenue financing activities": 6927,
        "Net profit from business activities": 10131,
        "Profit": 100,
        "Profit before tax": 10230,
        "Present corporate income tax expenses": 822,
        "Deferred income taxes expenses": "N/A",
        "The interests of minority shareholders": "N/A",
        "Total Cost of profits": 822,
        "Profit after tax corporate income": 9409,
        "Volume": 10783825,
        "Close of Quarter": 9.6,
        "EPS": 2918.5,
        "Non-adjusted EPS": 2948,
        "PE": 3.3,
        "Book Price": 18.0
      }
    },
    {
      "quarter": "Q4 2007",
      "income status": {
        "Net sales": 243984,
        "Cost of goods sold": 214012,
        "Gross Profit": 29972,
        "Financial expenses": 1191,
        "Of which: Interest expense": 784,
        "Cost of sales": 10955,
        "Enterprise cost management": 2093,
        "Total Operating Expenses": 14239,
        "Total revenue financing activities": 2266,
        "Net profit from business activities": 17998,
        "Profit": 99,
        "Profit before tax": 18097,
        "Present corporate income tax expenses": 4376,
        "Deferred income taxes expenses": "N/A",
        "The interests of minority shareholders": "N/A",
        "Total Cost of profits": 4376,
        "Profit after tax corporate income": 13721,
        "Volume": 11005345,
        "Close of Quarter": 13.2,
        "EPS": 2242.0,
        "Non-adjusted EPS": 2219,
        "PE": 5.9,
        "Book Price": 19.8
      }
    },
    {
      "quarter": "Q3 2007",
      "income status": {
        "Net sales": 95563,
        "Cost of goods sold": 84437,
        "Gross Profit": 11127,
        "Financial expenses": 2687,
        "Of which: Interest expense": 1175,
        "Cost of sales": 8951,
        "Enterprise cost management": 2285,
        "Total Operating Expenses": 13923,
        "Total revenue financing activities": 7856,
        "Net profit from business activities": 5059,
        "Profit": 300,
        "Profit before tax": 5359,
        "Present corporate income tax expenses": 590,
        "Deferred income taxes expenses": "N/A",
        "The interests of minority shareholders": "N/A",
        "Total Cost of profits": 590,
        "Profit after tax corporate income": 4769,
        "Volume": 7000000,
        "Close of Quarter": 14.1,
        "EPS": 1079.6,
        "Non-adjusted EPS": 1680,
        "PE": 8.4,
        "Book Price": 8.5
      }
    },
    {
      "quarter": "Q2 2007",
      "income status": {
        "Net sales": 103416,
        "Cost of goods sold": 94660,
        "Gross Profit": 8756,
        "Financial expenses": 839,
        "Of which: Interest expense": 722,
        "Cost of sales": 5520,
        "Enterprise cost management": 2044,
        "Total Operating Expenses": 8403,
        "Total revenue financing activities": 3214,
        "Net profit from business activities": 3568,
        "Profit": 329,
        "Profit before tax": 3897,
        "Present corporate income tax expenses": "N/A",
        "Deferred income taxes expenses": "N/A",
        "The interests of minority shareholders": "N/A",
        "Total Cost of profits": 0,
        "Profit after tax corporate income": 3897,
        "Volume": 7000000,
        "Close of Quarter": 17.7,
        "EPS": 992.9,
        "Non-adjusted EPS": 1545,
        "PE": 11.4,
        "Book Price": 8.2
      }
    },
    {
      "quarter": "Q1 2007",
      "income status": {
        "Net sales": 69361,
        "Cost of goods sold": 59970,
        "Gross Profit": 9391,
        "Financial expenses": 886,
        "Of which: Interest expense": 731,
        "Cost of sales": 5761,
        "Enterprise cost management": 2343,
        "Total Operating Expenses": 8990,
        "Total revenue financing activities": 1142,
        "Net profit from business activities": 1542,
        "Profit": 788,
        "Profit before tax": 2330,
        "Present corporate income tax expenses": 298,
        "Deferred income taxes expenses": "N/A",
        "The interests of minority shareholders": "N/A",
        "Total Cost of profits": 298,
        "Profit after tax corporate income": 2032,
        "Volume": 7000000,
        "Close of Quarter": 20.2,
        "EPS": 1481.3,
        "Non-adjusted EPS": 2305,
        "PE": 8.8,
        "Book Price": 7.8
      }
    },
    {
      "quarter": "Q4 2006",
      "income status": {
        "Net sales": 74912,
        "Cost of goods sold": 64576,
        "Gross Profit": 10336,
        "Financial expenses": 2452,
        "Of which: Interest expense": "N/A",
        "Cost of sales": 5975,
        "Enterprise cost management": 2332,
        "Total Operating Expenses": 10759,
        "Total revenue financing activities": 1070,
        "Net profit from business activities": 648,
        "Profit": 411,
        "Profit before tax": 1059,
        "Present corporate income tax expenses": "N/A",
        "Deferred income taxes expenses": "N/A",
        "The interests of minority shareholders": "N/A",
        "Total Cost of profits": 0,
        "Profit after tax corporate income": 1059,
        "Volume": 7000000,
        "Close of Quarter": 13.3,
        "EPS": 1994.7,
        "Non-adjusted EPS": 3104,
        "PE": 4.3,
        "Book Price": 8.4
      }
    },
    {
      "quarter": "Q3 2006",
      "income status": {
        "Net sales": 114316,
        "Cost of goods sold": 105296,
        "Gross Profit": 9019,
        "Financial expenses": 958,
        "Of which: Interest expense": 786,
        "Cost of sales": 3823,
        "Enterprise cost management": 2356,
        "Total Operating Expenses": 7137,
        "Total revenue financing activities": 1009,
        "Net profit from business activities": 2892,
        "Profit": 933,
        "Profit before tax": 3825,
        "Present corporate income tax expenses": "N/A",
        "Deferred income taxes expenses": "N/A",
        "The interests of minority shareholders": "N/A",
        "Total Cost of profits": 0,
        "Profit after tax corporate income": 3825,
        "Volume": 7000000,
        "Close of Quarter": "N/A",
        "EPS": 1897.7,
        "Non-adjusted EPS": 2953,
        "PE": "N/A",
        "Book Price": 8.4
      }
    },
    {
      "quarter": "Q2 2006",
      "income status": {
        "Net sales": 122341,
        "Cost of goods sold": 106474,
        "Gross Profit": 15866,
        "Financial expenses": 892,
        "Of which: Interest expense": 748,
        "Cost of sales": 9893,
        "Enterprise cost management": 2000,
        "Total Operating Expenses": 12785,
        "Total revenue financing activities": 5766,
        "Net profit from business activities": 8848,
        "Profit": 372,
        "Profit before tax": 9220,
        "Present corporate income tax expenses": "N/A",
        "Deferred income taxes expenses": "N/A",
        "The interests of minority shareholders": "N/A",
        "Total Cost of profits": 0,
        "Profit after tax corporate income": 9220,
        "Volume": 7000000,
        "Close of Quarter": "N/A",
        "EPS": 1546.2,
        "Non-adjusted EPS": 2406,
        "PE": "N/A",
        "Book Price": "N/A"
      }
    },
    {
      "quarter": "Q1 2006",
      "income status": {
        "Net sales": 83022,
        "Cost of goods sold": 66697,
        "Gross Profit": 16325,
        "Financial expenses": 768,
        "Of which: Interest expense": 721,
        "Cost of sales": 9832,
        "Enterprise cost management": 1990,
        "Total Operating Expenses": 12590,
        "Total revenue financing activities": 3338,
        "Net profit from business activities": 7073,
        "Profit": 553,
        "Profit before tax": 7625,
        "Present corporate income tax expenses": "N/A",
        "Deferred income taxes expenses": "N/A",
        "The interests of minority shareholders": "N/A",
        "Total Cost of profits": 0,
        "Profit after tax corporate income": 7625,
        "Volume": 7000000,
        "Close of Quarter": "N/A",
        "EPS": 699.8,
        "Non-adjusted EPS": 1089,
        "PE": "N/A",
        "Book Price": "N/A"
      }
    }
  ]
}