{
  "ticker": "STL",
  "data": [
    {
      "quarter": "Q2 2013",
      "income status": {
        "Net sales": 54110,
        "Cost of goods sold": 104837,
        "Gross Profit": -50726,
        "Financial expenses": 2430,
        "Of which: Interest expense": 1155,
        "Cost of sales": 259,
        "Enterprise cost management": 5323,
        "Total Operating Expenses": 8012,
        "Total revenue financing activities": 1023,
        "Net profit from business activities": -65058,
        "Profit": -144,
        "Profit before tax": -65202,
        "Present corporate income tax expenses": "N/A",
        "Deferred income taxes expenses": -337,
        "The interests of minority shareholders": -941,
        "Total Cost of profits": -1278,
        "Profit after tax corporate income": -63925,
        "Volume": 15000000,
        "Close of Quarter": 3,
        "EPS": -10547,
        "Non-adjusted EPS": -10547,
        "PE": -0.3,
        "Book Price": -4
      }
    },
    {
      "quarter": "Q1 2013",
      "income status": {
        "Net sales": 40295,
        "Cost of goods sold": 39618,
        "Gross Profit": 677,
        "Financial expenses": 894,
        "Of which: Interest expense": 195,
        "Cost of sales": 126,
        "Enterprise cost management": 9878,
        "Total Operating Expenses": 10898,
        "Total revenue financing activities": 60,
        "Net profit from business activities": -14310,
        "Profit": -245,
        "Profit before tax": -14555,
        "Present corporate income tax expenses": "N/A",
        "Deferred income taxes expenses": 30,
        "The interests of minority shareholders": -941,
        "Total Cost of profits": -911,
        "Profit after tax corporate income": -13644,
        "Volume": 15000000,
        "Close of Quarter": 3.8,
        "EPS": -8379,
        "Non-adjusted EPS": -8379,
        "PE": -0.5,
        "Book Price": 0.3
      }
    },
    {
      "quarter": "Q4 2012",
      "income status": {
        "Net sales": 77249,
        "Cost of goods sold": 93283,
        "Gross Profit": -16034,
        "Financial expenses": 32069,
        "Of which: Interest expense": -149,
        "Cost of sales": 1331,
        "Enterprise cost management": 17150,
        "Total Operating Expenses": 50550,
        "Total revenue financing activities": 41115,
        "Net profit from business activities": -36231,
        "Profit": -12362,
        "Profit before tax": -48593,
        "Present corporate income tax expenses": "N/A",
        "Deferred income taxes expenses": 585,
        "The interests of minority shareholders": 880,
        "Total Cost of profits": 1465,
        "Profit after tax corporate income": -50058,
        "Volume": 15000000,
        "Close of Quarter": 4.4,
        "EPS": -7939,
        "Non-adjusted EPS": -7939,
        "PE": -0.6,
        "Book Price": 5.2
      }
    },
    {
      "quarter": "Q3 2012",
      "income status": {
        "Net sales": 17663,
        "Cost of goods sold": 26747,
        "Gross Profit": -9084,
        "Financial expenses": 5194,
        "Of which: Interest expense": 15427,
        "Cost of sales": 124,
        "Enterprise cost management": 12756,
        "Total Operating Expenses": 18074,
        "Total revenue financing activities": 828,
        "Net profit from business activities": -32068,
        "Profit": 89,
        "Profit before tax": -31979,
        "Present corporate income tax expenses": "N/A",
        "Deferred income taxes expenses": -524,
        "The interests of minority shareholders": -880,
        "Total Cost of profits": -1404,
        "Profit after tax corporate income": -30575,
        "Volume": 15000000,
        "Close of Quarter": 3.8,
        "EPS": -5547,
        "Non-adjusted EPS": -5547,
        "PE": -0.7,
        "Book Price": 8.6
      }
    },
    {
      "quarter": "Q2 2012",
      "income status": {
        "Net sales": 357283,
        "Cost of goods sold": 356071,
        "Gross Profit": 1212,
        "Financial expenses": 9222,
        "Of which: Interest expense": 10043,
        "Cost of sales": -205,
        "Enterprise cost management": 17396,
        "Total Operating Expenses": 26413,
        "Total revenue financing activities": 279,
        "Net profit from business activities": -30888,
        "Profit": -1013,
        "Profit before tax": -31901,
        "Present corporate income tax expenses": -53,
        "Deferred income taxes expenses": -453,
        "The interests of minority shareholders": 6,
        "Total Cost of profits": -500,
        "Profit after tax corporate income": -31401,
        "Volume": 15000000,
        "Close of Quarter": 8,
        "EPS": -2810,
        "Non-adjusted EPS": -2810,
        "PE": -2.9,
        "Book Price": 9.9
      }
    },
    {
      "quarter": "Q1 2012",
      "income status": {
        "Net sales": 137529,
        "Cost of goods sold": 102445,
        "Gross Profit": 35084,
        "Financial expenses": 60732,
        "Of which: Interest expense": 31859,
        "Cost of sales": 935,
        "Enterprise cost management": 6354,
        "Total Operating Expenses": 68021,
        "Total revenue financing activities": 30393,
        "Net profit from business activities": -2544,
        "Profit": -1111,
        "Profit before tax": -7164,
        "Present corporate income tax expenses": 53,
        "Deferred income taxes expenses": 514,
        "The interests of minority shareholders": -687,
        "Total Cost of profits": -120,
        "Profit after tax corporate income": -7044,
        "Volume": 15000000,
        "Close of Quarter": 9,
        "EPS": -751,
        "Non-adjusted EPS": -751,
        "PE": -12.0,
        "Book Price": 12.2
      }
    },
    {
      "quarter": "Q4 2011",
      "income status": {
        "Net sales": 207359,
        "Cost of goods sold": 162240,
        "Gross Profit": 45119,
        "Financial expenses": 62937,
        "Of which: Interest expense": 47539,
        "Cost of sales": 658,
        "Enterprise cost management": 11390,
        "Total Operating Expenses": 74985,
        "Total revenue financing activities": 7667,
        "Net profit from business activities": -22199,
        "Profit": 16075,
        "Profit before tax": -14655,
        "Present corporate income tax expenses": -836,
        "Deferred income taxes expenses": -416,
        "The interests of minority shareholders": 778,
        "Total Cost of profits": -474,
        "Profit after tax corporate income": -14180,
        "Volume": 15000000,
        "Close of Quarter": 6.4,
        "EPS": 64,
        "Non-adjusted EPS": 64,
        "PE": 100,
        "Book Price": 15.7
      }
    },
    {
      "quarter": "Q3 2011",
      "income status": {
        "Net sales": 375648,
        "Cost of goods sold": 326738,
        "Gross Profit": 48910,
        "Financial expenses": 29284,
        "Of which: Interest expense": 22107,
        "Cost of sales": 861,
        "Enterprise cost management": 14523,
        "Total Operating Expenses": 44668,
        "Total revenue financing activities": 18595,
        "Net profit from business activities": 22837,
        "Profit": -578,
        "Profit before tax": 12388,
        "Present corporate income tax expenses": 5023,
        "Deferred income taxes expenses": -659,
        "The interests of minority shareholders": -2452,
        "Total Cost of profits": 1912,
        "Profit after tax corporate income": 10476,
        "Volume": 15000000,
        "Close of Quarter": 12.3,
        "EPS": 3123,
        "Non-adjusted EPS": 3123,
        "PE": 3.9,
        "Book Price": 16.6
      }
    },
    {
      "quarter": "Q2 2011",
      "income status": {
        "Net sales": 676619,
        "Cost of goods sold": 594978,
        "Gross Profit": 81640,
        "Financial expenses": 41312,
        "Of which: Interest expense": 24460,
        "Cost of sales": 4504,
        "Enterprise cost management": 21433,
        "Total Operating Expenses": 67249,
        "Total revenue financing activities": 16682,
        "Net profit from business activities": 31073,
        "Profit": -22639,
        "Profit before tax": 2283,
        "Present corporate income tax expenses": 4149,
        "Deferred income taxes expenses": 458,
        "The interests of minority shareholders": -1805,
        "Total Cost of profits": 2802,
        "Profit after tax corporate income": -518,
        "Volume": 15000000,
        "Close of Quarter": 11.1,
        "EPS": 3676,
        "Non-adjusted EPS": 3676,
        "PE": 3.0,
        "Book Price": 15.3
      }
    },
    {
      "quarter": "Q1 2011",
      "income status": {
        "Net sales": 381127,
        "Cost of goods sold": 312027,
        "Gross Profit": 69100,
        "Financial expenses": 40119,
        "Of which: Interest expense": 31698,
        "Cost of sales": 3892,
        "Enterprise cost management": 17206,
        "Total Operating Expenses": 61217,
        "Total revenue financing activities": 1009,
        "Net profit from business activities": 8891,
        "Profit": -5228,
        "Profit before tax": 6049,
        "Present corporate income tax expenses": 1593,
        "Deferred income taxes expenses": -1057,
        "The interests of minority shareholders": 335,
        "Total Cost of profits": 871,
        "Profit after tax corporate income": 5179,
        "Volume": 15000000,
        "Close of Quarter": 20.0,
        "EPS": 4880,
        "Non-adjusted EPS": 4880,
        "PE": 4.1,
        "Book Price": 16.3
      }
    },
    {
      "quarter": "Q4 2010",
      "income status": {
        "Net sales": 709480,
        "Cost of goods sold": 605671,
        "Gross Profit": 103809,
        "Financial expenses": 45520,
        "Of which: Interest expense": 45518,
        "Cost of sales": 10242,
        "Enterprise cost management": 21937,
        "Total Operating Expenses": 77699,
        "Total revenue financing activities": 8920,
        "Net profit from business activities": 35029,
        "Profit": 1601,
        "Profit before tax": 44092,
        "Present corporate income tax expenses": 12352,
        "Deferred income taxes expenses": -61,
        "The interests of minority shareholders": 92,
        "Total Cost of profits": 12383,
        "Profit after tax corporate income": 31710,
        "Volume": 15000000,
        "Close of Quarter": 28.9,
        "EPS": 5445,
        "Non-adjusted EPS": 5445,
        "PE": 5.3,
        "Book Price": 15.8
      }
    },
    {
      "quarter": "Q3 2010",
      "income status": {
        "Net sales": 460040,
        "Cost of goods sold": 390152,
        "Gross Profit": 69887,
        "Financial expenses": 26845,
        "Of which: Interest expense": 26860,
        "Cost of sales": 10000,
        "Enterprise cost management": 12408,
        "Total Operating Expenses": 49253,
        "Total revenue financing activities": 3697,
        "Net profit from business activities": 24332,
        "Profit": -56,
        "Profit before tax": 24277,
        "Present corporate income tax expenses": 5512,
        "Deferred income taxes expenses": "N/A",
        "The interests of minority shareholders": "N/A",
        "Total Cost of profits": 5512,
        "Profit after tax corporate income": 18765,
        "Volume": 15000000,
        "Close of Quarter": 34.1,
        "EPS": 4617,
        "Non-adjusted EPS": 4617,
        "PE": 7.4,
        "Book Price": 13.8
      }
    },
    {
      "quarter": "Q2 2010",
      "income status": {
        "Net sales": 633977,
        "Cost of goods sold": 586675,
        "Gross Profit": 47302,
        "Financial expenses": 14366,
        "Of which: Interest expense": 14336,
        "Cost of sales": 6208,
        "Enterprise cost management": 12444,
        "Total Operating Expenses": 33018,
        "Total revenue financing activities": 6134,
        "Net profit from business activities": 20417,
        "Profit": 22,
        "Profit before tax": 21339,
        "Present corporate income tax expenses": 3902,
        "Deferred income taxes expenses": "N/A",
        "The interests of minority shareholders": -102,
        "Total Cost of profits": 3800,
        "Profit after tax corporate income": 17539,
        "Volume": 10000000,
        "Close of Quarter": 42.7,
        "EPS": 4190.7,
        "Non-adjusted EPS": 6286,
        "PE": 6.8,
        "Book Price": 11.5
      }
    },
    {
      "quarter": "Q1 2010",
      "income status": {
        "Net sales": 230363,
        "Cost of goods sold": 180497,
        "Gross Profit": 49866,
        "Financial expenses": 19491,
        "Of which: Interest expense": 19491,
        "Cost of sales": 4311,
        "Enterprise cost management": 13652,
        "Total Operating Expenses": 37454,
        "Total revenue financing activities": 1210,
        "Net profit from business activities": 13622,
        "Profit": 97,
        "Profit before tax": 16405,
        "Present corporate income tax expenses": 3430,
        "Deferred income taxes expenses": -721,
        "The interests of minority shareholders": 39,
        "Total Cost of profits": 2748,
        "Profit after tax corporate income": 13656,
        "Volume": 10000000,
        "Close of Quarter": 37.7,
        "EPS": 3659.3,
        "Non-adjusted EPS": 5489,
        "PE": 6.9,
        "Book Price": 11.7
      }
    },
    {
      "quarter": "Q4 2009",
      "income status": {
        "Net sales": 455872,
        "Cost of goods sold": 414683,
        "Gross Profit": 41189,
        "Financial expenses": 15498,
        "Of which: Interest expense": "N/A",
        "Cost of sales": 863,
        "Enterprise cost management": 9135,
        "Total Operating Expenses": 25496,
        "Total revenue financing activities": 1817,
        "Net profit from business activities": 17509,
        "Profit": 8479,
        "Profit before tax": 25989,
        "Present corporate income tax expenses": 6287,
        "Deferred income taxes expenses": "N/A",
        "The interests of minority shareholders": 410,
        "Total Cost of profits": 6697,
        "Profit after tax corporate income": 19292,
        "Volume": 10000000,
        "Close of Quarter": 34.2,
        "EPS": 2986,
        "Non-adjusted EPS": 4479,
        "PE": 7.6,
        "Book Price": 11.6
      }
    },
    {
      "quarter": "Q3 2009",
      "income status": {
        "Net sales": 190927,
        "Cost of goods sold": 170597,
        "Gross Profit": 20331,
        "Financial expenses": 1914,
        "Of which: Interest expense": "N/A",
        "Cost of sales": 1004,
        "Enterprise cost management": 5480,
        "Total Operating Expenses": 8398,
        "Total revenue financing activities": 791,
        "Net profit from business activities": 12724,
        "Profit": "N/A",
        "Profit before tax": 12724,
        "Present corporate income tax expenses": 2166,
        "Deferred income taxes expenses": "N/A",
        "The interests of minority shareholders": 9,
        "Total Cost of profits": 2175,
        "Profit after tax corporate income": 12372,
        "Volume": 10000000,
        "Close of Quarter": 49.7,
        "EPS": 2608,
        "Non-adjusted EPS": 3912,
        "PE": 12.7,
        "Book Price": 10.1
      }
    },
    {
      "quarter": "Q2 2009",
      "income status": {
        "Net sales": 105098,
        "Cost of goods sold": 94981,
        "Gross Profit": 10117,
        "Financial expenses": -3188,
        "Of which: Interest expense": -3188,
        "Cost of sales": 270,
        "Enterprise cost management": 1908,
        "Total Operating Expenses": -1010,
        "Total revenue financing activities": 486,
        "Net profit from business activities": 11613,
        "Profit": 94,
        "Profit before tax": 11745,
        "Present corporate income tax expenses": 2169,
        "Deferred income taxes expenses": "N/A",
        "The interests of minority shareholders": 4,
        "Total Cost of profits": 2173,
        "Profit after tax corporate income": 9572,
        "Volume": 10000000,
        "Close of Quarter": 21.6,
        "EPS": 2108.7,
        "Non-adjusted EPS": 3163,
        "PE": 6.8,
        "Book Price": 9.3
      }
    },
    {
      "quarter": "Q1 2009",
      "income status": {
        "Net sales": 60631,
        "Cost of goods sold": 44876,
        "Gross Profit": 15755,
        "Financial expenses": 4304,
        "Of which: Interest expense": "N/A",
        "Cost of sales": 855,
        "Enterprise cost management": 6474,
        "Total Operating Expenses": 11633,
        "Total revenue financing activities": 118,
        "Net profit from business activities": 4240,
        "Profit": 7,
        "Profit before tax": 4302,
        "Present corporate income tax expenses": 747,
        "Deferred income taxes expenses": "N/A",
        "The interests of minority shareholders": 1,
        "Total Cost of profits": 748,
        "Profit after tax corporate income": 3554,
        "Volume": 10000000,
        "Close of Quarter": 9.4,
        "EPS": 1470,
        "Non-adjusted EPS": 2205,
        "PE": 4.2,
        "Book Price": 10
      }
    },
    {
      "quarter": "Q4 2008",
      "income status": {
        "Net sales": 228824,
        "Cost of goods sold": 199507,
        "Gross Profit": 29317,
        "Financial expenses": 52,
        "Of which: Interest expense": "N/A",
        "Cost of sales": 278,
        "Enterprise cost management": 6822,
        "Total Operating Expenses": 7152,
        "Total revenue financing activities": 514,
        "Net profit from business activities": 22680,
        "Profit": -3899,
        "Profit before tax": 18780,
        "Present corporate income tax expenses": 5364,
        "Deferred income taxes expenses": -203,
        "The interests of minority shareholders": "N/A",
        "Total Cost of profits": 5161,
        "Profit after tax corporate income": 13620,
        "Volume": 10000000,
        "Close of Quarter": 8.5,
        "EPS": 1233.3,
        "Non-adjusted EPS": 1850,
        "PE": 4.6,
        "Book Price": 9.9
      }
    },
    {
      "quarter": "Q3 2008",
      "income status": {
        "Net sales": 191710,
        "Cost of goods sold": 185997,
        "Gross Profit": 5714,
        "Financial expenses": "N/A",
        "Of which: Interest expense": "N/A",
        "Cost of sales": 797,
        "Enterprise cost management": 3102,
        "Total Operating Expenses": 3899,
        "Total revenue financing activities": 1062,
        "Net profit from business activities": 2877,
        "Profit": 3900,
        "Profit before tax": 6778,
        "Present corporate income tax expenses": 1898,
        "Deferred income taxes expenses": "N/A",
        "The interests of minority shareholders": "N/A",
        "Total Cost of profits": 1898,
        "Profit after tax corporate income": 4880,
        "Volume": 10000000,
        "Close of Quarter": 17.6,
        "EPS": 325.3,
        "Non-adjusted EPS": 488,
        "PE": 36,
        "Book Price": 9
      }
    }
  ]
}