{
  "ticker": "SBC",
  "data": [
    {
      "quarter": "Q3 2014",
      "income status": {
        "Net sales": 471004,
        "Cost of goods sold": 418435,
        "Gross Profit": 52569,
        "Financial expenses": 434,
        "Of which: Interest expense": 434,
        "Cost of sales": 3702,
        "Enterprise cost management": 9735,
        "Total Operating Expenses": 13871,
        "Total revenue financing activities": 175,
        "Net profit from business activities": 38872,
        "Profit": -8,
        "Profit before tax": 38864,
        "Present corporate income tax expenses": 5874,
        "Deferred income taxes expenses": "N/A",
        "The interests of minority shareholders": 5782,
        "Total Cost of profits": 11656,
        "Profit after tax corporate income": 27208,
        "Volume": 8000000,
        "Close of Quarter": 13,
        "EPS": 12008,
        "Non-adjusted EPS": 12008,
        "PE": 1.1,
        "Book Price": 18.4
      }
    },
    {
      "quarter": "Q2 2014",
      "income status": {
        "Net sales": 318750,
        "Cost of goods sold": 274687,
        "Gross Profit": 44063,
        "Financial expenses": 575,
        "Of which: Interest expense": 575,
        "Cost of sales": 3021,
        "Enterprise cost management": 8439,
        "Total Operating Expenses": 12035,
        "Total revenue financing activities": 211,
        "Net profit from business activities": 32239,
        "Profit": -1484,
        "Profit before tax": 30755,
        "Present corporate income tax expenses": 673,
        "Deferred income taxes expenses": "N/A",
        "The interests of minority shareholders": 832,
        "Total Cost of profits": 1505,
        "Profit after tax corporate income": 29250,
        "Volume": 8000000,
        "Close of Quarter": 9,
        "EPS": 6427,
        "Non-adjusted EPS": 6427,
        "PE": 1.4,
        "Book Price": 15
      }
    },
    {
      "quarter": "Q1 2014",
      "income status": {
        "Net sales": 233711,
        "Cost of goods sold": 220339,
        "Gross Profit": 13372,
        "Financial expenses": 538,
        "Of which: Interest expense": 538,
        "Cost of sales": 2404,
        "Enterprise cost management": 7894,
        "Total Operating Expenses": 10836,
        "Total revenue financing activities": 51,
        "Net profit from business activities": 2587,
        "Profit": 118,
        "Profit before tax": 2705,
        "Present corporate income tax expenses": "N/A",
        "Deferred income taxes expenses": "N/A",
        "The interests of minority shareholders": -2069,
        "Total Cost of profits": -2069,
        "Profit after tax corporate income": 4774,
        "Volume": 8000000,
        "Close of Quarter": 9.9,
        "EPS": -5747,
        "Non-adjusted EPS": -5747,
        "PE": -1.7,
        "Book Price": 11.3
      }
    },
    {
      "quarter": "Q4 2013",
      "income status": {
        "Net sales": 363601,
        "Cost of goods sold": 314925,
        "Gross Profit": 48676,
        "Financial expenses": 821,
        "Of which: Interest expense": 821,
        "Cost of sales": 3064,
        "Enterprise cost management": 9590,
        "Total Operating Expenses": 13475,
        "Total revenue financing activities": 64,
        "Net profit from business activities": 35264,
        "Profit": 53,
        "Profit before tax": 35317,
        "Present corporate income tax expenses": 715,
        "Deferred income taxes expenses": -715,
        "The interests of minority shareholders": 485,
        "Total Cost of profits": 485,
        "Profit after tax corporate income": 34832,
        "Volume": 8000000,
        "Close of Quarter": 9.1,
        "EPS": -6227,
        "Non-adjusted EPS": -6227,
        "PE": -1.5,
        "Book Price": 10.8
      }
    },
    {
      "quarter": "Q3 2013",
      "income status": {
        "Net sales": 314108,
        "Cost of goods sold": 321734,
        "Gross Profit": -7626,
        "Financial expenses": 1021,
        "Of which: Interest expense": 1021,
        "Cost of sales": 2911,
        "Enterprise cost management": 8281,
        "Total Operating Expenses": 12213,
        "Total revenue financing activities": 204,
        "Net profit from business activities": -19636,
        "Profit": 25,
        "Profit before tax": -19611,
        "Present corporate income tax expenses": "N/A",
        "Deferred income taxes expenses": "N/A",
        "The interests of minority shareholders": -2167,
        "Total Cost of profits": -2167,
        "Profit after tax corporate income": -17444,
        "Volume": 8000000,
        "Close of Quarter": 8.5,
        "EPS": -9916,
        "Non-adjusted EPS": -9916,
        "PE": -0.9,
        "Book Price": 6.4
      }
    },
    {
      "quarter": "Q2 2013",
      "income status": {
        "Net sales": 257099,
        "Cost of goods sold": 308966,
        "Gross Profit": -51866,
        "Financial expenses": 1051,
        "Of which: Interest expense": 1051,
        "Cost of sales": 4385,
        "Enterprise cost management": 9991,
        "Total Operating Expenses": 15427,
        "Total revenue financing activities": 130,
        "Net profit from business activities": -67163,
        "Profit": -465,
        "Profit before tax": -67628,
        "Present corporate income tax expenses": -630,
        "Deferred income taxes expenses": "N/A",
        "The interests of minority shareholders": 1138,
        "Total Cost of profits": 508,
        "Profit after tax corporate income": -68136,
        "Volume": 8000000,
        "Close of Quarter": 13,
        "EPS": -7451,
        "Non-adjusted EPS": -7451,
        "PE": -1.7,
        "Book Price": 8.6
      }
    },
    {
      "quarter": "Q1 2013",
      "income status": {
        "Net sales": 205931,
        "Cost of goods sold": 189944,
        "Gross Profit": 15988,
        "Financial expenses": 1724,
        "Of which: Interest expense": 1724,
        "Cost of sales": 3020,
        "Enterprise cost management": 9611,
        "Total Operating Expenses": 14355,
        "Total revenue financing activities": 135,
        "Net profit from business activities": 1768,
        "Profit": -1,
        "Profit before tax": 1767,
        "Present corporate income tax expenses": 630,
        "Deferred income taxes expenses": "N/A",
        "The interests of minority shareholders": 205,
        "Total Cost of profits": 835,
        "Profit after tax corporate income": 932,
        "Volume": 8000000,
        "Close of Quarter": 11.8,
        "EPS": 2124,
        "Non-adjusted EPS": 2124,
        "PE": 5.6,
        "Book Price": 17.8
      }
    },
    {
      "quarter": "Q4 2012",
      "income status": {
        "Net sales": 348355,
        "Cost of goods sold": 318596,
        "Gross Profit": 29759,
        "Financial expenses": 1710,
        "Of which: Interest expense": 2340,
        "Cost of sales": 4570,
        "Enterprise cost management": 11954,
        "Total Operating Expenses": 18234,
        "Total revenue financing activities": 429,
        "Net profit from business activities": 11954,
        "Profit": 358,
        "Profit before tax": 12313,
        "Present corporate income tax expenses": 1295,
        "Deferred income taxes expenses": "N/A",
        "The interests of minority shareholders": 5699,
        "Total Cost of profits": 6994,
        "Profit after tax corporate income": 5318,
        "Volume": 8000000,
        "Close of Quarter": 12,
        "EPS": 2305,
        "Non-adjusted EPS": 2305,
        "PE": 5.2,
        "Book Price": 17.7
      }
    },
    {
      "quarter": "Q3 2012",
      "income status": {
        "Net sales": 243545,
        "Cost of goods sold": 225896,
        "Gross Profit": 17649,
        "Financial expenses": 1394,
        "Of which: Interest expense": 1394,
        "Cost of sales": 3010,
        "Enterprise cost management": 8687,
        "Total Operating Expenses": 13091,
        "Total revenue financing activities": 108,
        "Net profit from business activities": 4666,
        "Profit": 37,
        "Profit before tax": 4703,
        "Present corporate income tax expenses": 1034,
        "Deferred income taxes expenses": "N/A",
        "The interests of minority shareholders": 1393,
        "Total Cost of profits": 2427,
        "Profit after tax corporate income": 2276,
        "Volume": 8000000,
        "Close of Quarter": 11.2,
        "EPS": 91,
        "Non-adjusted EPS": 91,
        "PE": 122.8,
        "Book Price": 19
      }
    },
    {
      "quarter": "Q2 2012",
      "income status": {
        "Net sales": 305591,
        "Cost of goods sold": 277351,
        "Gross Profit": 28240,
        "Financial expenses": 2739,
        "Of which: Interest expense": 2739,
        "Cost of sales": 3126,
        "Enterprise cost management": 10611,
        "Total Operating Expenses": 16476,
        "Total revenue financing activities": 211,
        "Net profit from business activities": 11975,
        "Profit": -103,
        "Profit before tax": 11872,
        "Present corporate income tax expenses": 1311,
        "Deferred income taxes expenses": 534,
        "The interests of minority shareholders": 1558,
        "Total Cost of profits": 3403,
        "Profit after tax corporate income": 8469,
        "Volume": 8000000,
        "Close of Quarter": 11.1,
        "EPS": -227,
        "Non-adjusted EPS": -227,
        "PE": -48.9,
        "Book Price": 18.7
      }
    },
    {
      "quarter": "Q1 2012",
      "income status": {
        "Net sales": 120696,
        "Cost of goods sold": 105036,
        "Gross Profit": 15660,
        "Financial expenses": 1891,
        "Of which: Interest expense": 1891,
        "Cost of sales": 3141,
        "Enterprise cost management": 8792,
        "Total Operating Expenses": 13824,
        "Total revenue financing activities": 232,
        "Net profit from business activities": 2068,
        "Profit": "N/A",
        "Profit before tax": 2068,
        "Present corporate income tax expenses": 919,
        "Deferred income taxes expenses": "N/A",
        "The interests of minority shareholders": -1224,
        "Total Cost of profits": -305,
        "Profit after tax corporate income": 2373,
        "Volume": 8000000,
        "Close of Quarter": 9.7,
        "EPS": -848,
        "Non-adjusted EPS": -848,
        "PE": -11.5,
        "Book Price": 17.8
      }
    },
    {
      "quarter": "Q4 2011",
      "income status": {
        "Net sales": 269979,
        "Cost of goods sold": 272403,
        "Gross Profit": -2424,
        "Financial expenses": 3309,
        "Of which: Interest expense": 3309,
        "Cost of sales": 2657,
        "Enterprise cost management": 9538,
        "Total Operating Expenses": 15504,
        "Total revenue financing activities": 1526,
        "Net profit from business activities": -16402,
        "Profit": -13,
        "Profit before tax": -16414,
        "Present corporate income tax expenses": -3035,
        "Deferred income taxes expenses": 490,
        "The interests of minority shareholders": -1478,
        "Total Cost of profits": -4023,
        "Profit after tax corporate income": -12391,
        "Volume": 8000000,
        "Close of Quarter": 10,
        "EPS": -387,
        "Non-adjusted EPS": -387,
        "PE": -25.8,
        "Book Price": 19.5
      }
    },
    {
      "quarter": "Q3 2011",
      "income status": {
        "Net sales": 201537,
        "Cost of goods sold": 187079,
        "Gross Profit": 14457,
        "Financial expenses": 3539,
        "Of which: Interest expense": 3539,
        "Cost of sales": 3087,
        "Enterprise cost management": 9254,
        "Total Operating Expenses": 15880,
        "Total revenue financing activities": 302,
        "Net profit from business activities": -1120,
        "Profit": -1,
        "Profit before tax": 21436,
        "Present corporate income tax expenses": 472,
        "Deferred income taxes expenses": "N/A",
        "The interests of minority shareholders": -1327,
        "Total Cost of profits": -855,
        "Profit after tax corporate income": -265,
        "Volume": 8000000,
        "Close of Quarter": 13.2,
        "EPS": 2147,
        "Non-adjusted EPS": 2147,
        "PE": 6.2,
        "Book Price": 21.1
      }
    },
    {
      "quarter": "Q2 2011",
      "income status": {
        "Net sales": 226747,
        "Cost of goods sold": 200981,
        "Gross Profit": 25766,
        "Financial expenses": 3442,
        "Of which: Interest expense": 2677,
        "Cost of sales": 3102,
        "Enterprise cost management": 9068,
        "Total Operating Expenses": 15612,
        "Total revenue financing activities": 1305,
        "Net profit from business activities": 11459,
        "Profit": -1,
        "Profit before tax": 11457,
        "Present corporate income tax expenses": 3888,
        "Deferred income taxes expenses": -513,
        "The interests of minority shareholders": 4583,
        "Total Cost of profits": 7958,
        "Profit after tax corporate income": 3499,
        "Volume": 8000000,
        "Close of Quarter": 13.5,
        "EPS": 4447,
        "Non-adjusted EPS": 4447,
        "PE": 3.0,
        "Book Price": 21.1
      }
    },
    {
      "quarter": "Q1 2011",
      "income status": {
        "Net sales": 127384,
        "Cost of goods sold": 102623,
        "Gross Profit": 24761,
        "Financial expenses": 1855,
        "Of which: Interest expense": 1855,
        "Cost of sales": 3504,
        "Enterprise cost management": 9212,
        "Total Operating Expenses": 14571,
        "Total revenue financing activities": 832,
        "Net profit from business activities": 11022,
        "Profit": 78,
        "Profit before tax": 11099,
        "Present corporate income tax expenses": 1892,
        "Deferred income taxes expenses": "N/A",
        "The interests of minority shareholders": 3149,
        "Total Cost of profits": 5041,
        "Profit after tax corporate income": 6058,
        "Volume": 8000000,
        "Close of Quarter": 18.2,
        "EPS": 6743,
        "Non-adjusted EPS": 6743,
        "PE": 2.7,
        "Book Price": 21
      }
    },
    {
      "quarter": "Q4 2010",
      "income status": {
        "Net sales": 194104,
        "Cost of goods sold": 184998,
        "Gross Profit": 9106,
        "Financial expenses": 1728,
        "Of which: Interest expense": 1548,
        "Cost of sales": 4461,
        "Enterprise cost management": 8962,
        "Total Operating Expenses": 15151,
        "Total revenue financing activities": 9064,
        "Net profit from business activities": 3019,
        "Profit": 437,
        "Profit before tax": 3457,
        "Present corporate income tax expenses": -4431,
        "Deferred income taxes expenses": "N/A",
        "The interests of minority shareholders": "N/A",
        "Total Cost of profits": -4431,
        "Profit after tax corporate income": 7887,
        "Volume": 8000000,
        "Close of Quarter": 24.4,
        "EPS": 6481,
        "Non-adjusted EPS": 6481,
        "PE": 3.8,
        "Book Price": 21.9
      }
    },
    {
      "quarter": "Q3 2010",
      "income status": {
        "Net sales": 183299,
        "Cost of goods sold": 156742,
        "Gross Profit": 26557,
        "Financial expenses": 655,
        "Of which: Interest expense": 655,
        "Cost of sales": 1914,
        "Enterprise cost management": 5427,
        "Total Operating Expenses": 7996,
        "Total revenue financing activities": 1325,
        "Net profit from business activities": 19886,
        "Profit": 374,
        "Profit before tax": 20260,
        "Present corporate income tax expenses": 2129,
        "Deferred income taxes expenses": "N/A",
        "The interests of minority shareholders": "N/A",
        "Total Cost of profits": 2129,
        "Profit after tax corporate income": 18131,
        "Volume": 8000000,
        "Close of Quarter": 26.5,
        "EPS": 6596,
        "Non-adjusted EPS": 6596,
        "PE": 4.0,
        "Book Price": 24
      }
    },
    {
      "quarter": "Q2 2010",
      "income status": {
        "Net sales": 188177,
        "Cost of goods sold": 153474,
        "Gross Profit": 34703,
        "Financial expenses": 3921,
        "Of which: Interest expense": 3921,
        "Cost of sales": 1748,
        "Enterprise cost management": 5831,
        "Total Operating Expenses": 11500,
        "Total revenue financing activities": 344,
        "Net profit from business activities": 23547,
        "Profit": 2515,
        "Profit before tax": 26062,
        "Present corporate income tax expenses": 4197,
        "Deferred income taxes expenses": "N/A",
        "The interests of minority shareholders": "N/A",
        "Total Cost of profits": 4197,
        "Profit after tax corporate income": 21865,
        "Volume": 8000000,
        "Close of Quarter": 30.2,
        "EPS": 5139,
        "Non-adjusted EPS": 5139,
        "PE": 5.9,
        "Book Price": 22.2
      }
    },
    {
      "quarter": "Q1 2010",
      "income status": {
        "Net sales": 103045,
        "Cost of goods sold": 95028,
        "Gross Profit": 8017,
        "Financial expenses": 581,
        "Of which: Interest expense": 581,
        "Cost of sales": 1298,
        "Enterprise cost management": 3359,
        "Total Operating Expenses": 5238,
        "Total revenue financing activities": 1804,
        "Net profit from business activities": 4583,
        "Profit": 1,
        "Profit before tax": 4584,
        "Present corporate income tax expenses": 620,
        "Deferred income taxes expenses": "N/A",
        "The interests of minority shareholders": "N/A",
        "Total Cost of profits": 620,
        "Profit after tax corporate income": 3964,
        "Volume": 8000000,
        "Close of Quarter": "N/A",
        "EPS": 3268,
        "Non-adjusted EPS": 3268,
        "PE": "N/A",
        "Book Price": 24
      }
    },
    {
      "quarter": "Q3 2009",
      "income status": {
        "Net sales": 134001,
        "Cost of goods sold": 118406,
        "Gross Profit": 15595,
        "Financial expenses": 2557,
        "Of which: Interest expense": 2557,
        "Cost of sales": 1362,
        "Enterprise cost management": 3281,
        "Total Operating Expenses": 7200,
        "Total revenue financing activities": 1020,
        "Net profit from business activities": 9415,
        "Profit": 263,
        "Profit before tax": 9678,
        "Present corporate income tax expenses": 870,
        "Deferred income taxes expenses": "N/A",
        "The interests of minority shareholders": "N/A",
        "Total Cost of profits": 870,
        "Profit after tax corporate income": 8808,
        "Volume": 8000000,
        "Close of Quarter": "N/A",
        "EPS": 2772,
        "Non-adjusted EPS": 2772,
        "PE": "N/A",
        "Book Price": "N/A"
      }
    },
    {
      "quarter": "Q2 2009",
      "income status": {
        "Net sales": 128238,
        "Cost of goods sold": 116465,
        "Gross Profit": 11773,
        "Financial expenses": "N/A",
        "Of which: Interest expense": "N/A",
        "Cost of sales": 1507,
        "Enterprise cost management": 3825,
        "Total Operating Expenses": 5332,
        "Total revenue financing activities": 654,
        "Net profit from business activities": 7096,
        "Profit": 37,
        "Profit before tax": 7132,
        "Present corporate income tax expenses": 657,
        "Deferred income taxes expenses": "N/A",
        "The interests of minority shareholders": "N/A",
        "Total Cost of profits": 657,
        "Profit after tax corporate income": 6475,
        "Volume": 8000000,
        "Close of Quarter": "N/A",
        "EPS": 1671,
        "Non-adjusted EPS": 1671,
        "PE": "N/A",
        "Book Price": "N/A"
      }
    },
    {
      "quarter": "Q1 2009",
      "income status": {
        "Net sales": 81406,
        "Cost of goods sold": 70628,
        "Gross Profit": 10778,
        "Financial expenses": "N/A",
        "Of which: Interest expense": "N/A",
        "Cost of sales": 1554,
        "Enterprise cost management": 2523,
        "Total Operating Expenses": 4077,
        "Total revenue financing activities": 831,
        "Net profit from business activities": 7530,
        "Profit": 29,
        "Profit before tax": 7560,
        "Present corporate income tax expenses": 666,
        "Deferred income taxes expenses": "N/A",
        "The interests of minority shareholders": "N/A",
        "Total Cost of profits": 666,
        "Profit after tax corporate income": 6894,
        "Volume": 8000000,
        "Close of Quarter": "N/A",
        "EPS": 862,
        "Non-adjusted EPS": 862,
        "PE": "N/A",
        "Book Price": "N/A"
      }
    }
  ]
}