{
  "ticker": "NTP",
  "data": [
    {
      "quarter": "Q1 2017",
      "income status": {
        "Net sales": 1028365,
        "Cost of goods sold": 672079,
        "Gross Profit": 356286,
        "Financial expenses": 15944,
        "Of which: Interest expense": "N/A",
        "Cost of sales": 201573,
        "Enterprise cost management": 41528,
        "Total Operating Expenses": 259045,
        "Total revenue financing activities": 494,
        "Net profit from business activities": 105050,
        "Profit": 897,
        "Profit before tax": 105947,
        "Present corporate income tax expenses": 12329,
        "Deferred income taxes expenses": "N/A",
        "The interests of minority shareholders": "N/A",
        "Total Cost of profits": 12329,
        "Profit after tax corporate income": 93618,
        "Volume": 74367307,
        "Close of Quarter": 76.9,
        "EPS": 5486,
        "Non-adjusted EPS": 5486,
        "PE": 14.0,
        "Book Price": 25.9
      }
    },
    {
      "quarter": "Q4 2016",
      "income status": {
        "Net sales": 1250542,
        "Cost of goods sold": 774543,
        "Gross Profit": 475998,
        "Financial expenses": 15043,
        "Of which: Interest expense": "N/A",
        "Cost of sales": 248990,
        "Enterprise cost management": 69138,
        "Total Operating Expenses": 333171,
        "Total revenue financing activities": 149,
        "Net profit from business activities": 127119,
        "Profit": 533,
        "Profit before tax": 127652,
        "Present corporate income tax expenses": 14525,
        "Deferred income taxes expenses": "N/A",
        "The interests of minority shareholders": "N/A",
        "Total Cost of profits": 14525,
        "Profit after tax corporate income": 113127,
        "Volume": 74367307,
        "Close of Quarter": 76.4,
        "EPS": 5346,
        "Non-adjusted EPS": 5346,
        "PE": 14.3,
        "Book Price": 24.7
      }
    },
    {
      "quarter": "Q3 2016",
      "income status": {
        "Net sales": 1108539,
        "Cost of goods sold": 746524,
        "Gross Profit": 362015,
        "Financial expenses": 13085,
        "Of which: Interest expense": "N/A",
        "Cost of sales": 216717,
        "Enterprise cost management": 44300,
        "Total Operating Expenses": 274102,
        "Total revenue financing activities": 1002,
        "Net profit from business activities": 97245,
        "Profit": -69,
        "Profit before tax": 97176,
        "Present corporate income tax expenses": 9425,
        "Deferred income taxes expenses": "N/A",
        "The interests of minority shareholders": "N/A",
        "Total Cost of profits": 9425,
        "Profit after tax corporate income": 87752,
        "Volume": 74367307,
        "Close of Quarter": 83.1,
        "EPS": 5240,
        "Non-adjusted EPS": 5240,
        "PE": 15.9,
        "Book Price": 24.7
      }
    },
    {
      "quarter": "Q2 2016",
      "income status": {
        "Net sales": 1184651,
        "Cost of goods sold": 746485,
        "Gross Profit": 438167,
        "Financial expenses": 14090,
        "Of which: Interest expense": 13643,
        "Cost of sales": 276116,
        "Enterprise cost management": 22715,
        "Total Operating Expenses": 312921,
        "Total revenue financing activities": 849,
        "Net profit from business activities": 135973,
        "Profit": -5894,
        "Profit before tax": 130078,
        "Present corporate income tax expenses": 16634,
        "Deferred income taxes expenses": "N/A",
        "The interests of minority shareholders": "N/A",
        "Total Cost of profits": 16634,
        "Profit after tax corporate income": 113445,
        "Volume": 61973095,
        "Close of Quarter": 63.6,
        "EPS": 5214.2,
        "Non-adjusted EPS": 6257,
        "PE": 10.2,
        "Book Price": 23.5
      }
    },
    {
      "quarter": "Q1 2016",
      "income status": {
        "Net sales": 809452,
        "Cost of goods sold": 513747,
        "Gross Profit": 295705,
        "Financial expenses": 13509,
        "Of which: Interest expense": 13487,
        "Cost of sales": 135745,
        "Enterprise cost management": 59170,
        "Total Operating Expenses": 208424,
        "Total revenue financing activities": 390,
        "Net profit from business activities": 92935,
        "Profit": -506,
        "Profit before tax": 92429,
        "Present corporate income tax expenses": 9179,
        "Deferred income taxes expenses": "N/A",
        "The interests of minority shareholders": "N/A",
        "Total Cost of profits": 9179,
        "Profit after tax corporate income": 83250,
        "Volume": 61973095,
        "Close of Quarter": 53.6,
        "EPS": 5097.5,
        "Non-adjusted EPS": 6117,
        "PE": 8.8,
        "Book Price": 22
      }
    },
    {
      "quarter": "Q4 2015",
      "income status": {
        "Net sales": 1013854,
        "Cost of goods sold": 646906,
        "Gross Profit": 366947,
        "Financial expenses": 16655,
        "Of which: Interest expense": "N/A",
        "Cost of sales": 202328,
        "Enterprise cost management": 44910,
        "Total Operating Expenses": 263893,
        "Total revenue financing activities": 865,
        "Net profit from business activities": 107939,
        "Profit": 10029,
        "Profit before tax": 117968,
        "Present corporate income tax expenses": 12717,
        "Deferred income taxes expenses": "N/A",
        "The interests of minority shareholders": "N/A",
        "Total Cost of profits": 12717,
        "Profit after tax corporate income": 105251,
        "Volume": 61973095,
        "Close of Quarter": 45.4,
        "EPS": 4929.2,
        "Non-adjusted EPS": 5915,
        "PE": 7.7,
        "Book Price": 23.1
      }
    },
    {
      "quarter": "Q3 2015",
      "income status": {
        "Net sales": 908978,
        "Cost of goods sold": 576683,
        "Gross Profit": 332295,
        "Financial expenses": 13077,
        "Of which: Interest expense": 12376,
        "Cost of sales": 194422,
        "Enterprise cost management": 40770,
        "Total Operating Expenses": 248269,
        "Total revenue financing activities": 194,
        "Net profit from business activities": 93066,
        "Profit": 780,
        "Profit before tax": 93845,
        "Present corporate income tax expenses": 8038,
        "Deferred income taxes expenses": "N/A",
        "The interests of minority shareholders": "N/A",
        "Total Cost of profits": 8038,
        "Profit after tax corporate income": 85807,
        "Volume": 61973095,
        "Close of Quarter": 34.4,
        "EPS": 4727.5,
        "Non-adjusted EPS": 5673,
        "PE": 6.1,
        "Book Price": 21.8
      }
    },
    {
      "quarter": "Q2 2015",
      "income status": {
        "Net sales": 990502,
        "Cost of goods sold": 636572,
        "Gross Profit": 353930,
        "Financial expenses": 13094,
        "Of which: Interest expense": 12733,
        "Cost of sales": 189104,
        "Enterprise cost management": 37014,
        "Total Operating Expenses": 239212,
        "Total revenue financing activities": 195,
        "Net profit from business activities": 118971,
        "Profit": 997,
        "Profit before tax": 119967,
        "Present corporate income tax expenses": 15178,
        "Deferred income taxes expenses": "N/A",
        "The interests of minority shareholders": "N/A",
        "Total Cost of profits": 15178,
        "Profit after tax corporate income": 104789,
        "Volume": 56339290,
        "Close of Quarter": 34.0,
        "EPS": 4473.5,
        "Non-adjusted EPS": 5905,
        "PE": 5.8,
        "Book Price": 20.6
      }
    },
    {
      "quarter": "Q1 2015",
      "income status": {
        "Net sales": 645910,
        "Cost of goods sold": 437042,
        "Gross Profit": 208868,
        "Financial expenses": 9067,
        "Of which: Interest expense": 9016,
        "Cost of sales": 91870,
        "Enterprise cost management": 29327,
        "Total Operating Expenses": 130264,
        "Total revenue financing activities": 447,
        "Net profit from business activities": 80146,
        "Profit": 350,
        "Profit before tax": 80496,
        "Present corporate income tax expenses": 9795,
        "Deferred income taxes expenses": "N/A",
        "The interests of minority shareholders": "N/A",
        "Total Cost of profits": 9795,
        "Profit after tax corporate income": 70700,
        "Volume": 56339290,
        "Close of Quarter": 34.0,
        "EPS": 4356.9,
        "Non-adjusted EPS": 5751,
        "PE": 5.9,
        "Book Price": 19.9
      }
    },
    {
      "quarter": "Q4 2014",
      "income status": {
        "Net sales": 876791,
        "Cost of goods sold": 618104,
        "Gross Profit": 258687,
        "Financial expenses": 13302,
        "Of which: Interest expense": 12064,
        "Cost of sales": 98824,
        "Enterprise cost management": 32883,
        "Total Operating Expenses": 145009,
        "Total revenue financing activities": 561,
        "Net profit from business activities": 112202,
        "Profit": -3137,
        "Profit before tax": 109065,
        "Present corporate income tax expenses": 18764,
        "Deferred income taxes expenses": "N/A",
        "The interests of minority shareholders": "N/A",
        "Total Cost of profits": 18764,
        "Profit after tax corporate income": 90301,
        "Volume": 56339290,
        "Close of Quarter": 35.6,
        "EPS": 4310.6,
        "Non-adjusted EPS": 5690,
        "PE": 6.3,
        "Book Price": 19.7
      }
    },
    {
      "quarter": "Q3 2014",
      "income status": {
        "Net sales": 723852,
        "Cost of goods sold": 497783,
        "Gross Profit": 226068,
        "Financial expenses": 9209,
        "Of which: Interest expense": 9162,
        "Cost of sales": 119039,
        "Enterprise cost management": 27977,
        "Total Operating Expenses": 156225,
        "Total revenue financing activities": 1037,
        "Net profit from business activities": 75350,
        "Profit": 674,
        "Profit before tax": 76024,
        "Present corporate income tax expenses": 9142,
        "Deferred income taxes expenses": "N/A",
        "The interests of minority shareholders": "N/A",
        "Total Cost of profits": 9142,
        "Profit after tax corporate income": 66882,
        "Volume": 56339290,
        "Close of Quarter": 30.6,
        "EPS": 4082.6,
        "Non-adjusted EPS": 5389,
        "PE": 5.7,
        "Book Price": 18.4
      }
    },
    {
      "quarter": "Q2 2014",
      "income status": {
        "Net sales": 833403,
        "Cost of goods sold": 582807,
        "Gross Profit": 250596,
        "Financial expenses": 8327,
        "Of which: Interest expense": 8105,
        "Cost of sales": 115449,
        "Enterprise cost management": 26983,
        "Total Operating Expenses": 150759,
        "Total revenue financing activities": 755,
        "Net profit from business activities": 110595,
        "Profit": 936,
        "Profit before tax": 111531,
        "Present corporate income tax expenses": 15390,
        "Deferred income taxes expenses": "N/A",
        "The interests of minority shareholders": "N/A",
        "Total Cost of profits": 15390,
        "Profit after tax corporate income": 96141,
        "Volume": 43337996,
        "Close of Quarter": 35.0,
        "EPS": 3872.4,
        "Non-adjusted EPS": 6645,
        "PE": 5.3,
        "Book Price": 17.5
      }
    },
    {
      "quarter": "Q1 2014",
      "income status": {
        "Net sales": 563490,
        "Cost of goods sold": 372910,
        "Gross Profit": 190580,
        "Financial expenses": 6867,
        "Of which: Interest expense": 6812,
        "Cost of sales": 80847,
        "Enterprise cost management": 24803,
        "Total Operating Expenses": 112517,
        "Total revenue financing activities": 300,
        "Net profit from business activities": 80648,
        "Profit": -144,
        "Profit before tax": 80505,
        "Present corporate income tax expenses": 13252,
        "Deferred income taxes expenses": "N/A",
        "The interests of minority shareholders": "N/A",
        "Total Cost of profits": 13252,
        "Profit after tax corporate income": 67253,
        "Volume": 43337996,
        "Close of Quarter": 36.1,
        "EPS": 3922.0,
        "Non-adjusted EPS": 6730,
        "PE": 5.4,
        "Book Price": 17.4
      }
    },
    {
      "quarter": "Q4 2013",
      "income status": {
        "Net sales": 649726,
        "Cost of goods sold": 437359,
        "Gross Profit": 212367,
        "Financial expenses": 7687,
        "Of which: Interest expense": 7318,
        "Cost of sales": 78428,
        "Enterprise cost management": 29783,
        "Total Operating Expenses": 115898,
        "Total revenue financing activities": 559,
        "Net profit from business activities": 97029,
        "Profit": -1579,
        "Profit before tax": 98980,
        "Present corporate income tax expenses": 25651,
        "Deferred income taxes expenses": "N/A",
        "The interests of minority shareholders": "N/A",
        "Total Cost of profits": 25651,
        "Profit after tax corporate income": 73329,
        "Volume": 43337996,
        "Close of Quarter": 30.0,
        "EPS": 3894.0,
        "Non-adjusted EPS": 6682,
        "PE": 4.5,
        "Book Price": 16.5
      }
    },
    {
      "quarter": "Q3 2013",
      "income status": {
        "Net sales": 573169,
        "Cost of goods sold": 371770,
        "Gross Profit": 201400,
        "Financial expenses": 5283,
        "Of which: Interest expense": 4527,
        "Cost of sales": 109563,
        "Enterprise cost management": 23271,
        "Total Operating Expenses": 138117,
        "Total revenue financing activities": 1839,
        "Net profit from business activities": 65123,
        "Profit": 130,
        "Profit before tax": 68101,
        "Present corporate income tax expenses": 16828,
        "Deferred income taxes expenses": "N/A",
        "The interests of minority shareholders": "N/A",
        "Total Cost of profits": 16828,
        "Profit after tax corporate income": 51273,
        "Volume": 43337996,
        "Close of Quarter": 29.0,
        "EPS": 4192.9,
        "Non-adjusted EPS": 7195,
        "PE": 4.0,
        "Book Price": 16.4
      }
    },
    {
      "quarter": "Q2 2013",
      "income status": {
        "Net sales": 703549,
        "Cost of goods sold": 444132,
        "Gross Profit": 259417,
        "Financial expenses": 5723,
        "Of which: Interest expense": 4144,
        "Cost of sales": 105930,
        "Enterprise cost management": 24317,
        "Total Operating Expenses": 135970,
        "Total revenue financing activities": 1438,
        "Net profit from business activities": 124885,
        "Profit": 41,
        "Profit before tax": 131061,
        "Present corporate income tax expenses": 31238,
        "Deferred income taxes expenses": "N/A",
        "The interests of minority shareholders": "N/A",
        "Total Cost of profits": 31238,
        "Profit after tax corporate income": 99823,
        "Volume": 43337996,
        "Close of Quarter": 22.5,
        "EPS": 4334.5,
        "Non-adjusted EPS": 7438,
        "PE": 3.0,
        "Book Price": 15.7
      }
    },
    {
      "quarter": "Q1 2013",
      "income status": {
        "Net sales": 554288,
        "Cost of goods sold": 353194,
        "Gross Profit": 201094,
        "Financial expenses": 5378,
        "Of which: Interest expense": "N/A",
        "Cost of sales": 87532,
        "Enterprise cost management": 23443,
        "Total Operating Expenses": 116353,
        "Total revenue financing activities": 518,
        "Net profit from business activities": 85259,
        "Profit": 142,
        "Profit before tax": 86504,
        "Present corporate income tax expenses": 21350,
        "Deferred income taxes expenses": "N/A",
        "The interests of minority shareholders": "N/A",
        "Total Cost of profits": 21350,
        "Profit after tax corporate income": 65154,
        "Volume": 43337996,
        "Close of Quarter": 19.8,
        "EPS": 4011.7,
        "Non-adjusted EPS": 6884,
        "PE": 2.9,
        "Book Price": 15.9
      }
    },
    {
      "quarter": "Q4 2012",
      "income status": {
        "Net sales": 650110,
        "Cost of goods sold": 418536,
        "Gross Profit": 231575,
        "Financial expenses": 9556,
        "Of which: Interest expense": "N/A",
        "Cost of sales": 88514,
        "Enterprise cost management": 25026,
        "Total Operating Expenses": 123096,
        "Total revenue financing activities": 776,
        "Net profit from business activities": 109255,
        "Profit": 11724,
        "Profit before tax": 124726,
        "Present corporate income tax expenses": 26654,
        "Deferred income taxes expenses": 2520,
        "The interests of minority shareholders": "N/A",
        "Total Cost of profits": 29174,
        "Profit after tax corporate income": 95551,
        "Volume": 43337996,
        "Close of Quarter": 15.9,
        "EPS": 3939.4,
        "Non-adjusted EPS": 6760,
        "PE": 2.4,
        "Book Price": 15.0
      }
    },
    {
      "quarter": "Q3 2012",
      "income status": {
        "Net sales": 547092,
        "Cost of goods sold": 366773,
        "Gross Profit": 180319,
        "Financial expenses": 8169,
        "Of which: Interest expense": "N/A",
        "Cost of sales": 74645,
        "Enterprise cost management": 20057,
        "Total Operating Expenses": 102871,
        "Total revenue financing activities": 624,
        "Net profit from business activities": 78073,
        "Profit": -215,
        "Profit before tax": 81326,
        "Present corporate income tax expenses": 19449,
        "Deferred income taxes expenses": "N/A",
        "The interests of minority shareholders": 43,
        "Total Cost of profits": 19492,
        "Profit after tax corporate income": 61834,
        "Volume": 43337996,
        "Close of Quarter": 14.1,
        "EPS": 3217.4,
        "Non-adjusted EPS": 5521,
        "PE": 2.6,
        "Book Price": 14.3
      }
    },
    {
      "quarter": "Q2 2012",
      "income status": {
        "Net sales": 606925,
        "Cost of goods sold": 409703,
        "Gross Profit": 197222,
        "Financial expenses": 9002,
        "Of which: Interest expense": 8612,
        "Cost of sales": 71880,
        "Enterprise cost management": 19203,
        "Total Operating Expenses": 100085,
        "Total revenue financing activities": 610,
        "Net profit from business activities": 97747,
        "Profit": 322,
        "Profit before tax": 100971,
        "Present corporate income tax expenses": 25155,
        "Deferred income taxes expenses": "N/A",
        "The interests of minority shareholders": "N/A",
        "Total Cost of profits": 25155,
        "Profit after tax corporate income": 75816,
        "Volume": 43337996,
        "Close of Quarter": 17.3,
        "EPS": 3218.0,
        "Non-adjusted EPS": 5522,
        "PE": 3.1,
        "Book Price": 13.5
      }
    },
    {
      "quarter": "Q1 2012",
      "income status": {
        "Net sales": 559458,
        "Cost of goods sold": 385527,
        "Gross Profit": 173932,
        "Financial expenses": 14419,
        "Of which: Interest expense": 14067,
        "Cost of sales": 61452,
        "Enterprise cost management": 18909,
        "Total Operating Expenses": 94780,
        "Total revenue financing activities": 296,
        "Net profit from business activities": 79448,
        "Profit": 264,
        "Profit before tax": 79712,
        "Present corporate income tax expenses": 19928,
        "Deferred income taxes expenses": "N/A",
        "The interests of minority shareholders": "N/A",
        "Total Cost of profits": 19928,
        "Profit after tax corporate income": 59784,
        "Volume": 43337996,
        "Close of Quarter": 20.9,
        "EPS": 3586.3,
        "Non-adjusted EPS": 6154,
        "PE": 3.4,
        "Book Price": 13.2
      }
    },
    {
      "quarter": "Q4 2011",
      "income status": {
        "Net sales": 585866,
        "Cost of goods sold": 410634,
        "Gross Profit": 175232,
        "Financial expenses": 16227,
        "Of which: Interest expense": 15798,
        "Cost of sales": 77125,
        "Enterprise cost management": 29393,
        "Total Operating Expenses": 122745,
        "Total revenue financing activities": 3382,
        "Net profit from business activities": 55869,
        "Profit": -192,
        "Profit before tax": 345371,
        "Present corporate income tax expenses": 13825,
        "Deferred income taxes expenses": "N/A",
        "The interests of minority shareholders": "N/A",
        "Total Cost of profits": 13825,
        "Profit after tax corporate income": 41852,
        "Volume": 43337996,
        "Close of Quarter": 13.2,
        "EPS": 3570.0,
        "Non-adjusted EPS": 6126,
        "PE": 2.2,
        "Book Price": 12.8
      }
    },
    {
      "quarter": "Q3 2011",
      "income status": {
        "Net sales": 520604,
        "Cost of goods sold": 353525,
        "Gross Profit": 167079,
        "Financial expenses": 18659,
        "Of which: Interest expense": 12862,
        "Cost of sales": 52033,
        "Enterprise cost management": 17942,
        "Total Operating Expenses": 88634,
        "Total revenue financing activities": 4465,
        "Net profit from business activities": 82910,
        "Profit": -214,
        "Profit before tax": 289694,
        "Present corporate income tax expenses": 20818,
        "Deferred income taxes expenses": "N/A",
        "The interests of minority shareholders": "N/A",
        "Total Cost of profits": 20818,
        "Profit after tax corporate income": 61878,
        "Volume": 21668998,
        "Close of Quarter": 12.8,
        "EPS": 4159.7,
        "Non-adjusted EPS": 14276,
        "PE": 0.9,
        "Book Price": 12.3
      }
    },
    {
      "quarter": "Q2 2011",
      "income status": {
        "Net sales": 682308,
        "Cost of goods sold": 439643,
        "Gross Profit": 242665,
        "Financial expenses": 15222,
        "Of which: Interest expense": 8003,
        "Cost of sales": 69162,
        "Enterprise cost management": 30801,
        "Total Operating Expenses": 115185,
        "Total revenue financing activities": 10914,
        "Net profit from business activities": 138394,
        "Profit": -102,
        "Profit before tax": 139370,
        "Present corporate income tax expenses": 43540,
        "Deferred income taxes expenses": -11432,
        "The interests of minority shareholders": 4073,
        "Total Cost of profits": 36181,
        "Profit after tax corporate income": 103189,
        "Volume": 21668998,
        "Close of Quarter": 14.5,
        "EPS": 4123.6,
        "Non-adjusted EPS": 14152,
        "PE": 1.0,
        "Book Price": 11.7
      }
    },
    {
      "quarter": "Q1 2011",
      "income status": {
        "Net sales": 600559,
        "Cost of goods sold": 417425,
        "Gross Profit": 183134,
        "Financial expenses": 33016,
        "Of which: Interest expense": 5702,
        "Cost of sales": 56574,
        "Enterprise cost management": 16081,
        "Total Operating Expenses": 105671,
        "Total revenue financing activities": 349,
        "Net profit from business activities": 77813,
        "Profit": 175,
        "Profit before tax": 77987,
        "Present corporate income tax expenses": 19397,
        "Deferred income taxes expenses": "N/A",
        "The interests of minority shareholders": "N/A",
        "Total Cost of profits": 19397,
        "Profit after tax corporate income": 58591,
        "Volume": 21668998,
        "Close of Quarter": 16.1,
        "EPS": 4145.7,
        "Non-adjusted EPS": 14228,
        "PE": 1.1,
        "Book Price": 11.3
      }
    },
    {
      "quarter": "Q4 2010",
      "income status": {
        "Net sales": 568560,
        "Cost of goods sold": 357543,
        "Gross Profit": 211017,
        "Financial expenses": 16173,
        "Of which: Interest expense": 5246,
        "Cost of sales": 64054,
        "Enterprise cost management": 25680,
        "Total Operating Expenses": 105907,
        "Total revenue financing activities": 1720,
        "Net profit from business activities": 106830,
        "Profit": 41,
        "Profit before tax": 106871,
        "Present corporate income tax expenses": 21187,
        "Deferred income taxes expenses": "N/A",
        "The interests of minority shareholders": "N/A",
        "Total Cost of profits": 21187,
        "Profit after tax corporate income": 85684,
        "Volume": 21668998,
        "Close of Quarter": 20.3,
        "EPS": 4292,
        "Non-adjusted EPS": 14730,
        "PE": 1.4,
        "Book Price": 10.6
      }
    },
    {
      "quarter": "Q3 2010",
      "income status": {
        "Net sales": 477305,
        "Cost of goods sold": 340353,
        "Gross Profit": 136951,
        "Financial expenses": 8920,
        "Of which: Interest expense": 4691,
        "Cost of sales": 42632,
        "Enterprise cost management": 14956,
        "Total Operating Expenses": 66508,
        "Total revenue financing activities": 8587,
        "Net profit from business activities": 79030,
        "Profit": -90,
        "Profit before tax": 78941,
        "Present corporate income tax expenses": 19735,
        "Deferred income taxes expenses": "N/A",
        "The interests of minority shareholders": "N/A",
        "Total Cost of profits": 19735,
        "Profit after tax corporate income": 59206,
        "Volume": 21668998,
        "Close of Quarter": 17.2,
        "EPS": 3759.7,
        "Non-adjusted EPS": 12903,
        "PE": 1.3,
        "Book Price": 10.1
      }
    },
    {
      "quarter": "Q2 2010",
      "income status": {
        "Net sales": 522133,
        "Cost of goods sold": 337489,
        "Gross Profit": 184644,
        "Financial expenses": 4825,
        "Of which: Interest expense": 4327,
        "Cost of sales": 45853,
        "Enterprise cost management": 33875,
        "Total Operating Expenses": 84553,
        "Total revenue financing activities": 6310,
        "Net profit from business activities": 106401,
        "Profit": -438,
        "Profit before tax": 105036,
        "Present corporate income tax expenses": 3466,
        "Deferred income taxes expenses": "N/A",
        "The interests of minority shareholders": -3251,
        "Total Cost of profits": 215,
        "Profit after tax corporate income": 104821,
        "Volume": 21668998,
        "Close of Quarter": 20.3,
        "EPS": 4354.4,
        "Non-adjusted EPS": 14944,
        "PE": 1.4,
        "Book Price": 9.3
      }
    },
    {
      "quarter": "Q1 2010",
      "income status": {
        "Net sales": 408753,
        "Cost of goods sold": 271151,
        "Gross Profit": 137602,
        "Financial expenses": 14163,
        "Of which: Interest expense": 4211,
        "Cost of sales": 35126,
        "Enterprise cost management": 11128,
        "Total Operating Expenses": 60417,
        "Total revenue financing activities": 384,
        "Net profit from business activities": 77568,
        "Profit": 451,
        "Profit before tax": 78346,
        "Present corporate income tax expenses": 10016,
        "Deferred income taxes expenses": "N/A",
        "The interests of minority shareholders": -1141,
        "Total Cost of profits": 8875,
        "Profit after tax corporate income": 69471,
        "Volume": 21668998,
        "Close of Quarter": 21.0,
        "EPS": 4380.9,
        "Non-adjusted EPS": 15035,
        "PE": 1.4,
        "Book Price": 8.3
      }
    },
    {
      "quarter": "Q4 2009",
      "income status": {
        "Net sales": 401887,
        "Cost of goods sold": 282201,
        "Gross Profit": 119686,
        "Financial expenses": 8571,
        "Of which: Interest expense": 1964,
        "Cost of sales": 49540,
        "Enterprise cost management": 15707,
        "Total Operating Expenses": 73818,
        "Total revenue financing activities": 6884,
        "Net profit from business activities": 52753,
        "Profit": 133,
        "Profit before tax": 52885,
        "Present corporate income tax expenses": 6797,
        "Deferred income taxes expenses": "N/A",
        "The interests of minority shareholders": "N/A",
        "Total Cost of profits": 6797,
        "Profit after tax corporate income": 46088,
        "Volume": 21668998,
        "Close of Quarter": 22.1,
        "EPS": 4178.4,
        "Non-adjusted EPS": 14340,
        "PE": 1.5,
        "Book Price": 7.4
      }
    },
    {
      "quarter": "Q3 2009",
      "income status": {
        "Net sales": 405274,
        "Cost of goods sold": 243754,
        "Gross Profit": 161520,
        "Financial expenses": 3062,
        "Of which: Interest expense": 2179,
        "Cost of sales": 32793,
        "Enterprise cost management": 7731,
        "Total Operating Expenses": 43586,
        "Total revenue financing activities": 275,
        "Net profit from business activities": 118209,
        "Profit": "N/A",
        "Profit before tax": 118208,
        "Present corporate income tax expenses": 14776,
        "Deferred income taxes expenses": "N/A",
        "The interests of minority shareholders": "N/A",
        "Total Cost of profits": 14776,
        "Profit after tax corporate income": 103432,
        "Volume": 21668998,
        "Close of Quarter": 19.7,
        "EPS": 3697.9,
        "Non-adjusted EPS": 12691,
        "PE": 1.6,
        "Book Price": 7.3
      }
    },
    {
      "quarter": "Q2 2009",
      "income status": {
        "Net sales": 404996,
        "Cost of goods sold": 236708,
        "Gross Profit": 168288,
        "Financial expenses": 3224,
        "Of which: Interest expense": 3002,
        "Cost of sales": "N/A",
        "Enterprise cost management": 43096,
        "Total Operating Expenses": 46320,
        "Total revenue financing activities": 683,
        "Net profit from business activities": 122650,
        "Profit": -593,
        "Profit before tax": 122057,
        "Present corporate income tax expenses": 15257,
        "Deferred income taxes expenses": "N/A",
        "The interests of minority shareholders": "N/A",
        "Total Cost of profits": 15257,
        "Profit after tax corporate income": 106800,
        "Volume": 21668998,
        "Close of Quarter": 12.7,
        "EPS": 2984.9,
        "Non-adjusted EPS": 10244,
        "PE": 1.2,
        "Book Price": 5.9
      }
    },
    {
      "quarter": "Q1 2009",
      "income status": {
        "Net sales": 279691,
        "Cost of goods sold": 182521,
        "Gross Profit": 97171,
        "Financial expenses": 6753,
        "Of which: Interest expense": 4652,
        "Cost of sales": "N/A",
        "Enterprise cost management": 28739,
        "Total Operating Expenses": 35492,
        "Total revenue financing activities": 491,
        "Net profit from business activities": 62170,
        "Profit": 6,
        "Profit before tax": 62176,
        "Present corporate income tax expenses": 7772,
        "Deferred income taxes expenses": "N/A",
        "The interests of minority shareholders": "N/A",
        "Total Cost of profits": 7772,
        "Profit after tax corporate income": 54404,
        "Volume": 21668998,
        "Close of Quarter": 6.8,
        "EPS": 2302.5,
        "Non-adjusted EPS": 7902,
        "PE": 0.9,
        "Book Price": 6.2
      }
    },
    {
      "quarter": "Q4 2008",
      "income status": {
        "Net sales": 227322,
        "Cost of goods sold": 174216,
        "Gross Profit": 53106,
        "Financial expenses": 10488,
        "Of which: Interest expense": 8255,
        "Cost of sales": 26564,
        "Enterprise cost management": 7255,
        "Total Operating Expenses": 44307,
        "Total revenue financing activities": 1164,
        "Net profit from business activities": 9963,
        "Profit": 413,
        "Profit before tax": 10376,
        "Present corporate income tax expenses": "N/A",
        "Deferred income taxes expenses": "N/A",
        "The interests of minority shareholders": "N/A",
        "Total Cost of profits": 0,
        "Profit after tax corporate income": 10376,
        "Volume": 21668998,
        "Close of Quarter": 6.8,
        "EPS": 2040.5,
        "Non-adjusted EPS": 7003,
        "PE": 1.0,
        "Book Price": 5.5
      }
    },
    {
      "quarter": "Q3 2008",
      "income status": {
        "Net sales": 255315,
        "Cost of goods sold": 175861,
        "Gross Profit": 79453,
        "Financial expenses": 8158,
        "Of which: Interest expense": 8130,
        "Cost of sales": 16282,
        "Enterprise cost management": 5844,
        "Total Operating Expenses": 30284,
        "Total revenue financing activities": 1244,
        "Net profit from business activities": 50412,
        "Profit": -5,
        "Profit before tax": 50407,
        "Present corporate income tax expenses": "N/A",
        "Deferred income taxes expenses": "N/A",
        "The interests of minority shareholders": "N/A",
        "Total Cost of profits": 0,
        "Profit after tax corporate income": 50407,
        "Volume": 21668998,
        "Close of Quarter": 10.9,
        "EPS": 2376.2,
        "Non-adjusted EPS": 8155,
        "PE": 1.3,
        "Book Price": 5.8
      }
    },
    {
      "quarter": "Q2 2008",
      "income status": {
        "Net sales": 357618,
        "Cost of goods sold": 255099,
        "Gross Profit": 102518,
        "Financial expenses": 15943,
        "Of which: Interest expense": 3833,
        "Cost of sales": 25477,
        "Enterprise cost management": 5583,
        "Total Operating Expenses": 47003,
        "Total revenue financing activities": 515,
        "Net profit from business activities": 56032,
        "Profit": "N/A",
        "Profit before tax": 56031,
        "Present corporate income tax expenses": "N/A",
        "Deferred income taxes expenses": "N/A",
        "The interests of minority shareholders": "N/A",
        "Total Cost of profits": 0,
        "Profit after tax corporate income": 56031,
        "Volume": 21668998,
        "Close of Quarter": 5.6,
        "EPS": 2066.2,
        "Non-adjusted EPS": 7091,
        "PE": 0.8,
        "Book Price": 5.1
      }
    },
    {
      "quarter": "Q1 2008",
      "income status": {
        "Net sales": 254228,
        "Cost of goods sold": 192405,
        "Gross Profit": 61824,
        "Financial expenses": 3318,
        "Of which: Interest expense": 1845,
        "Cost of sales": 19631,
        "Enterprise cost management": 5854,
        "Total Operating Expenses": 28803,
        "Total revenue financing activities": 1540,
        "Net profit from business activities": 34562,
        "Profit": 366,
        "Profit before tax": 34928,
        "Present corporate income tax expenses": "N/A",
        "Deferred income taxes expenses": "N/A",
        "The interests of minority shareholders": "N/A",
        "Total Cost of profits": 0,
        "Profit after tax corporate income": 34928,
        "Volume": 21668998,
        "Close of Quarter": 10.5,
        "EPS": 1785.9,
        "Non-adjusted EPS": 6129,
        "PE": 1.7,
        "Book Price": 5.0
      }
    },
    {
      "quarter": "Q4 2007",
      "income status": {
        "Net sales": 274877,
        "Cost of goods sold": 212035,
        "Gross Profit": 62842,
        "Financial expenses": 1801,
        "Of which: Interest expense": 1387,
        "Cost of sales": 20490,
        "Enterprise cost management": 5962,
        "Total Operating Expenses": 28253,
        "Total revenue financing activities": 661,
        "Net profit from business activities": 35250,
        "Profit": 86,
        "Profit before tax": 35335,
        "Present corporate income tax expenses": "N/A",
        "Deferred income taxes expenses": "N/A",
        "The interests of minority shareholders": "N/A",
        "Total Cost of profits": 0,
        "Profit after tax corporate income": 35335,
        "Volume": 21668998,
        "Close of Quarter": 20,
        "EPS": 1691.2,
        "Non-adjusted EPS": 5804,
        "PE": 3.5,
        "Book Price": 4.6
      }
    },
    {
      "quarter": "Q3 2007",
      "income status": {
        "Net sales": 232437,
        "Cost of goods sold": 184678,
        "Gross Profit": 47759,
        "Financial expenses": 1376,
        "Of which: Interest expense": 1234,
        "Cost of sales": 15597,
        "Enterprise cost management": 4426,
        "Total Operating Expenses": 21399,
        "Total revenue financing activities": 954,
        "Net profit from business activities": 27314,
        "Profit": 57,
        "Profit before tax": 27371,
        "Present corporate income tax expenses": "N/A",
        "Deferred income taxes expenses": "N/A",
        "The interests of minority shareholders": "N/A",
        "Total Cost of profits": 0,
        "Profit after tax corporate income": 27371,
        "Volume": 21668998,
        "Close of Quarter": 22.5,
        "EPS": 1423.7,
        "Non-adjusted EPS": 4886,
        "PE": 4.6,
        "Book Price": 4.1
      }
    },
    {
      "quarter": "Q2 2007",
      "income status": {
        "Net sales": 232642,
        "Cost of goods sold": 168808,
        "Gross Profit": 63834,
        "Financial expenses": 1707,
        "Of which: Interest expense": 1324,
        "Cost of sales": 23254,
        "Enterprise cost management": 5474,
        "Total Operating Expenses": 30435,
        "Total revenue financing activities": 1783,
        "Net profit from business activities": 35182,
        "Profit": 4,
        "Profit before tax": 35185,
        "Present corporate income tax expenses": "N/A",
        "Deferred income taxes expenses": "N/A",
        "The interests of minority shareholders": "N/A",
        "Total Cost of profits": 0,
        "Profit after tax corporate income": 35185,
        "Volume": 21668998,
        "Close of Quarter": 21.6,
        "EPS": 1312.4,
        "Non-adjusted EPS": 4504,
        "PE": 4.8,
        "Book Price": 4.0
      }
    },
    {
      "quarter": "Q1 2007",
      "income status": {
        "Net sales": 163340,
        "Cost of goods sold": 122822,
        "Gross Profit": 40518,
        "Financial expenses": 1235,
        "Of which: Interest expense": 1140,
        "Cost of sales": 7649,
        "Enterprise cost management": 4217,
        "Total Operating Expenses": 13101,
        "Total revenue financing activities": 452,
        "Net profit from business activities": 27869,
        "Profit": 1,
        "Profit before tax": 27870,
        "Present corporate income tax expenses": "N/A",
        "Deferred income taxes expenses": "N/A",
        "The interests of minority shareholders": "N/A",
        "Total Cost of profits": 0,
        "Profit after tax corporate income": 27870,
        "Volume": 14446000,
        "Close of Quarter": 26.6,
        "EPS": 1614.8,
        "Non-adjusted EPS": 8313,
        "PE": 3.2,
        "Book Price": 3.7
      }
    },
    {
      "quarter": "Q4 2006",
      "income status": {
        "Net sales": 188532,
        "Cost of goods sold": 142215,
        "Gross Profit": 46316,
        "Financial expenses": 1520,
        "Of which: Interest expense": 1451,
        "Cost of sales": 18439,
        "Enterprise cost management": 7967,
        "Total Operating Expenses": 27926,
        "Total revenue financing activities": 267,
        "Net profit from business activities": 18657,
        "Profit": -3208,
        "Profit before tax": 15449,
        "Present corporate income tax expenses": "N/A",
        "Deferred income taxes expenses": "N/A",
        "The interests of minority shareholders": "N/A",
        "Total Cost of profits": 0,
        "Profit after tax corporate income": 15449,
        "Volume": 14446000,
        "Close of Quarter": 17.0,
        "EPS": 1239.9,
        "Non-adjusted EPS": 6383,
        "PE": 2.7,
        "Book Price": 3.3
      }
    },
    {
      "quarter": "Q3 2006",
      "income status": {
        "Net sales": 158351,
        "Cost of goods sold": 117244,
        "Gross Profit": 41108,
        "Financial expenses": 1368,
        "Of which: Interest expense": 1295,
        "Cost of sales": 19258,
        "Enterprise cost management": 4949,
        "Total Operating Expenses": 25575,
        "Total revenue financing activities": 178,
        "Net profit from business activities": 15710,
        "Profit": 3381,
        "Profit before tax": 19090,
        "Present corporate income tax expenses": "N/A",
        "Deferred income taxes expenses": "N/A",
        "The interests of minority shareholders": "N/A",
        "Total Cost of profits": 0,
        "Profit after tax corporate income": 19090,
        "Volume": 14446000,
        "Close of Quarter": "N/A",
        "EPS": 1032.3,
        "Non-adjusted EPS": 5314,
        "PE": "N/A",
        "Book Price": "N/A"
      }
    },
    {
      "quarter": "Q2 2006",
      "income status": {
        "Net sales": 224632,
        "Cost of goods sold": 153216,
        "Gross Profit": 71416,
        "Financial expenses": 2039,
        "Of which: Interest expense": 1633,
        "Cost of sales": 8036,
        "Enterprise cost management": 4054,
        "Total Operating Expenses": 14129,
        "Total revenue financing activities": 354,
        "Net profit from business activities": 57641,
        "Profit": 33,
        "Profit before tax": 57674,
        "Present corporate income tax expenses": "N/A",
        "Deferred income taxes expenses": "N/A",
        "The interests of minority shareholders": "N/A",
        "Total Cost of profits": 0,
        "Profit after tax corporate income": 57674,
        "Volume": 14446000,
        "Close of Quarter": "N/A",
        "EPS": 775.5,
        "Non-adjusted EPS": 3992,
        "PE": "N/A",
        "Book Price": "N/A"
      }
    }
  ]
}