{
  "ticker": "NVN",
  "data": [
    {
      "quarter": "Q4 2014",
      "income status": {
        "Net sales": -247,
        "Cost of goods sold": 3512,
        "Gross Profit": -3759,
        "Financial expenses": 8848,
        "Of which: Interest expense": 8848,
        "Cost of sales": 681,
        "Enterprise cost management": 2525,
        "Total Operating Expenses": 12054,
        "Total revenue financing activities": 18,
        "Net profit from business activities": -15794,
        "Profit": 691,
        "Profit before tax": -15103,
        "Present corporate income tax expenses": -182,
        "Deferred income taxes expenses": "N/A",
        "The interests of minority shareholders": "N/A",
        "Total Cost of profits": -182,
        "Profit after tax corporate income": -14921,
        "Volume": 10656800,
        "Close of Quarter": 2.8,
        "EPS": -3494,
        "Non-adjusted EPS": -3494,
        "PE": -0.8,
        "Book Price": 5.1
      }
    },
    {
      "quarter": "Q3 2014",
      "income status": {
        "Net sales": 4295,
        "Cost of goods sold": 2382,
        "Gross Profit": 1914,
        "Financial expenses": 8947,
        "Of which: Interest expense": 8947,
        "Cost of sales": 352,
        "Enterprise cost management": 2007,
        "Total Operating Expenses": 11306,
        "Total revenue financing activities": 7,
        "Net profit from business activities": -9386,
        "Profit": -59,
        "Profit before tax": -9445,
        "Present corporate income tax expenses": "N/A",
        "Deferred income taxes expenses": "N/A",
        "The interests of minority shareholders": "N/A",
        "Total Cost of profits": 0,
        "Profit after tax corporate income": -9445,
        "Volume": 10656800,
        "Close of Quarter": 3.2,
        "EPS": -4008,
        "Non-adjusted EPS": -4008,
        "PE": -0.8,
        "Book Price": 6.5
      }
    },
    {
      "quarter": "Q2 2014",
      "income status": {
        "Net sales": 10826,
        "Cost of goods sold": 8054,
        "Gross Profit": 2772,
        "Financial expenses": 13342,
        "Of which: Interest expense": 13342,
        "Cost of sales": 684,
        "Enterprise cost management": 2202,
        "Total Operating Expenses": 16228,
        "Total revenue financing activities": 5,
        "Net profit from business activities": -13451,
        "Profit": 353,
        "Profit before tax": -13097,
        "Present corporate income tax expenses": 182,
        "Deferred income taxes expenses": "N/A",
        "The interests of minority shareholders": "N/A",
        "Total Cost of profits": 182,
        "Profit after tax corporate income": -13280,
        "Volume": 10656800,
        "Close of Quarter": 2.9,
        "EPS": -3228,
        "Non-adjusted EPS": -3228,
        "PE": -0.9,
        "Book Price": 7.4
      }
    },
    {
      "quarter": "Q1 2014",
      "income status": {
        "Net sales": 18671,
        "Cost of goods sold": 12773,
        "Gross Profit": 5898,
        "Financial expenses": 4420,
        "Of which: Interest expense": 4420,
        "Cost of sales": 395,
        "Enterprise cost management": 1875,
        "Total Operating Expenses": 6690,
        "Total revenue financing activities": 19,
        "Net profit from business activities": -772,
        "Profit": 1185,
        "Profit before tax": 413,
        "Present corporate income tax expenses": "N/A",
        "Deferred income taxes expenses": "N/A",
        "The interests of minority shareholders": "N/A",
        "Total Cost of profits": 0,
        "Profit after tax corporate income": 413,
        "Volume": 10656800,
        "Close of Quarter": 3.9,
        "EPS": -3934,
        "Non-adjusted EPS": -3934,
        "PE": -1.0,
        "Book Price": 8.6
      }
    },
    {
      "quarter": "Q4 2013",
      "income status": {
        "Net sales": -17728,
        "Cost of goods sold": -7812,
        "Gross Profit": -9916,
        "Financial expenses": 8985,
        "Of which: Interest expense": 8984,
        "Cost of sales": 244,
        "Enterprise cost management": 2278,
        "Total Operating Expenses": 11507,
        "Total revenue financing activities": 18,
        "Net profit from business activities": -21404,
        "Profit": 1008,
        "Profit before tax": -20396,
        "Present corporate income tax expenses": "N/A",
        "Deferred income taxes expenses": "N/A",
        "The interests of minority shareholders": "N/A",
        "Total Cost of profits": 0,
        "Profit after tax corporate income": -20396,
        "Volume": 10656800,
        "Close of Quarter": 2.8,
        "EPS": -4087,
        "Non-adjusted EPS": -4087,
        "PE": -0.7,
        "Book Price": 8.6
      }
    },
    {
      "quarter": "Q3 2013",
      "income status": {
        "Net sales": 4282,
        "Cost of goods sold": 3606,
        "Gross Profit": 676,
        "Financial expenses": 9167,
        "Of which: Interest expense": 9167,
        "Cost of sales": 122,
        "Enterprise cost management": 2201,
        "Total Operating Expenses": 11490,
        "Total revenue financing activities": 3,
        "Net profit from business activities": -10811,
        "Profit": 9675,
        "Profit before tax": -1136,
        "Present corporate income tax expenses": "N/A",
        "Deferred income taxes expenses": "N/A",
        "The interests of minority shareholders": "N/A",
        "Total Cost of profits": 0,
        "Profit after tax corporate income": -1136,
        "Volume": 10656800,
        "Close of Quarter": 2.3,
        "EPS": -6781,
        "Non-adjusted EPS": -6781,
        "PE": -0.3,
        "Book Price": 10.5
      }
    },
    {
      "quarter": "Q2 2013",
      "income status": {
        "Net sales": 19632,
        "Cost of goods sold": 17271,
        "Gross Profit": 2361,
        "Financial expenses": 20138,
        "Of which: Interest expense": 20138,
        "Cost of sales": 127,
        "Enterprise cost management": 3185,
        "Total Operating Expenses": 23450,
        "Total revenue financing activities": 4,
        "Net profit from business activities": -21086,
        "Profit": 280,
        "Profit before tax": -20806,
        "Present corporate income tax expenses": "N/A",
        "Deferred income taxes expenses": "N/A",
        "The interests of minority shareholders": "N/A",
        "Total Cost of profits": 0,
        "Profit after tax corporate income": -20806,
        "Volume": 10656800,
        "Close of Quarter": 2.9,
        "EPS": -6920,
        "Non-adjusted EPS": -6920,
        "PE": -0.4,
        "Book Price": 10.6
      }
    },
    {
      "quarter": "Q1 2013",
      "income status": {
        "Net sales": 1829,
        "Cost of goods sold": 1616,
        "Gross Profit": 214,
        "Financial expenses": 639,
        "Of which: Interest expense": 615,
        "Cost of sales": 144,
        "Enterprise cost management": 3209,
        "Total Operating Expenses": 3992,
        "Total revenue financing activities": 7,
        "Net profit from business activities": -3772,
        "Profit": 2557,
        "Profit before tax": -1215,
        "Present corporate income tax expenses": "N/A",
        "Deferred income taxes expenses": "N/A",
        "The interests of minority shareholders": "N/A",
        "Total Cost of profits": 0,
        "Profit after tax corporate income": -1215,
        "Volume": 10656800,
        "Close of Quarter": 3.4,
        "EPS": -4962,
        "Non-adjusted EPS": -4962,
        "PE": -0.7,
        "Book Price": 12.6
      }
    },
    {
      "quarter": "Q4 2012",
      "income status": {
        "Net sales": -1725,
        "Cost of goods sold": -4377,
        "Gross Profit": 2652,
        "Financial expenses": 47500,
        "Of which: Interest expense": 47473,
        "Cost of sales": 294,
        "Enterprise cost management": 3238,
        "Total Operating Expenses": 51032,
        "Total revenue financing activities": 7,
        "Net profit from business activities": -48374,
        "Profit": -791,
        "Profit before tax": -49164,
        "Present corporate income tax expenses": -60,
        "Deferred income taxes expenses": "N/A",
        "The interests of minority shareholders": "N/A",
        "Total Cost of profits": -60,
        "Profit after tax corporate income": -49105,
        "Volume": 10656800,
        "Close of Quarter": 4.5,
        "EPS": -4767,
        "Non-adjusted EPS": -4767,
        "PE": -0.9,
        "Book Price": 12.7
      }
    },
    {
      "quarter": "Q3 2012",
      "income status": {
        "Net sales": 31009,
        "Cost of goods sold": 21831,
        "Gross Profit": 9178,
        "Financial expenses": 38,
        "Of which: Interest expense": "N/A",
        "Cost of sales": 294,
        "Enterprise cost management": 4004,
        "Total Operating Expenses": 4336,
        "Total revenue financing activities": 13,
        "Net profit from business activities": 4855,
        "Profit": -8285,
        "Profit before tax": -3430,
        "Present corporate income tax expenses": -809,
        "Deferred income taxes expenses": "N/A",
        "The interests of minority shareholders": "N/A",
        "Total Cost of profits": -809,
        "Profit after tax corporate income": -2621,
        "Volume": 10656800,
        "Close of Quarter": 4.7,
        "EPS": -247,
        "Non-adjusted EPS": -247,
        "PE": -19.0,
        "Book Price": 17.4
      }
    },
    {
      "quarter": "Q2 2012",
      "income status": {
        "Net sales": 19039,
        "Cost of goods sold": 14586,
        "Gross Profit": 4453,
        "Financial expenses": 39,
        "Of which: Interest expense": "N/A",
        "Cost of sales": 513,
        "Enterprise cost management": 5151,
        "Total Operating Expenses": 5703,
        "Total revenue financing activities": 40,
        "Net profit from business activities": -1210,
        "Profit": 1556,
        "Profit before tax": 347,
        "Present corporate income tax expenses": 285,
        "Deferred income taxes expenses": "N/A",
        "The interests of minority shareholders": "N/A",
        "Total Cost of profits": 285,
        "Profit after tax corporate income": 62,
        "Volume": 10656800,
        "Close of Quarter": 6.1,
        "EPS": -92,
        "Non-adjusted EPS": -92,
        "PE": -66.3,
        "Book Price": 17.6
      }
    },
    {
      "quarter": "Q1 2012",
      "income status": {
        "Net sales": 18271,
        "Cost of goods sold": 11541,
        "Gross Profit": 6730,
        "Financial expenses": 140,
        "Of which: Interest expense": "N/A",
        "Cost of sales": 1342,
        "Enterprise cost management": 4392,
        "Total Operating Expenses": 5874,
        "Total revenue financing activities": 324,
        "Net profit from business activities": 1179,
        "Profit": 265,
        "Profit before tax": 1444,
        "Present corporate income tax expenses": 584,
        "Deferred income taxes expenses": "N/A",
        "The interests of minority shareholders": "N/A",
        "Total Cost of profits": 584,
        "Profit after tax corporate income": 859,
        "Volume": 10656800,
        "Close of Quarter": 6.1,
        "EPS": 70,
        "Non-adjusted EPS": 70,
        "PE": 86.7,
        "Book Price": 19
      }
    },
    {
      "quarter": "Q4 2011",
      "income status": {
        "Net sales": 7829,
        "Cost of goods sold": 6507,
        "Gross Profit": 1322,
        "Financial expenses": 246,
        "Of which: Interest expense": "N/A",
        "Cost of sales": 1360,
        "Enterprise cost management": 5391,
        "Total Operating Expenses": 6997,
        "Total revenue financing activities": 67,
        "Net profit from business activities": -5608,
        "Profit": 4342,
        "Profit before tax": -1266,
        "Present corporate income tax expenses": -331,
        "Deferred income taxes expenses": "N/A",
        "The interests of minority shareholders": "N/A",
        "Total Cost of profits": -331,
        "Profit after tax corporate income": -935,
        "Volume": 10656800,
        "Close of Quarter": 7.9,
        "EPS": 116,
        "Non-adjusted EPS": 116,
        "PE": 68.3,
        "Book Price": 18.9
      }
    },
    {
      "quarter": "Q3 2011",
      "income status": {
        "Net sales": 12777,
        "Cost of goods sold": 9601,
        "Gross Profit": 3176,
        "Financial expenses": 936,
        "Of which: Interest expense": "N/A",
        "Cost of sales": 1000,
        "Enterprise cost management": 4863,
        "Total Operating Expenses": 6799,
        "Total revenue financing activities": 1215,
        "Net profit from business activities": -2408,
        "Profit": 2067,
        "Profit before tax": -341,
        "Present corporate income tax expenses": 784,
        "Deferred income taxes expenses": -161,
        "The interests of minority shareholders": "N/A",
        "Total Cost of profits": 623,
        "Profit after tax corporate income": -964,
        "Volume": 10656800,
        "Close of Quarter": 8.5,
        "EPS": 1689,
        "Non-adjusted EPS": 1689,
        "PE": 5.0,
        "Book Price": 19.1
      }
    },
    {
      "quarter": "Q2 2011",
      "income status": {
        "Net sales": 18850,
        "Cost of goods sold": 10644,
        "Gross Profit": 8206,
        "Financial expenses": 138,
        "Of which: Interest expense": "N/A",
        "Cost of sales": 2091,
        "Enterprise cost management": 5947,
        "Total Operating Expenses": 8176,
        "Total revenue financing activities": 952,
        "Net profit from business activities": 981,
        "Profit": 1403,
        "Profit before tax": 2384,
        "Present corporate income tax expenses": 596,
        "Deferred income taxes expenses": "N/A",
        "The interests of minority shareholders": "N/A",
        "Total Cost of profits": 596,
        "Profit after tax corporate income": 1788,
        "Volume": 10656800,
        "Close of Quarter": 11.9,
        "EPS": 2455,
        "Non-adjusted EPS": 2455,
        "PE": 4.8,
        "Book Price": 19.1
      }
    },
    {
      "quarter": "Q1 2011",
      "income status": {
        "Net sales": 12451,
        "Cost of goods sold": 6728,
        "Gross Profit": 5723,
        "Financial expenses": 174,
        "Of which: Interest expense": "N/A",
        "Cost of sales": 839,
        "Enterprise cost management": 5015,
        "Total Operating Expenses": 6028,
        "Total revenue financing activities": 2042,
        "Net profit from business activities": 1738,
        "Profit": 59,
        "Profit before tax": 1797,
        "Present corporate income tax expenses": 449,
        "Deferred income taxes expenses": "N/A",
        "The interests of minority shareholders": "N/A",
        "Total Cost of profits": 449,
        "Profit after tax corporate income": 1348,
        "Volume": 10656800,
        "Close of Quarter": 17.9,
        "EPS": 4147,
        "Non-adjusted EPS": 4147,
        "PE": 4.3,
        "Book Price": 20.9
      }
    },
    {
      "quarter": "Q4 2010",
      "income status": {
        "Net sales": 55998,
        "Cost of goods sold": 29203,
        "Gross Profit": 26795,
        "Financial expenses": 86,
        "Of which: Interest expense": "N/A",
        "Cost of sales": 564,
        "Enterprise cost management": 4884,
        "Total Operating Expenses": 5534,
        "Total revenue financing activities": 943,
        "Net profit from business activities": 22203,
        "Profit": 82,
        "Profit before tax": 22285,
        "Present corporate income tax expenses": 6453,
        "Deferred income taxes expenses": "N/A",
        "The interests of minority shareholders": "N/A",
        "Total Cost of profits": 6453,
        "Profit after tax corporate income": 15831,
        "Volume": 10656800,
        "Close of Quarter": 16.2,
        "EPS": 4763,
        "Non-adjusted EPS": 4763,
        "PE": 3.4,
        "Book Price": 21.3
      }
    },
    {
      "quarter": "Q3 2010",
      "income status": {
        "Net sales": 32022,
        "Cost of goods sold": 16661,
        "Gross Profit": 15360,
        "Financial expenses": 232,
        "Of which: Interest expense": "N/A",
        "Cost of sales": 448,
        "Enterprise cost management": 5648,
        "Total Operating Expenses": 6328,
        "Total revenue financing activities": 552,
        "Net profit from business activities": 9585,
        "Profit": 9,
        "Profit before tax": 9594,
        "Present corporate income tax expenses": 2398,
        "Deferred income taxes expenses": "N/A",
        "The interests of minority shareholders": "N/A",
        "Total Cost of profits": 2398,
        "Profit after tax corporate income": 7195,
        "Volume": 10656800,
        "Close of Quarter": 21.6,
        "EPS": 3855,
        "Non-adjusted EPS": 3855,
        "PE": 5.6,
        "Book Price": 19.8
      }
    },
    {
      "quarter": "Q2 2010",
      "income status": {
        "Net sales": 69980,
        "Cost of goods sold": 35705,
        "Gross Profit": 34275,
        "Financial expenses": 740,
        "Of which: Interest expense": "N/A",
        "Cost of sales": 13,
        "Enterprise cost management": 5111,
        "Total Operating Expenses": 5864,
        "Total revenue financing activities": 1312,
        "Net profit from business activities": 29724,
        "Profit": 409,
        "Profit before tax": 30133,
        "Present corporate income tax expenses": 10311,
        "Deferred income taxes expenses": "N/A",
        "The interests of minority shareholders": "N/A",
        "Total Cost of profits": 10311,
        "Profit after tax corporate income": 19823,
        "Volume": 10656800,
        "Close of Quarter": 30.0,
        "EPS": 3494,
        "Non-adjusted EPS": 3494,
        "PE": 8.6,
        "Book Price": 19.1
      }
    },
    {
      "quarter": "Q1 2010",
      "income status": {
        "Net sales": 28110,
        "Cost of goods sold": 15330,
        "Gross Profit": 12780,
        "Financial expenses": 845,
        "Of which: Interest expense": "N/A",
        "Cost of sales": 93,
        "Enterprise cost management": 4695,
        "Total Operating Expenses": 5633,
        "Total revenue financing activities": 690,
        "Net profit from business activities": 7837,
        "Profit": 72,
        "Profit before tax": 7909,
        "Present corporate income tax expenses": "N/A",
        "Deferred income taxes expenses": "N/A",
        "The interests of minority shareholders": "N/A",
        "Total Cost of profits": 0,
        "Profit after tax corporate income": 7909,
        "Volume": 10656800,
        "Close of Quarter": 23.3,
        "EPS": 1290,
        "Non-adjusted EPS": 1290,
        "PE": 18.0,
        "Book Price": 17.3
      }
    },
    {
      "quarter": "Q4 2009",
      "income status": {
        "Net sales": 35591,
        "Cost of goods sold": 20278,
        "Gross Profit": 15313,
        "Financial expenses": 41543,
        "Of which: Interest expense": "N/A",
        "Cost of sales": 72,
        "Enterprise cost management": 3786,
        "Total Operating Expenses": 45401,
        "Total revenue financing activities": 39854,
        "Net profit from business activities": 9766,
        "Profit": 11,
        "Profit before tax": 9777,
        "Present corporate income tax expenses": 3626,
        "Deferred income taxes expenses": "N/A",
        "The interests of minority shareholders": "N/A",
        "Total Cost of profits": 3626,
        "Profit after tax corporate income": 6151,
        "Volume": 10656800,
        "Close of Quarter": "N/A",
        "EPS": 547,
        "Non-adjusted EPS": 547,
        "PE": "N/A",
        "Book Price": 17.9
      }
    },
    {
      "quarter": "Q3 2009",
      "income status": {
        "Net sales": 73917,
        "Cost of goods sold": 55595,
        "Gross Profit": 18322,
        "Financial expenses": 8166,
        "Of which: Interest expense": "N/A",
        "Cost of sales": 395,
        "Enterprise cost management": 11560,
        "Total Operating Expenses": 20121,
        "Total revenue financing activities": 6105,
        "Net profit from business activities": 4306,
        "Profit": 102,
        "Profit before tax": 4408,
        "Present corporate income tax expenses": 3717,
        "Deferred income taxes expenses": -2665,
        "The interests of minority shareholders": "N/A",
        "Total Cost of profits": 1052,
        "Profit after tax corporate income": 3356,
        "Volume": 10656800,
        "Close of Quarter": "N/A",
        "EPS": -30,
        "Non-adjusted EPS": -30,
        "PE": "N/A",
        "Book Price": 16.2
      }
    },
    {
      "quarter": "Q1 2009",
      "income status": {
        "Net sales": 5,
        "Cost of goods sold": "N/A",
        "Gross Profit": 5,
        "Financial expenses": "N/A",
        "Of which: Interest expense": "N/A",
        "Cost of sales": 226,
        "Enterprise cost management": 3585,
        "Total Operating Expenses": 3811,
        "Total revenue financing activities": 53,
        "Net profit from business activities": -3753,
        "Profit": 79,
        "Profit before tax": -3674,
        "Present corporate income tax expenses": "N/A",
        "Deferred income taxes expenses": "N/A",
        "The interests of minority shareholders": "N/A",
        "Total Cost of profits": 0,
        "Profit after tax corporate income": -3674,
        "Volume": 10656800,
        "Close of Quarter": "N/A",
        "EPS": -345,
        "Non-adjusted EPS": -345,
        "PE": "N/A",
        "Book Price": "N/A"
      }
    }
  ]
}