{
  "ticker": "TAC",
  "data": [
    {
      "quarter": "Q1 2017",
      "income status": {
        "Net sales": 974945,
        "Cost of goods sold": 864442,
        "Gross Profit": 110504,
        "Financial expenses": 3538,
        "Of which: Interest expense": 3537,
        "Cost of sales": 61921,
        "Enterprise cost management": 10260,
        "Total Operating Expenses": 75719,
        "Total revenue financing activities": 4306,
        "Net profit from business activities": 39091,
        "Profit": 646,
        "Profit before tax": 39737,
        "Present corporate income tax expenses": 2502,
        "Deferred income taxes expenses": 5461,
        "The interests of minority shareholders": "N/A",
        "Total Cost of profits": 7963,
        "Profit after tax corporate income": 31774,
        "Volume": 18980200,
        "Close of Quarter": 48.7,
        "EPS": 4109,
        "Non-adjusted EPS": 4109,
        "PE": 11.9,
        "Book Price": 27.3
      }
    },
    {
      "quarter": "Q4 2016",
      "income status": {
        "Net sales": 1078477,
        "Cost of goods sold": 979070,
        "Gross Profit": 99407,
        "Financial expenses": 4196,
        "Of which: Interest expense": 3924,
        "Cost of sales": 56248,
        "Enterprise cost management": 33151,
        "Total Operating Expenses": 93595,
        "Total revenue financing activities": 5331,
        "Net profit from business activities": 11143,
        "Profit": 507,
        "Profit before tax": 11651,
        "Present corporate income tax expenses": 11476,
        "Deferred income taxes expenses": -8982,
        "The interests of minority shareholders": "N/A",
        "Total Cost of profits": 2494,
        "Profit after tax corporate income": 9157,
        "Volume": 18980200,
        "Close of Quarter": 46.8,
        "EPS": 3527,
        "Non-adjusted EPS": 3527,
        "PE": 13.3,
        "Book Price": 25.6
      }
    },
    {
      "quarter": "Q3 2016",
      "income status": {
        "Net sales": 1015529,
        "Cost of goods sold": 911757,
        "Gross Profit": 103772,
        "Financial expenses": 4253,
        "Of which: Interest expense": 4253,
        "Cost of sales": 65538,
        "Enterprise cost management": 12629,
        "Total Operating Expenses": 82420,
        "Total revenue financing activities": 3060,
        "Net profit from business activities": 24413,
        "Profit": 617,
        "Profit before tax": 25030,
        "Present corporate income tax expenses": 5006,
        "Deferred income taxes expenses": "N/A",
        "The interests of minority shareholders": "N/A",
        "Total Cost of profits": 5006,
        "Profit after tax corporate income": 20024,
        "Volume": 18980200,
        "Close of Quarter": 50.3,
        "EPS": 3858,
        "Non-adjusted EPS": 3858,
        "PE": 13.0,
        "Book Price": 25.1
      }
    },
    {
      "quarter": "Q2 2016",
      "income status": {
        "Net sales": 905698,
        "Cost of goods sold": 832661,
        "Gross Profit": 73037,
        "Financial expenses": 4586,
        "Of which: Interest expense": 4442,
        "Cost of sales": 44341,
        "Enterprise cost management": 12601,
        "Total Operating Expenses": 61528,
        "Total revenue financing activities": 9278,
        "Net profit from business activities": 20787,
        "Profit": 457,
        "Profit before tax": 21244,
        "Present corporate income tax expenses": 4150,
        "Deferred income taxes expenses": 59,
        "The interests of minority shareholders": "N/A",
        "Total Cost of profits": 4209,
        "Profit after tax corporate income": 17035,
        "Volume": 18980200,
        "Close of Quarter": 37.1,
        "EPS": 3742,
        "Non-adjusted EPS": 3742,
        "PE": 9.9,
        "Book Price": 24.1
      }
    },
    {
      "quarter": "Q1 2016",
      "income status": {
        "Net sales": 978223,
        "Cost of goods sold": 880272,
        "Gross Profit": 97952,
        "Financial expenses": 3512,
        "Of which: Interest expense": 3392,
        "Cost of sales": 58331,
        "Enterprise cost management": 11646,
        "Total Operating Expenses": 73489,
        "Total revenue financing activities": 1024,
        "Net profit from business activities": 25486,
        "Profit": 431,
        "Profit before tax": 25917,
        "Present corporate income tax expenses": 5183,
        "Deferred income taxes expenses": "N/A",
        "The interests of minority shareholders": "N/A",
        "Total Cost of profits": 5183,
        "Profit after tax corporate income": 20733,
        "Volume": 18980200,
        "Close of Quarter": 24.3,
        "EPS": 3743,
        "Non-adjusted EPS": 3743,
        "PE": 6.5,
        "Book Price": 24.6
      }
    },
    {
      "quarter": "Q4 2015",
      "income status": {
        "Net sales": 948529,
        "Cost of goods sold": 876112,
        "Gross Profit": 72417,
        "Financial expenses": 3094,
        "Of which: Interest expense": 3055,
        "Cost of sales": 46636,
        "Enterprise cost management": 9777,
        "Total Operating Expenses": 59507,
        "Total revenue financing activities": 6227,
        "Net profit from business activities": 19137,
        "Profit": 876,
        "Profit before tax": 20013,
        "Present corporate income tax expenses": 4513,
        "Deferred income taxes expenses": 59,
        "The interests of minority shareholders": "N/A",
        "Total Cost of profits": 4572,
        "Profit after tax corporate income": 15441,
        "Volume": 18980200,
        "Close of Quarter": 22.4,
        "EPS": 3674,
        "Non-adjusted EPS": 3674,
        "PE": 6.1,
        "Book Price": 23.6
      }
    },
    {
      "quarter": "Q3 2015",
      "income status": {
        "Net sales": 899496,
        "Cost of goods sold": 803232,
        "Gross Profit": 96265,
        "Financial expenses": 3677,
        "Of which: Interest expense": 2573,
        "Cost of sales": 61066,
        "Enterprise cost management": 10672,
        "Total Operating Expenses": 75415,
        "Total revenue financing activities": 971,
        "Net profit from business activities": 21821,
        "Profit": 217,
        "Profit before tax": 22038,
        "Present corporate income tax expenses": 4221,
        "Deferred income taxes expenses": "N/A",
        "The interests of minority shareholders": "N/A",
        "Total Cost of profits": 4221,
        "Profit after tax corporate income": 17817,
        "Volume": 18980200,
        "Close of Quarter": 21.5,
        "EPS": 5115,
        "Non-adjusted EPS": 5115,
        "PE": 4.2,
        "Book Price": 23.5
      }
    },
    {
      "quarter": "Q2 2015",
      "income status": {
        "Net sales": 820302,
        "Cost of goods sold": 747684,
        "Gross Profit": 72617,
        "Financial expenses": 2926,
        "Of which: Interest expense": 2254,
        "Cost of sales": 41377,
        "Enterprise cost management": 12687,
        "Total Operating Expenses": 56990,
        "Total revenue financing activities": 5110,
        "Net profit from business activities": 20738,
        "Profit": 382,
        "Profit before tax": 21121,
        "Present corporate income tax expenses": 4010,
        "Deferred income taxes expenses": 59,
        "The interests of minority shareholders": "N/A",
        "Total Cost of profits": 4069,
        "Profit after tax corporate income": 17051,
        "Volume": 18980200,
        "Close of Quarter": 21.7,
        "EPS": 4608,
        "Non-adjusted EPS": 4608,
        "PE": 4.7,
        "Book Price": 23.3
      }
    },
    {
      "quarter": "Q1 2015",
      "income status": {
        "Net sales": 925067,
        "Cost of goods sold": 813436,
        "Gross Profit": 111631,
        "Financial expenses": 1485,
        "Of which: Interest expense": 1154,
        "Cost of sales": 77157,
        "Enterprise cost management": 11763,
        "Total Operating Expenses": 90405,
        "Total revenue financing activities": 2666,
        "Net profit from business activities": 23892,
        "Profit": 223,
        "Profit before tax": 24115,
        "Present corporate income tax expenses": 4684,
        "Deferred income taxes expenses": "N/A",
        "The interests of minority shareholders": "N/A",
        "Total Cost of profits": 4684,
        "Profit after tax corporate income": 19431,
        "Volume": 18980200,
        "Close of Quarter": 23.8,
        "EPS": 3890,
        "Non-adjusted EPS": 3890,
        "PE": 6.1,
        "Book Price": 24
      }
    },
    {
      "quarter": "Q4 2014",
      "income status": {
        "Net sales": 1013742,
        "Cost of goods sold": 859117,
        "Gross Profit": 154625,
        "Financial expenses": 2043,
        "Of which: Interest expense": 1392,
        "Cost of sales": 92652,
        "Enterprise cost management": 12951,
        "Total Operating Expenses": 107646,
        "Total revenue financing activities": 5786,
        "Net profit from business activities": 52765,
        "Profit": 1421,
        "Profit before tax": 54186,
        "Present corporate income tax expenses": 11337,
        "Deferred income taxes expenses": 59,
        "The interests of minority shareholders": "N/A",
        "Total Cost of profits": 11396,
        "Profit after tax corporate income": 42790,
        "Volume": 18980200,
        "Close of Quarter": 24.5,
        "EPS": 3333,
        "Non-adjusted EPS": 3333,
        "PE": 7.4,
        "Book Price": 23.1
      }
    },
    {
      "quarter": "Q3 2014",
      "income status": {
        "Net sales": 1094568,
        "Cost of goods sold": 994237,
        "Gross Profit": 100331,
        "Financial expenses": 1736,
        "Of which: Interest expense": 1735,
        "Cost of sales": 82186,
        "Enterprise cost management": 9405,
        "Total Operating Expenses": 93327,
        "Total revenue financing activities": 2330,
        "Net profit from business activities": 9334,
        "Profit": 855,
        "Profit before tax": 10189,
        "Present corporate income tax expenses": 2004,
        "Deferred income taxes expenses": "N/A",
        "The interests of minority shareholders": "N/A",
        "Total Cost of profits": 2004,
        "Profit after tax corporate income": 8185,
        "Volume": 18980200,
        "Close of Quarter": 24.3,
        "EPS": 2031,
        "Non-adjusted EPS": 2031,
        "PE": 12.0,
        "Book Price": 20.9
      }
    },
    {
      "quarter": "Q2 2014",
      "income status": {
        "Net sales": 932459,
        "Cost of goods sold": 864094,
        "Gross Profit": 68365,
        "Financial expenses": 2780,
        "Of which: Interest expense": 2479,
        "Cost of sales": 58897,
        "Enterprise cost management": 9990,
        "Total Operating Expenses": 71667,
        "Total revenue financing activities": 6870,
        "Net profit from business activities": 3568,
        "Profit": 756,
        "Profit before tax": 4324,
        "Present corporate income tax expenses": 828,
        "Deferred income taxes expenses": 59,
        "The interests of minority shareholders": "N/A",
        "Total Cost of profits": 887,
        "Profit after tax corporate income": 3436,
        "Volume": 18980200,
        "Close of Quarter": 24.9,
        "EPS": 2037,
        "Non-adjusted EPS": 2037,
        "PE": 12.2,
        "Book Price": 20.5
      }
    },
    {
      "quarter": "Q1 2014",
      "income status": {
        "Net sales": 1082610,
        "Cost of goods sold": 976973,
        "Gross Profit": 105637,
        "Financial expenses": 2087,
        "Of which: Interest expense": 2087,
        "Cost of sales": 86282,
        "Enterprise cost management": 9959,
        "Total Operating Expenses": 98328,
        "Total revenue financing activities": 3087,
        "Net profit from business activities": 10395,
        "Profit": 611,
        "Profit before tax": 11006,
        "Present corporate income tax expenses": 2157,
        "Deferred income taxes expenses": "N/A",
        "The interests of minority shareholders": "N/A",
        "Total Cost of profits": 2157,
        "Profit after tax corporate income": 8848,
        "Volume": 18980200,
        "Close of Quarter": 24.5,
        "EPS": 3089,
        "Non-adjusted EPS": 3089,
        "PE": 7.9,
        "Book Price": 22
      }
    },
    {
      "quarter": "Q4 2013",
      "income status": {
        "Net sales": 1276592,
        "Cost of goods sold": 1166963,
        "Gross Profit": 109629,
        "Financial expenses": 2401,
        "Of which: Interest expense": 2401,
        "Cost of sales": 77887,
        "Enterprise cost management": 12873,
        "Total Operating Expenses": 93161,
        "Total revenue financing activities": 7883,
        "Net profit from business activities": 24352,
        "Profit": 507,
        "Profit before tax": 24859,
        "Present corporate income tax expenses": 6722,
        "Deferred income taxes expenses": 59,
        "The interests of minority shareholders": "N/A",
        "Total Cost of profits": 6781,
        "Profit after tax corporate income": 18078,
        "Volume": 18980200,
        "Close of Quarter": 21.9,
        "EPS": 3470,
        "Non-adjusted EPS": 3470,
        "PE": 6.3,
        "Book Price": 21.6
      }
    },
    {
      "quarter": "Q3 2013",
      "income status": {
        "Net sales": 1081187,
        "Cost of goods sold": 974812,
        "Gross Profit": 106375,
        "Financial expenses": 1701,
        "Of which: Interest expense": 1677,
        "Cost of sales": 89635,
        "Enterprise cost management": 8411,
        "Total Operating Expenses": 99747,
        "Total revenue financing activities": 3506,
        "Net profit from business activities": 10135,
        "Profit": 583,
        "Profit before tax": 10717,
        "Present corporate income tax expenses": 2424,
        "Deferred income taxes expenses": "N/A",
        "The interests of minority shareholders": "N/A",
        "Total Cost of profits": 2424,
        "Profit after tax corporate income": 8293,
        "Volume": 18980200,
        "Close of Quarter": 22.1,
        "EPS": 3943,
        "Non-adjusted EPS": 3943,
        "PE": 5.6,
        "Book Price": 20.7
      }
    },
    {
      "quarter": "Q2 2013",
      "income status": {
        "Net sales": 980989,
        "Cost of goods sold": 890753,
        "Gross Profit": 90236,
        "Financial expenses": 3208,
        "Of which: Interest expense": 3208,
        "Cost of sales": 52827,
        "Enterprise cost management": 12006,
        "Total Operating Expenses": 68041,
        "Total revenue financing activities": 5667,
        "Net profit from business activities": 27862,
        "Profit": 2032,
        "Profit before tax": 29894,
        "Present corporate income tax expenses": 6422,
        "Deferred income taxes expenses": 59,
        "The interests of minority shareholders": "N/A",
        "Total Cost of profits": 6481,
        "Profit after tax corporate income": 23413,
        "Volume": 18980200,
        "Close of Quarter": 23.7,
        "EPS": 3988,
        "Non-adjusted EPS": 3988,
        "PE": 6.0,
        "Book Price": 20.3
      }
    },
    {
      "quarter": "Q1 2013",
      "income status": {
        "Net sales": 952311,
        "Cost of goods sold": 842328,
        "Gross Profit": 109983,
        "Financial expenses": 1401,
        "Of which: Interest expense": 1193,
        "Cost of sales": 85082,
        "Enterprise cost management": 7354,
        "Total Operating Expenses": 93837,
        "Total revenue financing activities": 3394,
        "Net profit from business activities": 19540,
        "Profit": 1198,
        "Profit before tax": 20738,
        "Present corporate income tax expenses": 4664,
        "Deferred income taxes expenses": "N/A",
        "The interests of minority shareholders": "N/A",
        "Total Cost of profits": 4664,
        "Profit after tax corporate income": 16074,
        "Volume": 18980200,
        "Close of Quarter": 19.7,
        "EPS": 3263,
        "Non-adjusted EPS": 3263,
        "PE": 6.0,
        "Book Price": 20.7
      }
    },
    {
      "quarter": "Q4 2012",
      "income status": {
        "Net sales": 1090357,
        "Cost of goods sold": 965457,
        "Gross Profit": 124900,
        "Financial expenses": 2929,
        "Of which: Interest expense": 2923,
        "Cost of sales": 83150,
        "Enterprise cost management": 7460,
        "Total Operating Expenses": 93539,
        "Total revenue financing activities": 3541,
        "Net profit from business activities": 34903,
        "Profit": 592,
        "Profit before tax": 35494,
        "Present corporate income tax expenses": 8380,
        "Deferred income taxes expenses": 59,
        "The interests of minority shareholders": "N/A",
        "Total Cost of profits": 8439,
        "Profit after tax corporate income": 27055,
        "Volume": 18980200,
        "Close of Quarter": 20.3,
        "EPS": 3237,
        "Non-adjusted EPS": 3237,
        "PE": 6.3,
        "Book Price": 19.8
      }
    },
    {
      "quarter": "Q3 2012",
      "income status": {
        "Net sales": 1012702,
        "Cost of goods sold": 931300,
        "Gross Profit": 81402,
        "Financial expenses": 2683,
        "Of which: Interest expense": 2786,
        "Cost of sales": 57971,
        "Enterprise cost management": 10251,
        "Total Operating Expenses": 70905,
        "Total revenue financing activities": 237,
        "Net profit from business activities": 10734,
        "Profit": 918,
        "Profit before tax": 11652,
        "Present corporate income tax expenses": 2492,
        "Deferred income taxes expenses": "N/A",
        "The interests of minority shareholders": "N/A",
        "Total Cost of profits": 2492,
        "Profit after tax corporate income": 9160,
        "Volume": 18980200,
        "Close of Quarter": 18.7,
        "EPS": 2369,
        "Non-adjusted EPS": 2369,
        "PE": 7.9,
        "Book Price": 18.7
      }
    },
    {
      "quarter": "Q2 2012",
      "income status": {
        "Net sales": 959229,
        "Cost of goods sold": 886716,
        "Gross Profit": 72513,
        "Financial expenses": 3330,
        "Of which: Interest expense": 2819,
        "Cost of sales": 49311,
        "Enterprise cost management": 8868,
        "Total Operating Expenses": 61509,
        "Total revenue financing activities": 1190,
        "Net profit from business activities": 12194,
        "Profit": 541,
        "Profit before tax": 12735,
        "Present corporate income tax expenses": 3041,
        "Deferred income taxes expenses": 59,
        "The interests of minority shareholders": "N/A",
        "Total Cost of profits": 3100,
        "Profit after tax corporate income": 9635,
        "Volume": 18980200,
        "Close of Quarter": 21.9,
        "EPS": 1911,
        "Non-adjusted EPS": 1911,
        "PE": 11.4,
        "Book Price": 18.2
      }
    },
    {
      "quarter": "Q1 2012",
      "income status": {
        "Net sales": 969321,
        "Cost of goods sold": 875166,
        "Gross Profit": 94154,
        "Financial expenses": 8933,
        "Of which: Interest expense": 8853,
        "Cost of sales": 58049,
        "Enterprise cost management": 8572,
        "Total Operating Expenses": 75554,
        "Total revenue financing activities": 593,
        "Net profit from business activities": 19194,
        "Profit": 299,
        "Profit before tax": 19493,
        "Present corporate income tax expenses": 3898,
        "Deferred income taxes expenses": "N/A",
        "The interests of minority shareholders": "N/A",
        "Total Cost of profits": 3898,
        "Profit after tax corporate income": 15595,
        "Volume": 18980200,
        "Close of Quarter": 14.4,
        "EPS": 1184,
        "Non-adjusted EPS": 1184,
        "PE": 12.2,
        "Book Price": 19.3
      }
    },
    {
      "quarter": "Q4 2011",
      "income status": {
        "Net sales": 1075204,
        "Cost of goods sold": 986215,
        "Gross Profit": 88989,
        "Financial expenses": 14738,
        "Of which: Interest expense": 10260,
        "Cost of sales": 47249,
        "Enterprise cost management": 14309,
        "Total Operating Expenses": 76296,
        "Total revenue financing activities": 401,
        "Net profit from business activities": 13093,
        "Profit": 370,
        "Profit before tax": 13463,
        "Present corporate income tax expenses": 2778,
        "Deferred income taxes expenses": 119,
        "The interests of minority shareholders": "N/A",
        "Total Cost of profits": 2897,
        "Profit after tax corporate income": 10567,
        "Volume": 18980200,
        "Close of Quarter": 10.2,
        "EPS": 1197,
        "Non-adjusted EPS": 1197,
        "PE": 8.5,
        "Book Price": 18.6
      }
    },
    {
      "quarter": "Q3 2011",
      "income status": {
        "Net sales": 1197845,
        "Cost of goods sold": 1141065,
        "Gross Profit": 56780,
        "Financial expenses": 6720,
        "Of which: Interest expense": 5406,
        "Cost of sales": 43665,
        "Enterprise cost management": 8560,
        "Total Operating Expenses": 58945,
        "Total revenue financing activities": 2149,
        "Net profit from business activities": -16,
        "Profit": 613,
        "Profit before tax": 596,
        "Present corporate income tax expenses": 118,
        "Deferred income taxes expenses": "N/A",
        "The interests of minority shareholders": "N/A",
        "Total Cost of profits": 118,
        "Profit after tax corporate income": 479,
        "Volume": 18980200,
        "Close of Quarter": 11,
        "EPS": 3201,
        "Non-adjusted EPS": 3201,
        "PE": 3.4,
        "Book Price": 18
      }
    },
    {
      "quarter": "Q2 2011",
      "income status": {
        "Net sales": 1082703,
        "Cost of goods sold": 1024587,
        "Gross Profit": 58116,
        "Financial expenses": 12352,
        "Of which: Interest expense": 11872,
        "Cost of sales": 43855,
        "Enterprise cost management": 7772,
        "Total Operating Expenses": 63979,
        "Total revenue financing activities": 802,
        "Net profit from business activities": -5061,
        "Profit": 752,
        "Profit before tax": -4309,
        "Present corporate income tax expenses": -140,
        "Deferred income taxes expenses": "N/A",
        "The interests of minority shareholders": "N/A",
        "Total Cost of profits": -140,
        "Profit after tax corporate income": -4169,
        "Volume": 18980200,
        "Close of Quarter": 11.8,
        "EPS": 3826,
        "Non-adjusted EPS": 3826,
        "PE": 3.1,
        "Book Price": 17.9
      }
    },
    {
      "quarter": "Q1 2011",
      "income status": {
        "Net sales": 1076588,
        "Cost of goods sold": 947823,
        "Gross Profit": 128765,
        "Financial expenses": 19677,
        "Of which: Interest expense": 14364,
        "Cost of sales": 69495,
        "Enterprise cost management": 21973,
        "Total Operating Expenses": 111145,
        "Total revenue financing activities": 1141,
        "Net profit from business activities": 18761,
        "Profit": 60,
        "Profit before tax": 18821,
        "Present corporate income tax expenses": 2986,
        "Deferred income taxes expenses": "N/A",
        "The interests of minority shareholders": "N/A",
        "Total Cost of profits": 2986,
        "Profit after tax corporate income": 15835,
        "Volume": 18980200,
        "Close of Quarter": 11.8,
        "EPS": 4546,
        "Non-adjusted EPS": 4546,
        "PE": 2.6,
        "Book Price": 20.3
      }
    },
    {
      "quarter": "Q4 2010",
      "income status": {
        "Net sales": 1105628,
        "Cost of goods sold": 958758,
        "Gross Profit": 146870,
        "Financial expenses": 12902,
        "Of which: Interest expense": 5403,
        "Cost of sales": 51316,
        "Enterprise cost management": 27964,
        "Total Operating Expenses": 92182,
        "Total revenue financing activities": 877,
        "Net profit from business activities": 55565,
        "Profit": 2212,
        "Profit before tax": 57777,
        "Present corporate income tax expenses": 9072,
        "Deferred income taxes expenses": 86,
        "The interests of minority shareholders": "N/A",
        "Total Cost of profits": 9158,
        "Profit after tax corporate income": 48619,
        "Volume": 18980200,
        "Close of Quarter": 11.8,
        "EPS": 4771,
        "Non-adjusted EPS": 4771,
        "PE": 2.5,
        "Book Price": 19.5
      }
    },
    {
      "quarter": "Q3 2010",
      "income status": {
        "Net sales": 892235,
        "Cost of goods sold": 805062,
        "Gross Profit": 87173,
        "Financial expenses": 6188,
        "Of which: Interest expense": 4155,
        "Cost of sales": 60025,
        "Enterprise cost management": 7440,
        "Total Operating Expenses": 73653,
        "Total revenue financing activities": 419,
        "Net profit from business activities": 13939,
        "Profit": 59,
        "Profit before tax": 13998,
        "Present corporate income tax expenses": 1662,
        "Deferred income taxes expenses": "N/A",
        "The interests of minority shareholders": "N/A",
        "Total Cost of profits": 1662,
        "Profit after tax corporate income": 12336,
        "Volume": 18980200,
        "Close of Quarter": 10.7,
        "EPS": 5588,
        "Non-adjusted EPS": 5588,
        "PE": 1.9,
        "Book Price": 17.3
      }
    },
    {
      "quarter": "Q2 2010",
      "income status": {
        "Net sales": 635415,
        "Cost of goods sold": 561397,
        "Gross Profit": 74018,
        "Financial expenses": 8345,
        "Of which: Interest expense": 5185,
        "Cost of sales": 49786,
        "Enterprise cost management": 7033,
        "Total Operating Expenses": 65164,
        "Total revenue financing activities": 659,
        "Net profit from business activities": 9514,
        "Profit": 17,
        "Profit before tax": 9531,
        "Present corporate income tax expenses": 31,
        "Deferred income taxes expenses": "N/A",
        "The interests of minority shareholders": "N/A",
        "Total Cost of profits": 31,
        "Profit after tax corporate income": 9500,
        "Volume": 18980200,
        "Close of Quarter": 13.7,
        "EPS": 1322,
        "Non-adjusted EPS": 1322,
        "PE": 10.3,
        "Book Price": 16.8
      }
    },
    {
      "quarter": "Q1 2010",
      "income status": {
        "Net sales": 623778,
        "Cost of goods sold": 546814,
        "Gross Profit": 76964,
        "Financial expenses": 3185,
        "Of which: Interest expense": 2598,
        "Cost of sales": 43193,
        "Enterprise cost management": 6394,
        "Total Operating Expenses": 52772,
        "Total revenue financing activities": 1550,
        "Net profit from business activities": 25742,
        "Profit": 32,
        "Profit before tax": 25774,
        "Present corporate income tax expenses": 5668,
        "Deferred income taxes expenses": "N/A",
        "The interests of minority shareholders": "N/A",
        "Total Cost of profits": 5668,
        "Profit after tax corporate income": 20107,
        "Volume": 18980200,
        "Close of Quarter": 16,
        "EPS": 1887,
        "Non-adjusted EPS": 1887,
        "PE": 8.5,
        "Book Price": 16.6
      }
    },
    {
      "quarter": "Q4 2009",
      "income status": {
        "Net sales": 710462,
        "Cost of goods sold": 611398,
        "Gross Profit": 99064,
        "Financial expenses": 12900,
        "Of which: Interest expense": 4962,
        "Cost of sales": 12110,
        "Enterprise cost management": 6635,
        "Total Operating Expenses": 31645,
        "Total revenue financing activities": 867,
        "Net profit from business activities": 68286,
        "Profit": 108,
        "Profit before tax": 68394,
        "Present corporate income tax expenses": 4267,
        "Deferred income taxes expenses": "N/A",
        "The interests of minority shareholders": "N/A",
        "Total Cost of profits": 4267,
        "Profit after tax corporate income": 64127,
        "Volume": 18980200,
        "Close of Quarter": 10.3,
        "EPS": 1534,
        "Non-adjusted EPS": 1534,
        "PE": 6.7,
        "Book Price": 15.8
      }
    },
    {
      "quarter": "Q3 2009",
      "income status": {
        "Net sales": 628637,
        "Cost of goods sold": 639632,
        "Gross Profit": -10996,
        "Financial expenses": 5412,
        "Of which: Interest expense": "N/A",
        "Cost of sales": 51835,
        "Enterprise cost management": 7792,
        "Total Operating Expenses": 65039,
        "Total revenue financing activities": 408,
        "Net profit from business activities": -75627,
        "Profit": 102,
        "Profit before tax": -75525,
        "Present corporate income tax expenses": -6877,
        "Deferred income taxes expenses": "N/A",
        "The interests of minority shareholders": "N/A",
        "Total Cost of profits": -6877,
        "Profit after tax corporate income": -68648,
        "Volume": 18980200,
        "Close of Quarter": 19.5,
        "EPS": -4186,
        "Non-adjusted EPS": -4186,
        "PE": -4.7,
        "Book Price": 12.4
      }
    },
    {
      "quarter": "Q2 2009",
      "income status": {
        "Net sales": 685239,
        "Cost of goods sold": 601615,
        "Gross Profit": 83624,
        "Financial expenses": 7541,
        "Of which: Interest expense": 36288,
        "Cost of sales": 44120,
        "Enterprise cost management": 8071,
        "Total Operating Expenses": 59732,
        "Total revenue financing activities": 723,
        "Net profit from business activities": 24616,
        "Profit": 641,
        "Profit before tax": 25256,
        "Present corporate income tax expenses": 5034,
        "Deferred income taxes expenses": "N/A",
        "The interests of minority shareholders": "N/A",
        "Total Cost of profits": 5034,
        "Profit after tax corporate income": 20222,
        "Volume": 18980200,
        "Close of Quarter": 14.0,
        "EPS": -804,
        "Non-adjusted EPS": -804,
        "PE": -17.4,
        "Book Price": 16
      }
    },
    {
      "quarter": "Q1 2009",
      "income status": {
        "Net sales": 602009,
        "Cost of goods sold": 538783,
        "Gross Profit": 63226,
        "Financial expenses": 10518,
        "Of which: Interest expense": 1770,
        "Cost of sales": 34738,
        "Enterprise cost management": 6186,
        "Total Operating Expenses": 51442,
        "Total revenue financing activities": 767,
        "Net profit from business activities": 12551,
        "Profit": 2702,
        "Profit before tax": 15253,
        "Present corporate income tax expenses": 1843,
        "Deferred income taxes expenses": "N/A",
        "The interests of minority shareholders": "N/A",
        "Total Cost of profits": 1843,
        "Profit after tax corporate income": 13410,
        "Volume": 18980200,
        "Close of Quarter": 10.3,
        "EPS": -1598,
        "Non-adjusted EPS": -1598,
        "PE": -6.5,
        "Book Price": 17
      }
    },
    {
      "quarter": "Q4 2008",
      "income status": {
        "Net sales": 576109,
        "Cost of goods sold": 586927,
        "Gross Profit": -10818,
        "Financial expenses": 13027,
        "Of which: Interest expense": 1864,
        "Cost of sales": 29162,
        "Enterprise cost management": 2945,
        "Total Operating Expenses": 45134,
        "Total revenue financing activities": 1653,
        "Net profit from business activities": -54299,
        "Profit": 2057,
        "Profit before tax": -52242,
        "Present corporate income tax expenses": -7808,
        "Deferred income taxes expenses": "N/A",
        "The interests of minority shareholders": "N/A",
        "Total Cost of profits": -7808,
        "Profit after tax corporate income": -44434,
        "Volume": 18980200,
        "Close of Quarter": 9.1,
        "EPS": 624,
        "Non-adjusted EPS": 624,
        "PE": 14.6,
        "Book Price": 16.3
      }
    },
    {
      "quarter": "Q3 2008",
      "income status": {
        "Net sales": 699064,
        "Cost of goods sold": 667723,
        "Gross Profit": 31341,
        "Financial expenses": 14882,
        "Of which: Interest expense": "N/A",
        "Cost of sales": 32975,
        "Enterprise cost management": 6325,
        "Total Operating Expenses": 54182,
        "Total revenue financing activities": 8706,
        "Net profit from business activities": -14135,
        "Profit": 7617,
        "Profit before tax": -6518,
        "Present corporate income tax expenses": -2058,
        "Deferred income taxes expenses": "N/A",
        "The interests of minority shareholders": "N/A",
        "Total Cost of profits": -2058,
        "Profit after tax corporate income": -4460,
        "Volume": 18980200,
        "Close of Quarter": 20.1,
        "EPS": 4793,
        "Non-adjusted EPS": 4793,
        "PE": 4.2,
        "Book Price": 18.6
      }
    },
    {
      "quarter": "Q2 2008",
      "income status": {
        "Net sales": 828589,
        "Cost of goods sold": 769899,
        "Gross Profit": 58691,
        "Financial expenses": 22472,
        "Of which: Interest expense": "N/A",
        "Cost of sales": 18393,
        "Enterprise cost management": 8733,
        "Total Operating Expenses": 49598,
        "Total revenue financing activities": 8094,
        "Net profit from business activities": 17186,
        "Profit": 333,
        "Profit before tax": 17519,
        "Present corporate income tax expenses": 12368,
        "Deferred income taxes expenses": "N/A",
        "The interests of minority shareholders": "N/A",
        "Total Cost of profits": 12368,
        "Profit after tax corporate income": 5151,
        "Volume": 18980200,
        "Close of Quarter": 27.1,
        "EPS": 6196,
        "Non-adjusted EPS": 6196,
        "PE": 4.4,
        "Book Price": 18.9
      }
    },
    {
      "quarter": "Q1 2008",
      "income status": {
        "Net sales": 855916,
        "Cost of goods sold": 780154,
        "Gross Profit": 75762,
        "Financial expenses": "N/A",
        "Of which: Interest expense": "N/A",
        "Cost of sales": 23520,
        "Enterprise cost management": 9090,
        "Total Operating Expenses": 32610,
        "Total revenue financing activities": 11823,
        "Net profit from business activities": 54974,
        "Profit": 608,
        "Profit before tax": 55582,
        "Present corporate income tax expenses": "N/A",
        "Deferred income taxes expenses": "N/A",
        "The interests of minority shareholders": "N/A",
        "Total Cost of profits": 0,
        "Profit after tax corporate income": 55582,
        "Volume": 18980200,
        "Close of Quarter": 40.4,
        "EPS": 8814,
        "Non-adjusted EPS": 8814,
        "PE": 4.6,
        "Book Price": 21.8
      }
    },
    {
      "quarter": "Q4 2007",
      "income status": {
        "Net sales": 847647,
        "Cost of goods sold": 791477,
        "Gross Profit": 56170,
        "Financial expenses": 6,
        "Of which: Interest expense": "N/A",
        "Cost of sales": 21308,
        "Enterprise cost management": 12257,
        "Total Operating Expenses": 33571,
        "Total revenue financing activities": 11815,
        "Net profit from business activities": 34414,
        "Profit": 279,
        "Profit before tax": 34693,
        "Present corporate income tax expenses": "N/A",
        "Deferred income taxes expenses": "N/A",
        "The interests of minority shareholders": "N/A",
        "Total Cost of profits": 0,
        "Profit after tax corporate income": 34693,
        "Volume": 18980200,
        "Close of Quarter": 46.7,
        "EPS": 6623,
        "Non-adjusted EPS": 6623,
        "PE": 7.0,
        "Book Price": 19
      }
    },
    {
      "quarter": "Q3 2007",
      "income status": {
        "Net sales": 675730,
        "Cost of goods sold": 629490,
        "Gross Profit": 46241,
        "Financial expenses": 1073,
        "Of which: Interest expense": "N/A",
        "Cost of sales": 19202,
        "Enterprise cost management": 5462,
        "Total Operating Expenses": 25737,
        "Total revenue financing activities": 1553,
        "Net profit from business activities": 22055,
        "Profit": 126,
        "Profit before tax": 22181,
        "Present corporate income tax expenses": "N/A",
        "Deferred income taxes expenses": "N/A",
        "The interests of minority shareholders": "N/A",
        "Total Cost of profits": 0,
        "Profit after tax corporate income": 22181,
        "Volume": 18980200,
        "Close of Quarter": 59.2,
        "EPS": 5539,
        "Non-adjusted EPS": 5539,
        "PE": 10.7,
        "Book Price": 17.2
      }
    },
    {
      "quarter": "Q2 2007",
      "income status": {
        "Net sales": 568648,
        "Cost of goods sold": 496194,
        "Gross Profit": 72454,
        "Financial expenses": 63,
        "Of which: Interest expense": "N/A",
        "Cost of sales": 18588,
        "Enterprise cost management": 5751,
        "Total Operating Expenses": 24402,
        "Total revenue financing activities": 6746,
        "Net profit from business activities": 54797,
        "Profit": 30,
        "Profit before tax": 54827,
        "Present corporate income tax expenses": "N/A",
        "Deferred income taxes expenses": "N/A",
        "The interests of minority shareholders": "N/A",
        "Total Cost of profits": 0,
        "Profit after tax corporate income": 54827,
        "Volume": 18980200,
        "Close of Quarter": 25.0,
        "EPS": 4935,
        "Non-adjusted EPS": 4935,
        "PE": 5.1,
        "Book Price": 16.2
      }
    },
    {
      "quarter": "Q1 2007",
      "income status": {
        "Net sales": 462203,
        "Cost of goods sold": 425028,
        "Gross Profit": 37175,
        "Financial expenses": 92,
        "Of which: Interest expense": "N/A",
        "Cost of sales": 21379,
        "Enterprise cost management": 5301,
        "Total Operating Expenses": 26772,
        "Total revenue financing activities": 3561,
        "Net profit from business activities": 13964,
        "Profit": 48,
        "Profit before tax": 14012,
        "Present corporate income tax expenses": "N/A",
        "Deferred income taxes expenses": "N/A",
        "The interests of minority shareholders": "N/A",
        "Total Cost of profits": 0,
        "Profit after tax corporate income": 14012,
        "Volume": 18980200,
        "Close of Quarter": 24.1,
        "EPS": 2463,
        "Non-adjusted EPS": 2463,
        "PE": 9.8,
        "Book Price": 14.6
      }
    },
    {
      "quarter": "Q4 2006",
      "income status": {
        "Net sales": 444816,
        "Cost of goods sold": 408489,
        "Gross Profit": 36327,
        "Financial expenses": 1156,
        "Of which: Interest expense": "N/A",
        "Cost of sales": 22660,
        "Enterprise cost management": 6257,
        "Total Operating Expenses": 30073,
        "Total revenue financing activities": 7044,
        "Net profit from business activities": 13299,
        "Profit": 815,
        "Profit before tax": 14114,
        "Present corporate income tax expenses": "N/A",
        "Deferred income taxes expenses": "N/A",
        "The interests of minority shareholders": "N/A",
        "Total Cost of profits": 0,
        "Profit after tax corporate income": 14114,
        "Volume": 18980200,
        "Close of Quarter": 24.2,
        "EPS": 2407,
        "Non-adjusted EPS": 2407,
        "PE": 10.0,
        "Book Price": 13.9
      }
    },
    {
      "quarter": "Q3 2006",
      "income status": {
        "Net sales": 440328,
        "Cost of goods sold": 410065,
        "Gross Profit": 30263,
        "Financial expenses": 1454,
        "Of which: Interest expense": 440,
        "Cost of sales": 17610,
        "Enterprise cost management": 5646,
        "Total Operating Expenses": 24710,
        "Total revenue financing activities": 4852,
        "Net profit from business activities": 10404,
        "Profit": "N/A",
        "Profit before tax": 10713,
        "Present corporate income tax expenses": "N/A",
        "Deferred income taxes expenses": "N/A",
        "The interests of minority shareholders": "N/A",
        "Total Cost of profits": 0,
        "Profit after tax corporate income": 10713,
        "Volume": 18980200,
        "Close of Quarter": "N/A",
        "EPS": 1664,
        "Non-adjusted EPS": 1664,
        "PE": "N/A",
        "Book Price": 13.2
      }
    },
    {
      "quarter": "Q2 2006",
      "income status": {
        "Net sales": 340907,
        "Cost of goods sold": 309402,
        "Gross Profit": 31505,
        "Financial expenses": 679,
        "Of which: Interest expense": "N/A",
        "Cost of sales": 23896,
        "Enterprise cost management": 4267,
        "Total Operating Expenses": 28842,
        "Total revenue financing activities": 5078,
        "Net profit from business activities": 7741,
        "Profit": 167,
        "Profit before tax": 7908,
        "Present corporate income tax expenses": "N/A",
        "Deferred income taxes expenses": "N/A",
        "The interests of minority shareholders": "N/A",
        "Total Cost of profits": 0,
        "Profit after tax corporate income": 7908,
        "Volume": 18980200,
        "Close of Quarter": "N/A",
        "EPS": 1099,
        "Non-adjusted EPS": 1099,
        "PE": "N/A",
        "Book Price": "N/A"
      }
    },
    {
      "quarter": "Q1 2006",
      "income status": {
        "Net sales": 320734,
        "Cost of goods sold": 285036,
        "Gross Profit": 35697,
        "Financial expenses": 493,
        "Of which: Interest expense": "N/A",
        "Cost of sales": 20673,
        "Enterprise cost management": 3916,
        "Total Operating Expenses": 25082,
        "Total revenue financing activities": 2236,
        "Net profit from business activities": 12851,
        "Profit": 106,
        "Profit before tax": 12957,
        "Present corporate income tax expenses": "N/A",
        "Deferred income taxes expenses": "N/A",
        "The interests of minority shareholders": "N/A",
        "Total Cost of profits": 0,
        "Profit after tax corporate income": 12957,
        "Volume": 18980200,
        "Close of Quarter": "N/A",
        "EPS": 683,
        "Non-adjusted EPS": 683,
        "PE": "N/A",
        "Book Price": 12.2
      }
    }
  ]
}