{
  "ticker": "PHT",
  "data": [
    {
      "quarter": "Q3 2012",
      "income status": {
        "Net sales": 203200,
        "Cost of goods sold": 203447,
        "Gross Profit": -247,
        "Financial expenses": 1127,
        "Of which: Interest expense": 1060,
        "Cost of sales": 1313,
        "Enterprise cost management": 3048,
        "Total Operating Expenses": 5488,
        "Total revenue financing activities": 488,
        "Net profit from business activities": -5248,
        "Profit": -113,
        "Profit before tax": -5361,
        "Present corporate income tax expenses": "N/A",
        "Deferred income taxes expenses": -56,
        "The interests of minority shareholders": -662,
        "Total Cost of profits": -718,
        "Profit after tax corporate income": -4643,
        "Volume": 19443535,
        "Close of Quarter": 5.9,
        "EPS": -500,
        "Non-adjusted EPS": -500,
        "PE": -11.9,
        "Book Price": 15.5
      }
    },
    {
      "quarter": "Q2 2012",
      "income status": {
        "Net sales": 176607,
        "Cost of goods sold": 167835,
        "Gross Profit": 8772,
        "Financial expenses": 3775,
        "Of which: Interest expense": 3088,
        "Cost of sales": 860,
        "Enterprise cost management": 3999,
        "Total Operating Expenses": 8634,
        "Total revenue financing activities": 1761,
        "Net profit from business activities": 1899,
        "Profit": -341,
        "Profit before tax": 1559,
        "Present corporate income tax expenses": 480,
        "Deferred income taxes expenses": 643,
        "The interests of minority shareholders": -207,
        "Total Cost of profits": 916,
        "Profit after tax corporate income": 642,
        "Volume": 18003273,
        "Close of Quarter": 6.5,
        "EPS": 56.5,
        "Non-adjusted EPS": 61,
        "PE": 106.9,
        "Book Price": 15.7
      }
    },
    {
      "quarter": "Q1 2012",
      "income status": {
        "Net sales": 311225,
        "Cost of goods sold": 301698,
        "Gross Profit": 9527,
        "Financial expenses": 5076,
        "Of which: Interest expense": 4819,
        "Cost of sales": 723,
        "Enterprise cost management": 3662,
        "Total Operating Expenses": 9461,
        "Total revenue financing activities": 1383,
        "Net profit from business activities": 1449,
        "Profit": -519,
        "Profit before tax": 930,
        "Present corporate income tax expenses": "N/A",
        "Deferred income taxes expenses": -176,
        "The interests of minority shareholders": -437,
        "Total Cost of profits": -613,
        "Profit after tax corporate income": 1543,
        "Volume": 18003273,
        "Close of Quarter": 6.6,
        "EPS": 638.0,
        "Non-adjusted EPS": 689,
        "PE": 9.6,
        "Book Price": 15.7
      }
    },
    {
      "quarter": "Q4 2011",
      "income status": {
        "Net sales": 359184,
        "Cost of goods sold": 357630,
        "Gross Profit": 1554,
        "Financial expenses": 10134,
        "Of which: Interest expense": 3806,
        "Cost of sales": 1469,
        "Enterprise cost management": 3739,
        "Total Operating Expenses": 15342,
        "Total revenue financing activities": 1959,
        "Net profit from business activities": -11828,
        "Profit": -294,
        "Profit before tax": -12122,
        "Present corporate income tax expenses": -4483,
        "Deferred income taxes expenses": -110,
        "The interests of minority shareholders": -272,
        "Total Cost of profits": -4865,
        "Profit after tax corporate income": -7257,
        "Volume": 18003273,
        "Close of Quarter": 6.3,
        "EPS": 1463.0,
        "Non-adjusted EPS": 1580,
        "PE": 4.0,
        "Book Price": 15.7
      }
    },
    {
      "quarter": "Q3 2011",
      "income status": {
        "Net sales": 348135,
        "Cost of goods sold": 330718,
        "Gross Profit": 17417,
        "Financial expenses": 5488,
        "Of which: Interest expense": 5302,
        "Cost of sales": 1049,
        "Enterprise cost management": 3173,
        "Total Operating Expenses": 9710,
        "Total revenue financing activities": 883,
        "Net profit from business activities": 8590,
        "Profit": -441,
        "Profit before tax": 8149,
        "Present corporate income tax expenses": 1792,
        "Deferred income taxes expenses": 317,
        "The interests of minority shareholders": -136,
        "Total Cost of profits": 1973,
        "Profit after tax corporate income": 6176,
        "Volume": 18003273,
        "Close of Quarter": 7.3,
        "EPS": 2242.6,
        "Non-adjusted EPS": 2422,
        "PE": 3.0,
        "Book Price": 16.2
      }
    },
    {
      "quarter": "Q2 2011",
      "income status": {
        "Net sales": 186199,
        "Cost of goods sold": 155126,
        "Gross Profit": 31073,
        "Financial expenses": 12852,
        "Of which: Interest expense": 12504,
        "Cost of sales": 1010,
        "Enterprise cost management": 3126,
        "Total Operating Expenses": 16988,
        "Total revenue financing activities": 690,
        "Net profit from business activities": 14775,
        "Profit": 726,
        "Profit before tax": 15501,
        "Present corporate income tax expenses": 3416,
        "Deferred income taxes expenses": 40,
        "The interests of minority shareholders": 94,
        "Total Cost of profits": 3550,
        "Profit after tax corporate income": 11951,
        "Volume": 18993273,
        "Close of Quarter": 8.0,
        "EPS": 2433.3,
        "Non-adjusted EPS": 2491,
        "PE": 3.2,
        "Book Price": 16.5
      }
    },
    {
      "quarter": "Q1 2011",
      "income status": {
        "Net sales": 554325,
        "Cost of goods sold": 517534,
        "Gross Profit": 36791,
        "Financial expenses": 10710,
        "Of which: Interest expense": 6527,
        "Cost of sales": 902,
        "Enterprise cost management": 2724,
        "Total Operating Expenses": 14336,
        "Total revenue financing activities": 738,
        "Net profit from business activities": 23193,
        "Profit": -1182,
        "Profit before tax": 22012,
        "Present corporate income tax expenses": 4181,
        "Deferred income taxes expenses": 87,
        "The interests of minority shareholders": 175,
        "Total Cost of profits": 4443,
        "Profit after tax corporate income": 17568,
        "Volume": 18993273,
        "Close of Quarter": 7.3,
        "EPS": 2135.4,
        "Non-adjusted EPS": 2186,
        "PE": 3.3,
        "Book Price": 17.2
      }
    },
    {
      "quarter": "Q4 2010",
      "income status": {
        "Net sales": 425151,
        "Cost of goods sold": 401695,
        "Gross Profit": 23455,
        "Financial expenses": 7969,
        "Of which: Interest expense": 7844,
        "Cost of sales": 1229,
        "Enterprise cost management": 3948,
        "Total Operating Expenses": 13146,
        "Total revenue financing activities": 1266,
        "Net profit from business activities": 11576,
        "Profit": -832,
        "Profit before tax": 10744,
        "Present corporate income tax expenses": 2711,
        "Deferred income taxes expenses": -157,
        "The interests of minority shareholders": 280,
        "Total Cost of profits": 2834,
        "Profit after tax corporate income": 7910,
        "Volume": 19380943,
        "Close of Quarter": 11.3,
        "EPS": 2163.0,
        "Non-adjusted EPS": 2170,
        "PE": 5.2,
        "Book Price": 16.6
      }
    },
    {
      "quarter": "Q3 2010",
      "income status": {
        "Net sales": 445010,
        "Cost of goods sold": 423931,
        "Gross Profit": 21078,
        "Financial expenses": 6004,
        "Of which: Interest expense": 5141,
        "Cost of sales": 654,
        "Enterprise cost management": 2551,
        "Total Operating Expenses": 9209,
        "Total revenue financing activities": 802,
        "Net profit from business activities": 12672,
        "Profit": -54,
        "Profit before tax": 12618,
        "Present corporate income tax expenses": 2312,
        "Deferred income taxes expenses": 499,
        "The interests of minority shareholders": -72,
        "Total Cost of profits": 2739,
        "Profit after tax corporate income": 9879,
        "Volume": 19999993,
        "Close of Quarter": 11.6,
        "EPS": 2640.5,
        "Non-adjusted EPS": 2567,
        "PE": 4.5,
        "Book Price": 17.6
      }
    },
    {
      "quarter": "Q2 2010",
      "income status": {
        "Net sales": 403854,
        "Cost of goods sold": 382603,
        "Gross Profit": 21251,
        "Financial expenses": 7314,
        "Of which: Interest expense": 2051,
        "Cost of sales": 655,
        "Enterprise cost management": 2506,
        "Total Operating Expenses": 10475,
        "Total revenue financing activities": 152,
        "Net profit from business activities": 10928,
        "Profit": -183,
        "Profit before tax": 10745,
        "Present corporate income tax expenses": 5084,
        "Deferred income taxes expenses": -374,
        "The interests of minority shareholders": -122,
        "Total Cost of profits": 4588,
        "Profit after tax corporate income": 6158,
        "Volume": 11000000,
        "Close of Quarter": 15.5,
        "EPS": 3038.0,
        "Non-adjusted EPS": 5370,
        "PE": 2.9,
        "Book Price": 9.1
      }
    },
    {
      "quarter": "Q1 2010",
      "income status": {
        "Net sales": 276802,
        "Cost of goods sold": 248784,
        "Gross Profit": 28018,
        "Financial expenses": 4963,
        "Of which: Interest expense": 4062,
        "Cost of sales": 400,
        "Enterprise cost management": 2064,
        "Total Operating Expenses": 7427,
        "Total revenue financing activities": 545,
        "Net profit from business activities": 21137,
        "Profit": -280,
        "Profit before tax": 20857,
        "Present corporate income tax expenses": 2718,
        "Deferred income taxes expenses": 25,
        "The interests of minority shareholders": "N/A",
        "Total Cost of profits": 2743,
        "Profit after tax corporate income": 18113,
        "Volume": 11000000,
        "Close of Quarter": 15.4,
        "EPS": 3327.7,
        "Non-adjusted EPS": 5882,
        "PE": 2.6,
        "Book Price": 9.6
      }
    },
    {
      "quarter": "Q4 2009",
      "income status": {
        "Net sales": 290710,
        "Cost of goods sold": 273782,
        "Gross Profit": 16929,
        "Financial expenses": 7203,
        "Of which: Interest expense": "N/A",
        "Cost of sales": 543,
        "Enterprise cost management": 2908,
        "Total Operating Expenses": 10654,
        "Total revenue financing activities": 15781,
        "Net profit from business activities": 22057,
        "Profit": 766,
        "Profit before tax": 22824,
        "Present corporate income tax expenses": 4737,
        "Deferred income taxes expenses": 904,
        "The interests of minority shareholders": "N/A",
        "Total Cost of profits": 5641,
        "Profit after tax corporate income": 17183,
        "Volume": 11000000,
        "Close of Quarter": 20.8,
        "EPS": 2462.7,
        "Non-adjusted EPS": 4353,
        "PE": 4.8,
        "Book Price": 8.7
      }
    },
    {
      "quarter": "Q3 2009",
      "income status": {
        "Net sales": 269882,
        "Cost of goods sold": 242949,
        "Gross Profit": 26933,
        "Financial expenses": 5402,
        "Of which: Interest expense": 2884,
        "Cost of sales": 442,
        "Enterprise cost management": 2274,
        "Total Operating Expenses": 8118,
        "Total revenue financing activities": 858,
        "Net profit from business activities": 19673,
        "Profit": -202,
        "Profit before tax": 19472,
        "Present corporate income tax expenses": 2414,
        "Deferred income taxes expenses": -561,
        "The interests of minority shareholders": "N/A",
        "Total Cost of profits": 1853,
        "Profit after tax corporate income": 17619,
        "Volume": 11000000,
        "Close of Quarter": 18.8,
        "EPS": 1579.0,
        "Non-adjusted EPS": 2791,
        "PE": 6.7,
        "Book Price": 7.9
      }
    },
    {
      "quarter": "Q2 2009",
      "income status": {
        "Net sales": 142453,
        "Cost of goods sold": 119937,
        "Gross Profit": 22517,
        "Financial expenses": 6773,
        "Of which: Interest expense": "N/A",
        "Cost of sales": 794,
        "Enterprise cost management": 1893,
        "Total Operating Expenses": 9460,
        "Total revenue financing activities": 58,
        "Net profit from business activities": 13115,
        "Profit": 53,
        "Profit before tax": 13168,
        "Present corporate income tax expenses": 1947,
        "Deferred income taxes expenses": -561,
        "The interests of minority shareholders": "N/A",
        "Total Cost of profits": 1386,
        "Profit after tax corporate income": 11782,
        "Volume": 11000000,
        "Close of Quarter": "N/A",
        "EPS": 672.7,
        "Non-adjusted EPS": 1189,
        "PE": "N/A",
        "Book Price": 7.0
      }
    },
    {
      "quarter": "Q1 2009",
      "income status": {
        "Net sales": 185243,
        "Cost of goods sold": 178001,
        "Gross Profit": 7242,
        "Financial expenses": 3428,
        "Of which: Interest expense": 2578,
        "Cost of sales": 258,
        "Enterprise cost management": 1561,
        "Total Operating Expenses": 5247,
        "Total revenue financing activities": 36,
        "Net profit from business activities": 2030,
        "Profit": -117,
        "Profit before tax": 1913,
        "Present corporate income tax expenses": 939,
        "Deferred income taxes expenses": -324,
        "The interests of minority shareholders": "N/A",
        "Total Cost of profits": 615,
        "Profit after tax corporate income": 1298,
        "Volume": 11000000,
        "Close of Quarter": "N/A",
        "EPS": 66.8,
        "Non-adjusted EPS": 118,
        "PE": "N/A",
        "Book Price": "N/A"
      }
    }
  ]
}