{
  "ticker": "SCJ",
  "data": [
    {
      "quarter": "Q1 2017",
      "income status": {
        "Net sales": 53867,
        "Cost of goods sold": 63230,
        "Gross Profit": -9364,
        "Financial expenses": 3204,
        "Of which: Interest expense": 3204,
        "Cost of sales": "N/A",
        "Enterprise cost management": 3045,
        "Total Operating Expenses": 6249,
        "Total revenue financing activities": 290,
        "Net profit from business activities": -15323,
        "Profit": -340,
        "Profit before tax": -15663,
        "Present corporate income tax expenses": "N/A",
        "Deferred income taxes expenses": "N/A",
        "The interests of minority shareholders": "N/A",
        "Total Cost of profits": 0,
        "Profit after tax corporate income": -15663,
        "Volume": 19516000,
        "Close of Quarter": 2.1,
        "EPS": -641,
        "Non-adjusted EPS": -641,
        "PE": -3.3,
        "Book Price": 12.9
      }
    },
    {
      "quarter": "Q4 2016",
      "income status": {
        "Net sales": 59418,
        "Cost of goods sold": 57723,
        "Gross Profit": 1695,
        "Financial expenses": 3478,
        "Of which: Interest expense": 3477,
        "Cost of sales": "N/A",
        "Enterprise cost management": 2643,
        "Total Operating Expenses": 6121,
        "Total revenue financing activities": 324,
        "Net profit from business activities": -4102,
        "Profit": 1,
        "Profit before tax": -4101,
        "Present corporate income tax expenses": -380,
        "Deferred income taxes expenses": "N/A",
        "The interests of minority shareholders": "N/A",
        "Total Cost of profits": -380,
        "Profit after tax corporate income": -3720,
        "Volume": 19516000,
        "Close of Quarter": 2.2,
        "EPS": -102,
        "Non-adjusted EPS": -102,
        "PE": -21.6,
        "Book Price": 13.8
      }
    },
    {
      "quarter": "Q3 2016",
      "income status": {
        "Net sales": 52188,
        "Cost of goods sold": 53281,
        "Gross Profit": -1093,
        "Financial expenses": 3525,
        "Of which: Interest expense": 3525,
        "Cost of sales": "N/A",
        "Enterprise cost management": 3047,
        "Total Operating Expenses": 6572,
        "Total revenue financing activities": 323,
        "Net profit from business activities": -7343,
        "Profit": 1482,
        "Profit before tax": -5860,
        "Present corporate income tax expenses": -578,
        "Deferred income taxes expenses": "N/A",
        "The interests of minority shareholders": "N/A",
        "Total Cost of profits": -578,
        "Profit after tax corporate income": -5282,
        "Volume": 19516000,
        "Close of Quarter": 6.8,
        "EPS": 177,
        "Non-adjusted EPS": 177,
        "PE": 38.4,
        "Book Price": 14
      }
    },
    {
      "quarter": "Q2 2016",
      "income status": {
        "Net sales": 59667,
        "Cost of goods sold": 60619,
        "Gross Profit": -951,
        "Financial expenses": 1324,
        "Of which: Interest expense": 3354,
        "Cost of sales": 215,
        "Enterprise cost management": 4533,
        "Total Operating Expenses": 6072,
        "Total revenue financing activities": 299,
        "Net profit from business activities": -6723,
        "Profit": 19894,
        "Profit before tax": 13171,
        "Present corporate income tax expenses": 1009,
        "Deferred income taxes expenses": "N/A",
        "The interests of minority shareholders": "N/A",
        "Total Cost of profits": 1009,
        "Profit after tax corporate income": 12162,
        "Volume": 19516000,
        "Close of Quarter": 6.5,
        "EPS": 481,
        "Non-adjusted EPS": 481,
        "PE": 13.5,
        "Book Price": 14.2
      }
    },
    {
      "quarter": "Q1 2016",
      "income status": {
        "Net sales": 53800,
        "Cost of goods sold": 54022,
        "Gross Profit": -222,
        "Financial expenses": 2889,
        "Of which: Interest expense": 2889,
        "Cost of sales": "N/A",
        "Enterprise cost management": 2333,
        "Total Operating Expenses": 5222,
        "Total revenue financing activities": 324,
        "Net profit from business activities": -5121,
        "Profit": -36,
        "Profit before tax": -5157,
        "Present corporate income tax expenses": "N/A",
        "Deferred income taxes expenses": "N/A",
        "The interests of minority shareholders": "N/A",
        "Total Cost of profits": 0,
        "Profit after tax corporate income": -5157,
        "Volume": 19516000,
        "Close of Quarter": 7.3,
        "EPS": -47,
        "Non-adjusted EPS": -47,
        "PE": -155.3,
        "Book Price": 13.6
      }
    },
    {
      "quarter": "Q4 2015",
      "income status": {
        "Net sales": 86673,
        "Cost of goods sold": 88629,
        "Gross Profit": -1956,
        "Financial expenses": 3242,
        "Of which: Interest expense": 3242,
        "Cost of sales": 834,
        "Enterprise cost management": 5885,
        "Total Operating Expenses": 9961,
        "Total revenue financing activities": 423,
        "Net profit from business activities": -11495,
        "Profit": 13711,
        "Profit before tax": 2217,
        "Present corporate income tax expenses": 488,
        "Deferred income taxes expenses": "N/A",
        "The interests of minority shareholders": "N/A",
        "Total Cost of profits": 488,
        "Profit after tax corporate income": 1729,
        "Volume": 19516000,
        "Close of Quarter": 8.3,
        "EPS": 326,
        "Non-adjusted EPS": 326,
        "PE": 25.5,
        "Book Price": 14.5
      }
    },
    {
      "quarter": "Q3 2015",
      "income status": {
        "Net sales": 71654,
        "Cost of goods sold": 65087,
        "Gross Profit": 6566,
        "Financial expenses": 2633,
        "Of which: Interest expense": 2633,
        "Cost of sales": 1150,
        "Enterprise cost management": 2422,
        "Total Operating Expenses": 6205,
        "Total revenue financing activities": 474,
        "Net profit from business activities": 835,
        "Profit": -6,
        "Profit before tax": 829,
        "Present corporate income tax expenses": 182,
        "Deferred income taxes expenses": "N/A",
        "The interests of minority shareholders": "N/A",
        "Total Cost of profits": 182,
        "Profit after tax corporate income": 647,
        "Volume": 19516000,
        "Close of Quarter": 8,
        "EPS": 641,
        "Non-adjusted EPS": 641,
        "PE": 12.5,
        "Book Price": 14.4
      }
    },
    {
      "quarter": "Q2 2015",
      "income status": {
        "Net sales": 86492,
        "Cost of goods sold": 79923,
        "Gross Profit": 6569,
        "Financial expenses": 2963,
        "Of which: Interest expense": 2943,
        "Cost of sales": 784,
        "Enterprise cost management": 2670,
        "Total Operating Expenses": 6417,
        "Total revenue financing activities": 472,
        "Net profit from business activities": 623,
        "Profit": 1920,
        "Profit before tax": 2543,
        "Present corporate income tax expenses": 686,
        "Deferred income taxes expenses": "N/A",
        "The interests of minority shareholders": "N/A",
        "Total Cost of profits": 686,
        "Profit after tax corporate income": 1857,
        "Volume": 19516000,
        "Close of Quarter": 8.3,
        "EPS": 977,
        "Non-adjusted EPS": 977,
        "PE": 8.5,
        "Book Price": 15
      }
    },
    {
      "quarter": "Q1 2015",
      "income status": {
        "Net sales": 75383,
        "Cost of goods sold": 67462,
        "Gross Profit": 7921,
        "Financial expenses": 2908,
        "Of which: Interest expense": 2908,
        "Cost of sales": 759,
        "Enterprise cost management": 2047,
        "Total Operating Expenses": 5714,
        "Total revenue financing activities": 481,
        "Net profit from business activities": 2688,
        "Profit": 36,
        "Profit before tax": 2724,
        "Present corporate income tax expenses": 599,
        "Deferred income taxes expenses": "N/A",
        "The interests of minority shareholders": "N/A",
        "Total Cost of profits": 599,
        "Profit after tax corporate income": 2125,
        "Volume": 19516000,
        "Close of Quarter": 8.9,
        "EPS": 1258,
        "Non-adjusted EPS": 1258,
        "PE": 7.0,
        "Book Price": 15.1
      }
    },
    {
      "quarter": "Q4 2014",
      "income status": {
        "Net sales": 98317,
        "Cost of goods sold": 85239,
        "Gross Profit": 13078,
        "Financial expenses": 3454,
        "Of which: Interest expense": 1003,
        "Cost of sales": 938,
        "Enterprise cost management": 2384,
        "Total Operating Expenses": 6776,
        "Total revenue financing activities": 2810,
        "Net profit from business activities": 9112,
        "Profit": 418,
        "Profit before tax": 9529,
        "Present corporate income tax expenses": 1656,
        "Deferred income taxes expenses": "N/A",
        "The interests of minority shareholders": "N/A",
        "Total Cost of profits": 1656,
        "Profit after tax corporate income": 7873,
        "Volume": 19516000,
        "Close of Quarter": 9.2,
        "EPS": 1195,
        "Non-adjusted EPS": 1195,
        "PE": 7.7,
        "Book Price": 15.1
      }
    },
    {
      "quarter": "Q3 2014",
      "income status": {
        "Net sales": 77756,
        "Cost of goods sold": 61960,
        "Gross Profit": 15796,
        "Financial expenses": 4139,
        "Of which: Interest expense": 4106,
        "Cost of sales": 882,
        "Enterprise cost management": 2254,
        "Total Operating Expenses": 7275,
        "Total revenue financing activities": 718,
        "Net profit from business activities": 9239,
        "Profit": -1,
        "Profit before tax": 9238,
        "Present corporate income tax expenses": 2032,
        "Deferred income taxes expenses": "N/A",
        "The interests of minority shareholders": "N/A",
        "Total Cost of profits": 2032,
        "Profit after tax corporate income": 7205,
        "Volume": 9758000,
        "Close of Quarter": 7.6,
        "EPS": 1157,
        "Non-adjusted EPS": 2314,
        "PE": 3.3,
        "Book Price": 14.7
      }
    },
    {
      "quarter": "Q2 2014",
      "income status": {
        "Net sales": 91519,
        "Cost of goods sold": 76623,
        "Gross Profit": 14896,
        "Financial expenses": 4585,
        "Of which: Interest expense": 4525,
        "Cost of sales": 366,
        "Enterprise cost management": 2714,
        "Total Operating Expenses": 7665,
        "Total revenue financing activities": 748,
        "Net profit from business activities": 7978,
        "Profit": 1520,
        "Profit before tax": 9498,
        "Present corporate income tax expenses": 2156,
        "Deferred income taxes expenses": "N/A",
        "The interests of minority shareholders": "N/A",
        "Total Cost of profits": 2156,
        "Profit after tax corporate income": 7342,
        "Volume": 9758000,
        "Close of Quarter": 6.5,
        "EPS": 790,
        "Non-adjusted EPS": 1580,
        "PE": 4.1,
        "Book Price": 14.3
      }
    },
    {
      "quarter": "Q1 2014",
      "income status": {
        "Net sales": 74690,
        "Cost of goods sold": 66993,
        "Gross Profit": 7697,
        "Financial expenses": 4072,
        "Of which: Interest expense": 4072,
        "Cost of sales": 1442,
        "Enterprise cost management": 2145,
        "Total Operating Expenses": 7659,
        "Total revenue financing activities": 746,
        "Net profit from business activities": 784,
        "Profit": 108,
        "Profit before tax": 892,
        "Present corporate income tax expenses": "N/A",
        "Deferred income taxes expenses": "N/A",
        "The interests of minority shareholders": "N/A",
        "Total Cost of profits": 0,
        "Profit after tax corporate income": 892,
        "Volume": 9758000,
        "Close of Quarter": 6.7,
        "EPS": 435,
        "Non-adjusted EPS": 870,
        "PE": 7.7,
        "Book Price": 14.4
      }
    },
    {
      "quarter": "Q4 2013",
      "income status": {
        "Net sales": 103947,
        "Cost of goods sold": 93430,
        "Gross Profit": 10518,
        "Financial expenses": 5011,
        "Of which: Interest expense": 5011,
        "Cost of sales": 1134,
        "Enterprise cost management": 2465,
        "Total Operating Expenses": 8610,
        "Total revenue financing activities": 1194,
        "Net profit from business activities": 3101,
        "Profit": 4038,
        "Profit before tax": 7139,
        "Present corporate income tax expenses": "N/A",
        "Deferred income taxes expenses": "N/A",
        "The interests of minority shareholders": "N/A",
        "Total Cost of profits": 0,
        "Profit after tax corporate income": 7139,
        "Volume": 9758000,
        "Close of Quarter": 3.6,
        "EPS": 391,
        "Non-adjusted EPS": 782,
        "PE": 4.6,
        "Book Price": 14.4
      }
    },
    {
      "quarter": "Q3 2013",
      "income status": {
        "Net sales": 72591,
        "Cost of goods sold": 66427,
        "Gross Profit": 6164,
        "Financial expenses": 4802,
        "Of which: Interest expense": 4802,
        "Cost of sales": 715,
        "Enterprise cost management": 1699,
        "Total Operating Expenses": 7216,
        "Total revenue financing activities": 1201,
        "Net profit from business activities": 149,
        "Profit": -104,
        "Profit before tax": 44,
        "Present corporate income tax expenses": "N/A",
        "Deferred income taxes expenses": "N/A",
        "The interests of minority shareholders": "N/A",
        "Total Cost of profits": 0,
        "Profit after tax corporate income": 44,
        "Volume": 9758000,
        "Close of Quarter": 3.1,
        "EPS": -75,
        "Non-adjusted EPS": -150,
        "PE": -20.7,
        "Book Price": 14
      }
    },
    {
      "quarter": "Q2 2013",
      "income status": {
        "Net sales": 80116,
        "Cost of goods sold": 72853,
        "Gross Profit": 7263,
        "Financial expenses": 5252,
        "Of which: Interest expense": 5244,
        "Cost of sales": 448,
        "Enterprise cost management": 2290,
        "Total Operating Expenses": 7990,
        "Total revenue financing activities": 1461,
        "Net profit from business activities": 734,
        "Profit": -316,
        "Profit before tax": 418,
        "Present corporate income tax expenses": "N/A",
        "Deferred income taxes expenses": "N/A",
        "The interests of minority shareholders": "N/A",
        "Total Cost of profits": 0,
        "Profit after tax corporate income": 418,
        "Volume": 9758000,
        "Close of Quarter": 3.1,
        "EPS": -543,
        "Non-adjusted EPS": -1086,
        "PE": -2.8,
        "Book Price": 14
      }
    },
    {
      "quarter": "Q1 2013",
      "income status": {
        "Net sales": 63557,
        "Cost of goods sold": 56868,
        "Gross Profit": 6689,
        "Financial expenses": 5753,
        "Of which: Interest expense": 5695,
        "Cost of sales": 856,
        "Enterprise cost management": 2051,
        "Total Operating Expenses": 8660,
        "Total revenue financing activities": 1475,
        "Net profit from business activities": -497,
        "Profit": 522,
        "Profit before tax": 25,
        "Present corporate income tax expenses": "N/A",
        "Deferred income taxes expenses": "N/A",
        "The interests of minority shareholders": "N/A",
        "Total Cost of profits": 0,
        "Profit after tax corporate income": 25,
        "Volume": 9758000,
        "Close of Quarter": 2.1,
        "EPS": -455.5,
        "Non-adjusted EPS": -911,
        "PE": -2.3,
        "Book Price": 14
      }
    },
    {
      "quarter": "Q4 2012",
      "income status": {
        "Net sales": 71916,
        "Cost of goods sold": 67511,
        "Gross Profit": 4405,
        "Financial expenses": 6191,
        "Of which: Interest expense": 3639,
        "Cost of sales": 623,
        "Enterprise cost management": 2928,
        "Total Operating Expenses": 9742,
        "Total revenue financing activities": 2023,
        "Net profit from business activities": -3314,
        "Profit": 1361,
        "Profit before tax": -1953,
        "Present corporate income tax expenses": "N/A",
        "Deferred income taxes expenses": "N/A",
        "The interests of minority shareholders": "N/A",
        "Total Cost of profits": 0,
        "Profit after tax corporate income": -1953,
        "Volume": 9758000,
        "Close of Quarter": 2.2,
        "EPS": -565,
        "Non-adjusted EPS": -1130,
        "PE": -2.0,
        "Book Price": 14.1
      }
    },
    {
      "quarter": "Q3 2012",
      "income status": {
        "Net sales": 57736,
        "Cost of goods sold": 57961,
        "Gross Profit": -225,
        "Financial expenses": 6640,
        "Of which: Interest expense": 6542,
        "Cost of sales": 700,
        "Enterprise cost management": 1933,
        "Total Operating Expenses": 9273,
        "Total revenue financing activities": 612,
        "Net profit from business activities": -8885,
        "Profit": -199,
        "Profit before tax": -9084,
        "Present corporate income tax expenses": "N/A",
        "Deferred income taxes expenses": "N/A",
        "The interests of minority shareholders": "N/A",
        "Total Cost of profits": 0,
        "Profit after tax corporate income": -9084,
        "Volume": 9758000,
        "Close of Quarter": 2.7,
        "EPS": -294,
        "Non-adjusted EPS": -588,
        "PE": -4.6,
        "Book Price": 14.2
      }
    },
    {
      "quarter": "Q2 2012",
      "income status": {
        "Net sales": 60413,
        "Cost of goods sold": 47621,
        "Gross Profit": 12791,
        "Financial expenses": 7861,
        "Of which: Interest expense": 7642,
        "Cost of sales": 925,
        "Enterprise cost management": 2452,
        "Total Operating Expenses": 11238,
        "Total revenue financing activities": 1079,
        "Net profit from business activities": 2632,
        "Profit": -210,
        "Profit before tax": 2422,
        "Present corporate income tax expenses": 299,
        "Deferred income taxes expenses": "N/A",
        "The interests of minority shareholders": "N/A",
        "Total Cost of profits": 299,
        "Profit after tax corporate income": 2123,
        "Volume": 9758000,
        "Close of Quarter": 3.9,
        "EPS": 608.5,
        "Non-adjusted EPS": 1217,
        "PE": 3.2,
        "Book Price": 14.6
      }
    },
    {
      "quarter": "Q1 2012",
      "income status": {
        "Net sales": 61272,
        "Cost of goods sold": 52247,
        "Gross Profit": 9025,
        "Financial expenses": 7993,
        "Of which: Interest expense": 7993,
        "Cost of sales": 1090,
        "Enterprise cost management": 2738,
        "Total Operating Expenses": 11821,
        "Total revenue financing activities": 936,
        "Net profit from business activities": -1860,
        "Profit": -253,
        "Profit before tax": -2113,
        "Present corporate income tax expenses": "N/A",
        "Deferred income taxes expenses": "N/A",
        "The interests of minority shareholders": "N/A",
        "Total Cost of profits": 0,
        "Profit after tax corporate income": -2113,
        "Volume": 9758000,
        "Close of Quarter": 4.2,
        "EPS": 1014,
        "Non-adjusted EPS": 2028,
        "PE": 2.1,
        "Book Price": 14.5
      }
    },
    {
      "quarter": "Q4 2011",
      "income status": {
        "Net sales": 72503,
        "Cost of goods sold": 63108,
        "Gross Profit": 9396,
        "Financial expenses": 292,
        "Of which: Interest expense": 292,
        "Cost of sales": 1221,
        "Enterprise cost management": 3663,
        "Total Operating Expenses": 5176,
        "Total revenue financing activities": 40,
        "Net profit from business activities": 4260,
        "Profit": 195,
        "Profit before tax": 4455,
        "Present corporate income tax expenses": 1114,
        "Deferred income taxes expenses": "N/A",
        "The interests of minority shareholders": "N/A",
        "Total Cost of profits": 1114,
        "Profit after tax corporate income": 3341,
        "Volume": 9758000,
        "Close of Quarter": 3.0,
        "EPS": 1333.5,
        "Non-adjusted EPS": 2667,
        "PE": 1.1,
        "Book Price": 14.9
      }
    },
    {
      "quarter": "Q3 2011",
      "income status": {
        "Net sales": 71222,
        "Cost of goods sold": 56263,
        "Gross Profit": 14959,
        "Financial expenses": 167,
        "Of which: Interest expense": 167,
        "Cost of sales": 1190,
        "Enterprise cost management": 2433,
        "Total Operating Expenses": 3790,
        "Total revenue financing activities": 131,
        "Net profit from business activities": 11299,
        "Profit": 70,
        "Profit before tax": 11369,
        "Present corporate income tax expenses": 2842,
        "Deferred income taxes expenses": "N/A",
        "The interests of minority shareholders": "N/A",
        "Total Cost of profits": 2842,
        "Profit after tax corporate income": 8527,
        "Volume": 9758000,
        "Close of Quarter": 4.3,
        "EPS": 1673.5,
        "Non-adjusted EPS": 3347,
        "PE": 1.3,
        "Book Price": 14.8
      }
    },
    {
      "quarter": "Q2 2011",
      "income status": {
        "Net sales": 79135,
        "Cost of goods sold": 65078,
        "Gross Profit": 14057,
        "Financial expenses": 89,
        "Of which: Interest expense": 89,
        "Cost of sales": 961,
        "Enterprise cost management": 3352,
        "Total Operating Expenses": 4402,
        "Total revenue financing activities": 449,
        "Net profit from business activities": 10104,
        "Profit": 3272,
        "Profit before tax": 13376,
        "Present corporate income tax expenses": 3344,
        "Deferred income taxes expenses": "N/A",
        "The interests of minority shareholders": "N/A",
        "Total Cost of profits": 3344,
        "Profit after tax corporate income": 10032,
        "Volume": 9758000,
        "Close of Quarter": 4.3,
        "EPS": 1754,
        "Non-adjusted EPS": 3508,
        "PE": 1.2,
        "Book Price": 14.4
      }
    },
    {
      "quarter": "Q1 2011",
      "income status": {
        "Net sales": 55314,
        "Cost of goods sold": 47564,
        "Gross Profit": 7750,
        "Financial expenses": 35,
        "Of which: Interest expense": 35,
        "Cost of sales": 860,
        "Enterprise cost management": 2344,
        "Total Operating Expenses": 3239,
        "Total revenue financing activities": 562,
        "Net profit from business activities": 5072,
        "Profit": 427,
        "Profit before tax": 5499,
        "Present corporate income tax expenses": 1375,
        "Deferred income taxes expenses": "N/A",
        "The interests of minority shareholders": "N/A",
        "Total Cost of profits": 1375,
        "Profit after tax corporate income": 4124,
        "Volume": 9758000,
        "Close of Quarter": 5.7,
        "EPS": 1924,
        "Non-adjusted EPS": 3848,
        "PE": 1.5,
        "Book Price": 14.6
      }
    },
    {
      "quarter": "Q4 2010",
      "income status": {
        "Net sales": 73452,
        "Cost of goods sold": 59653,
        "Gross Profit": 13798,
        "Financial expenses": 17,
        "Of which: Interest expense": 17,
        "Cost of sales": 1190,
        "Enterprise cost management": 3278,
        "Total Operating Expenses": 4485,
        "Total revenue financing activities": 916,
        "Net profit from business activities": 10229,
        "Profit": "N/A",
        "Profit before tax": 10229,
        "Present corporate income tax expenses": 256,
        "Deferred income taxes expenses": "N/A",
        "The interests of minority shareholders": "N/A",
        "Total Cost of profits": 256,
        "Profit after tax corporate income": 9974,
        "Volume": 9758000,
        "Close of Quarter": 8.0,
        "EPS": 2168,
        "Non-adjusted EPS": 4336,
        "PE": 1.8,
        "Book Price": 14.4
      }
    },
    {
      "quarter": "Q3 2010",
      "income status": {
        "Net sales": 71483,
        "Cost of goods sold": 57231,
        "Gross Profit": 14252,
        "Financial expenses": 26,
        "Of which: Interest expense": 26,
        "Cost of sales": 834,
        "Enterprise cost management": 1384,
        "Total Operating Expenses": 2244,
        "Total revenue financing activities": 1402,
        "Net profit from business activities": 13410,
        "Profit": 59,
        "Profit before tax": 13469,
        "Present corporate income tax expenses": 3367,
        "Deferred income taxes expenses": "N/A",
        "The interests of minority shareholders": "N/A",
        "Total Cost of profits": 3367,
        "Profit after tax corporate income": 10102,
        "Volume": 9758000,
        "Close of Quarter": 8.8,
        "EPS": 2292.5,
        "Non-adjusted EPS": 4585,
        "PE": 1.9,
        "Book Price": 14
      }
    },
    {
      "quarter": "Q2 2010",
      "income status": {
        "Net sales": 75388,
        "Cost of goods sold": 57307,
        "Gross Profit": 18081,
        "Financial expenses": 30,
        "Of which: Interest expense": 30,
        "Cost of sales": 522,
        "Enterprise cost management": 1284,
        "Total Operating Expenses": 1836,
        "Total revenue financing activities": 1333,
        "Net profit from business activities": 17578,
        "Profit": 219,
        "Profit before tax": 17798,
        "Present corporate income tax expenses": 4449,
        "Deferred income taxes expenses": "N/A",
        "The interests of minority shareholders": "N/A",
        "Total Cost of profits": 4449,
        "Profit after tax corporate income": 13348,
        "Volume": 9758000,
        "Close of Quarter": 11.1,
        "EPS": 2358.5,
        "Non-adjusted EPS": 4717,
        "PE": 2.3,
        "Book Price": 14.2
      }
    },
    {
      "quarter": "Q1 2010",
      "income status": {
        "Net sales": 65043,
        "Cost of goods sold": 52603,
        "Gross Profit": 12440,
        "Financial expenses": 27,
        "Of which: Interest expense": 27,
        "Cost of sales": 665,
        "Enterprise cost management": 1014,
        "Total Operating Expenses": 1706,
        "Total revenue financing activities": 1125,
        "Net profit from business activities": 11859,
        "Profit": -9,
        "Profit before tax": 11850,
        "Present corporate income tax expenses": 2963,
        "Deferred income taxes expenses": "N/A",
        "The interests of minority shareholders": "N/A",
        "Total Cost of profits": 2963,
        "Profit after tax corporate income": 8888,
        "Volume": 9758000,
        "Close of Quarter": 11.9,
        "EPS": 2274,
        "Non-adjusted EPS": 4548,
        "PE": 2.6,
        "Book Price": 13.8
      }
    },
    {
      "quarter": "Q4 2009",
      "income status": {
        "Net sales": 77234,
        "Cost of goods sold": 58648,
        "Gross Profit": 18586,
        "Financial expenses": 133,
        "Of which: Interest expense": "N/A",
        "Cost of sales": 927,
        "Enterprise cost management": 1320,
        "Total Operating Expenses": 2380,
        "Total revenue financing activities": 345,
        "Net profit from business activities": 16552,
        "Profit": -18,
        "Profit before tax": 16534,
        "Present corporate income tax expenses": 4133,
        "Deferred income taxes expenses": "N/A",
        "The interests of minority shareholders": "N/A",
        "Total Cost of profits": 4133,
        "Profit after tax corporate income": 12400,
        "Volume": 4760000,
        "Close of Quarter": 12.9,
        "EPS": 1818.3,
        "Non-adjusted EPS": 7455,
        "PE": 1.7,
        "Book Price": 10.4
      }
    },
    {
      "quarter": "Q3 2009",
      "income status": {
        "Net sales": 67812,
        "Cost of goods sold": 51466,
        "Gross Profit": 16346,
        "Financial expenses": 101,
        "Of which: Interest expense": "N/A",
        "Cost of sales": 811,
        "Enterprise cost management": 1001,
        "Total Operating Expenses": 1913,
        "Total revenue financing activities": 365,
        "Net profit from business activities": 14798,
        "Profit": 394,
        "Profit before tax": 15192,
        "Present corporate income tax expenses": 3798,
        "Deferred income taxes expenses": "N/A",
        "The interests of minority shareholders": "N/A",
        "Total Cost of profits": 3798,
        "Profit after tax corporate income": 11394,
        "Volume": 4760000,
        "Close of Quarter": 16.1,
        "EPS": 1695.4,
        "Non-adjusted EPS": 6951,
        "PE": 2.3,
        "Book Price": 9.5
      }
    },
    {
      "quarter": "Q2 2009",
      "income status": {
        "Net sales": 71944,
        "Cost of goods sold": 54695,
        "Gross Profit": 17248,
        "Financial expenses": 152,
        "Of which: Interest expense": "N/A",
        "Cost of sales": 530,
        "Enterprise cost management": 1192,
        "Total Operating Expenses": 1874,
        "Total revenue financing activities": 218,
        "Net profit from business activities": 15592,
        "Profit": "N/A",
        "Profit before tax": 15592,
        "Present corporate income tax expenses": 3898,
        "Deferred income taxes expenses": "N/A",
        "The interests of minority shareholders": "N/A",
        "Total Cost of profits": 3898,
        "Profit after tax corporate income": 11694,
        "Volume": 4760000,
        "Close of Quarter": 10.4,
        "EPS": 1627.3,
        "Non-adjusted EPS": 6672,
        "PE": 1.6,
        "Book Price": 8.9
      }
    },
    {
      "quarter": "Q1 2009",
      "income status": {
        "Net sales": 63180,
        "Cost of goods sold": 49167,
        "Gross Profit": 14013,
        "Financial expenses": 108,
        "Of which: Interest expense": "N/A",
        "Cost of sales": 520,
        "Enterprise cost management": 1028,
        "Total Operating Expenses": 1656,
        "Total revenue financing activities": 348,
        "Net profit from business activities": 12705,
        "Profit": "N/A",
        "Profit before tax": 12705,
        "Present corporate income tax expenses": 3176,
        "Deferred income taxes expenses": "N/A",
        "The interests of minority shareholders": 9529,
        "Total Cost of profits": 12705,
        "Profit after tax corporate income": 0,
        "Volume": 4760000,
        "Close of Quarter": 7.5,
        "EPS": 1592.4,
        "Non-adjusted EPS": 6529,
        "PE": 1.2,
        "Book Price": 8.7
      }
    },
    {
      "quarter": "Q4 2008",
      "income status": {
        "Net sales": 67538,
        "Cost of goods sold": 53639,
        "Gross Profit": 13899,
        "Financial expenses": 94,
        "Of which: Interest expense": 75,
        "Cost of sales": 754,
        "Enterprise cost management": 1563,
        "Total Operating Expenses": 2411,
        "Total revenue financing activities": 233,
        "Net profit from business activities": 11720,
        "Profit": -91,
        "Profit before tax": 11628,
        "Present corporate income tax expenses": 1628,
        "Deferred income taxes expenses": "N/A",
        "The interests of minority shareholders": "N/A",
        "Total Cost of profits": 1628,
        "Profit after tax corporate income": 10000,
        "Volume": 4760000,
        "Close of Quarter": 7.7,
        "EPS": 2006.1,
        "Non-adjusted EPS": 8225,
        "PE": 0.9,
        "Book Price": 8.4
      }
    },
    {
      "quarter": "Q3 2008",
      "income status": {
        "Net sales": 65426,
        "Cost of goods sold": 52803,
        "Gross Profit": 12622,
        "Financial expenses": 104,
        "Of which: Interest expense": "N/A",
        "Cost of sales": 1303,
        "Enterprise cost management": 1216,
        "Total Operating Expenses": 2623,
        "Total revenue financing activities": 1711,
        "Net profit from business activities": 11710,
        "Profit": -7,
        "Profit before tax": 11703,
        "Present corporate income tax expenses": 1638,
        "Deferred income taxes expenses": "N/A",
        "The interests of minority shareholders": "N/A",
        "Total Cost of profits": 1638,
        "Profit after tax corporate income": 10064,
        "Volume": 4760000,
        "Close of Quarter": 13.7,
        "EPS": 1973.9,
        "Non-adjusted EPS": 8093,
        "PE": 1.7,
        "Book Price": 6.7
      }
    },
    {
      "quarter": "Q2 2008",
      "income status": {
        "Net sales": 66700,
        "Cost of goods sold": 52238,
        "Gross Profit": 14462,
        "Financial expenses": 89,
        "Of which: Interest expense": "N/A",
        "Cost of sales": 1168,
        "Enterprise cost management": 1237,
        "Total Operating Expenses": 2494,
        "Total revenue financing activities": 837,
        "Net profit from business activities": 12806,
        "Profit": "N/A",
        "Profit before tax": 12806,
        "Present corporate income tax expenses": 1793,
        "Deferred income taxes expenses": "N/A",
        "The interests of minority shareholders": "N/A",
        "Total Cost of profits": 1793,
        "Profit after tax corporate income": 11013,
        "Volume": 2774200,
        "Close of Quarter": 6.0,
        "EPS": 1796.1,
        "Non-adjusted EPS": 12635,
        "PE": 0.5,
        "Book Price": 5.7
      }
    },
    {
      "quarter": "Q1 2008",
      "income status": {
        "Net sales": 53643,
        "Cost of goods sold": 42849,
        "Gross Profit": 10794,
        "Financial expenses": 61,
        "Of which: Interest expense": 47,
        "Cost of sales": 1013,
        "Enterprise cost management": 1063,
        "Total Operating Expenses": 2137,
        "Total revenue financing activities": 733,
        "Net profit from business activities": 9391,
        "Profit": "N/A",
        "Profit before tax": 9391,
        "Present corporate income tax expenses": 1315,
        "Deferred income taxes expenses": "N/A",
        "The interests of minority shareholders": "N/A",
        "Total Cost of profits": 1315,
        "Profit after tax corporate income": 8076,
        "Volume": 2774200,
        "Close of Quarter": 9.6,
        "EPS": 1604.5,
        "Non-adjusted EPS": 11287,
        "PE": 0.9,
        "Book Price": 6.0
      }
    },
    {
      "quarter": "Q4 2007",
      "income status": {
        "Net sales": 51799,
        "Cost of goods sold": 39828,
        "Gross Profit": 11971,
        "Financial expenses": 86,
        "Of which: Interest expense": 55,
        "Cost of sales": 1134,
        "Enterprise cost management": 1302,
        "Total Operating Expenses": 2522,
        "Total revenue financing activities": 1436,
        "Net profit from business activities": 10885,
        "Profit": 8,
        "Profit before tax": 10892,
        "Present corporate income tax expenses": 1525,
        "Deferred income taxes expenses": "N/A",
        "The interests of minority shareholders": "N/A",
        "Total Cost of profits": 1525,
        "Profit after tax corporate income": 9368,
        "Volume": 2774200,
        "Close of Quarter": 26.8,
        "EPS": 1507.1,
        "Non-adjusted EPS": 10602,
        "PE": 2.5,
        "Book Price": 5.6
      }
    },
    {
      "quarter": "Q3 2007",
      "income status": {
        "Net sales": 44910,
        "Cost of goods sold": 36515,
        "Gross Profit": 8395,
        "Financial expenses": 55,
        "Of which: Interest expense": "N/A",
        "Cost of sales": 1104,
        "Enterprise cost management": 927,
        "Total Operating Expenses": 2086,
        "Total revenue financing activities": 1360,
        "Net profit from business activities": 7668,
        "Profit": "N/A",
        "Profit before tax": 7668,
        "Present corporate income tax expenses": 1074,
        "Deferred income taxes expenses": "N/A",
        "The interests of minority shareholders": "N/A",
        "Total Cost of profits": 1074,
        "Profit after tax corporate income": 6595,
        "Volume": 2774200,
        "Close of Quarter": 21.1,
        "EPS": 1027.0,
        "Non-adjusted EPS": 7225,
        "PE": 2.9,
        "Book Price": 5.2
      }
    },
    {
      "quarter": "Q2 2007",
      "income status": {
        "Net sales": 49083,
        "Cost of goods sold": 39092,
        "Gross Profit": 9991,
        "Financial expenses": 51,
        "Of which: Interest expense": 51,
        "Cost of sales": 1466,
        "Enterprise cost management": 1096,
        "Total Operating Expenses": 2613,
        "Total revenue financing activities": 1080,
        "Net profit from business activities": 8458,
        "Profit": "N/A",
        "Profit before tax": 8458,
        "Present corporate income tax expenses": 1184,
        "Deferred income taxes expenses": "N/A",
        "The interests of minority shareholders": "N/A",
        "Total Cost of profits": 1184,
        "Profit after tax corporate income": 7274,
        "Volume": 2774200,
        "Close of Quarter": "N/A",
        "EPS": 689.1,
        "Non-adjusted EPS": 4848,
        "PE": "N/A",
        "Book Price": 4.9
      }
    },
    {
      "quarter": "Q1 2007",
      "income status": {
        "Net sales": 39269,
        "Cost of goods sold": 31277,
        "Gross Profit": 7992,
        "Financial expenses": 49,
        "Of which: Interest expense": 49,
        "Cost of sales": 908,
        "Enterprise cost management": 1109,
        "Total Operating Expenses": 2066,
        "Total revenue financing activities": 1087,
        "Net profit from business activities": 7012,
        "Profit": "N/A",
        "Profit before tax": 7180,
        "Present corporate income tax expenses": 1005,
        "Deferred income taxes expenses": "N/A",
        "The interests of minority shareholders": "N/A",
        "Total Cost of profits": 1005,
        "Profit after tax corporate income": 6175,
        "Volume": 2774200,
        "Close of Quarter": "N/A",
        "EPS": 316.4,
        "Non-adjusted EPS": 2226,
        "PE": "N/A",
        "Book Price": 4.9
      }
    }
  ]
}