{
  "ticker": "VCG",
  "data": [
    {
      "quarter": "Q1 2017",
      "income status": {
        "Net sales": 2041080,
        "Cost of goods sold": 1750267,
        "Gross Profit": 290813,
        "Financial expenses": 70657,
        "Of which: Interest expense": 71271,
        "Cost of sales": 20966,
        "Enterprise cost management": 96758,
        "Total Operating Expenses": 188381,
        "Total revenue financing activities": 50708,
        "Net profit from business activities": 159985,
        "Profit": 4803,
        "Profit before tax": 164788,
        "Present corporate income tax expenses": 16019,
        "Deferred income taxes expenses": 989,
        "The interests of minority shareholders": 33435,
        "Total Cost of profits": 50443,
        "Profit after tax corporate income": 114345,
        "Volume": 441710673,
        "Close of Quarter": 15.8,
        "EPS": 1129,
        "Non-adjusted EPS": 1129,
        "PE": 14.0,
        "Book Price": 17
      }
    },
    {
      "quarter": "Q4 2016",
      "income status": {
        "Net sales": 3004790,
        "Cost of goods sold": 2565154,
        "Gross Profit": 439636,
        "Financial expenses": 72262,
        "Of which: Interest expense": 75691,
        "Cost of sales": 10249,
        "Enterprise cost management": 188556,
        "Total Operating Expenses": 271067,
        "Total revenue financing activities": 85171,
        "Net profit from business activities": 224763,
        "Profit": 26588,
        "Profit before tax": 251351,
        "Present corporate income tax expenses": 73310,
        "Deferred income taxes expenses": 1308,
        "The interests of minority shareholders": 58849,
        "Total Cost of profits": 133467,
        "Profit after tax corporate income": 117884,
        "Volume": 441710673,
        "Close of Quarter": 13.5,
        "EPS": 1044,
        "Non-adjusted EPS": 1044,
        "PE": 12.9,
        "Book Price": 16.9
      }
    },
    {
      "quarter": "Q3 2016",
      "income status": {
        "Net sales": 2372836,
        "Cost of goods sold": 2017634,
        "Gross Profit": 355203,
        "Financial expenses": 81624,
        "Of which: Interest expense": 77366,
        "Cost of sales": 16644,
        "Enterprise cost management": 94843,
        "Total Operating Expenses": 193111,
        "Total revenue financing activities": 37747,
        "Net profit from business activities": 220741,
        "Profit": -1950,
        "Profit before tax": 218791,
        "Present corporate income tax expenses": 14126,
        "Deferred income taxes expenses": 4314,
        "The interests of minority shareholders": 49164,
        "Total Cost of profits": 67604,
        "Profit after tax corporate income": 151187,
        "Volume": 441710673,
        "Close of Quarter": 15.7,
        "EPS": 906,
        "Non-adjusted EPS": 906,
        "PE": 17.3,
        "Book Price": 16.4
      }
    },
    {
      "quarter": "Q2 2016",
      "income status": {
        "Net sales": 2006540,
        "Cost of goods sold": 1682567,
        "Gross Profit": 323974,
        "Financial expenses": 70657,
        "Of which: Interest expense": 74118,
        "Cost of sales": 10681,
        "Enterprise cost management": 112245,
        "Total Operating Expenses": 193583,
        "Total revenue financing activities": 36906,
        "Net profit from business activities": 178234,
        "Profit": 2718,
        "Profit before tax": 180952,
        "Present corporate income tax expenses": 13757,
        "Deferred income taxes expenses": 672,
        "The interests of minority shareholders": 51157,
        "Total Cost of profits": 65586,
        "Profit after tax corporate income": 115366,
        "Volume": 441710673,
        "Close of Quarter": 14.2,
        "EPS": 734,
        "Non-adjusted EPS": 734,
        "PE": 19.4,
        "Book Price": 16
      }
    },
    {
      "quarter": "Q1 2016",
      "income status": {
        "Net sales": 1238926,
        "Cost of goods sold": 994740,
        "Gross Profit": 244185,
        "Financial expenses": 79359,
        "Of which: Interest expense": 65454,
        "Cost of sales": 9392,
        "Enterprise cost management": 86448,
        "Total Operating Expenses": 175199,
        "Total revenue financing activities": 33561,
        "Net profit from business activities": 112671,
        "Profit": 3429,
        "Profit before tax": 116099,
        "Present corporate income tax expenses": 6871,
        "Deferred income taxes expenses": 1518,
        "The interests of minority shareholders": 30947,
        "Total Cost of profits": 39336,
        "Profit after tax corporate income": 76763,
        "Volume": 441710673,
        "Close of Quarter": 9.7,
        "EPS": 706,
        "Non-adjusted EPS": 706,
        "PE": 13.7,
        "Book Price": 16.4
      }
    },
    {
      "quarter": "Q4 2015",
      "income status": {
        "Net sales": 2878567,
        "Cost of goods sold": 2487392,
        "Gross Profit": 391176,
        "Financial expenses": 112625,
        "Of which: Interest expense": 82696,
        "Cost of sales": 7829,
        "Enterprise cost management": 71304,
        "Total Operating Expenses": 191758,
        "Total revenue financing activities": 39221,
        "Net profit from business activities": 147700,
        "Profit": 20538,
        "Profit before tax": 168238,
        "Present corporate income tax expenses": 35525,
        "Deferred income taxes expenses": 14216,
        "The interests of minority shareholders": 61803,
        "Total Cost of profits": 111544,
        "Profit after tax corporate income": 56695,
        "Volume": 441710673,
        "Close of Quarter": 10.7,
        "EPS": 726,
        "Non-adjusted EPS": 726,
        "PE": 14.7,
        "Book Price": 16.5
      }
    },
    {
      "quarter": "Q3 2015",
      "income status": {
        "Net sales": 2009790,
        "Cost of goods sold": 1692820,
        "Gross Profit": 316971,
        "Financial expenses": 100225,
        "Of which: Interest expense": 81415,
        "Cost of sales": 10249,
        "Enterprise cost management": 127531,
        "Total Operating Expenses": 238005,
        "Total revenue financing activities": 125951,
        "Net profit from business activities": 128935,
        "Profit": 21325,
        "Profit before tax": 150259,
        "Present corporate income tax expenses": 4941,
        "Deferred income taxes expenses": 20951,
        "The interests of minority shareholders": 48885,
        "Total Cost of profits": 74777,
        "Profit after tax corporate income": 75483,
        "Volume": 441710673,
        "Close of Quarter": 10.7,
        "EPS": 749,
        "Non-adjusted EPS": 749,
        "PE": 14.3,
        "Book Price": 16.3
      }
    },
    {
      "quarter": "Q2 2015",
      "income status": {
        "Net sales": 1750769,
        "Cost of goods sold": 1456377,
        "Gross Profit": 294392,
        "Financial expenses": 101965,
        "Of which: Interest expense": 90479,
        "Cost of sales": 6109,
        "Enterprise cost management": 131307,
        "Total Operating Expenses": 239381,
        "Total revenue financing activities": 85885,
        "Net profit from business activities": 126197,
        "Profit": 6153,
        "Profit before tax": 132350,
        "Present corporate income tax expenses": 7239,
        "Deferred income taxes expenses": -1806,
        "The interests of minority shareholders": 23881,
        "Total Cost of profits": 29314,
        "Profit after tax corporate income": 103035,
        "Volume": 441710673,
        "Close of Quarter": 12.9,
        "EPS": 838,
        "Non-adjusted EPS": 838,
        "PE": 15.4,
        "Book Price": 16.2
      }
    },
    {
      "quarter": "Q1 2015",
      "income status": {
        "Net sales": 1492976,
        "Cost of goods sold": 1267962,
        "Gross Profit": 225014,
        "Financial expenses": 95021,
        "Of which: Interest expense": 83320,
        "Cost of sales": 15973,
        "Enterprise cost management": 86856,
        "Total Operating Expenses": 197850,
        "Total revenue financing activities": 67937,
        "Net profit from business activities": 103320,
        "Profit": 4566,
        "Profit before tax": 107887,
        "Present corporate income tax expenses": 5785,
        "Deferred income taxes expenses": 1736,
        "The interests of minority shareholders": 14750,
        "Total Cost of profits": 22271,
        "Profit after tax corporate income": 85616,
        "Volume": 441710673,
        "Close of Quarter": 11.3,
        "EPS": 924,
        "Non-adjusted EPS": 924,
        "PE": 12.3,
        "Book Price": 16.6
      }
    },
    {
      "quarter": "Q4 2014",
      "income status": {
        "Net sales": 2844944,
        "Cost of goods sold": 2539300,
        "Gross Profit": 305644,
        "Financial expenses": 68803,
        "Of which: Interest expense": 55882,
        "Cost of sales": 11279,
        "Enterprise cost management": 200325,
        "Total Operating Expenses": 280407,
        "Total revenue financing activities": 45070,
        "Net profit from business activities": 124944,
        "Profit": 558,
        "Profit before tax": 125502,
        "Present corporate income tax expenses": 18538,
        "Deferred income taxes expenses": 1512,
        "The interests of minority shareholders": 38810,
        "Total Cost of profits": 58860,
        "Profit after tax corporate income": 66643,
        "Volume": 441710673,
        "Close of Quarter": 11.5,
        "EPS": 692,
        "Non-adjusted EPS": 692,
        "PE": 16.6,
        "Book Price": 16.5
      }
    },
    {
      "quarter": "Q3 2014",
      "income status": {
        "Net sales": 2350658,
        "Cost of goods sold": 2106441,
        "Gross Profit": 244217,
        "Financial expenses": 65010,
        "Of which: Interest expense": 47403,
        "Cost of sales": 14623,
        "Enterprise cost management": 90234,
        "Total Operating Expenses": 169867,
        "Total revenue financing activities": 53028,
        "Net profit from business activities": 128148,
        "Profit": 1861,
        "Profit before tax": 130009,
        "Present corporate income tax expenses": 9259,
        "Deferred income taxes expenses": -4845,
        "The interests of minority shareholders": 10575,
        "Total Cost of profits": 14989,
        "Profit after tax corporate income": 115020,
        "Volume": 441710673,
        "Close of Quarter": 12.8,
        "EPS": 1496,
        "Non-adjusted EPS": 1496,
        "PE": 8.5,
        "Book Price": 16.2
      }
    },
    {
      "quarter": "Q2 2014",
      "income status": {
        "Net sales": 1968234,
        "Cost of goods sold": 1719150,
        "Gross Profit": 249084,
        "Financial expenses": 54606,
        "Of which: Interest expense": 55754,
        "Cost of sales": 16847,
        "Enterprise cost management": 128518,
        "Total Operating Expenses": 199971,
        "Total revenue financing activities": 47353,
        "Net profit from business activities": 104839,
        "Profit": 66045,
        "Profit before tax": 170883,
        "Present corporate income tax expenses": 12853,
        "Deferred income taxes expenses": 2761,
        "The interests of minority shareholders": 14615,
        "Total Cost of profits": 30229,
        "Profit after tax corporate income": 140655,
        "Volume": 441710673,
        "Close of Quarter": 11.5,
        "EPS": 1296,
        "Non-adjusted EPS": 1296,
        "PE": 8.9,
        "Book Price": 15.9
      }
    },
    {
      "quarter": "Q1 2014",
      "income status": {
        "Net sales": 1587891,
        "Cost of goods sold": 1388345,
        "Gross Profit": 199546,
        "Financial expenses": 49951,
        "Of which: Interest expense": 62785,
        "Cost of sales": 10282,
        "Enterprise cost management": 94194,
        "Total Operating Expenses": 154427,
        "Total revenue financing activities": 24612,
        "Net profit from business activities": 84408,
        "Profit": -83869,
        "Profit before tax": 539,
        "Present corporate income tax expenses": 8462,
        "Deferred income taxes expenses": 2272,
        "The interests of minority shareholders": 6258,
        "Total Cost of profits": 16992,
        "Profit after tax corporate income": -16454,
        "Volume": 441710673,
        "Close of Quarter": 14.3,
        "EPS": 1018,
        "Non-adjusted EPS": 1018,
        "PE": 14.1,
        "Book Price": 16
      }
    },
    {
      "quarter": "Q4 2013",
      "income status": {
        "Net sales": 2921866,
        "Cost of goods sold": 2460839,
        "Gross Profit": 461027,
        "Financial expenses": 70500,
        "Of which: Interest expense": 211034,
        "Cost of sales": 40527,
        "Enterprise cost management": 179034,
        "Total Operating Expenses": 290061,
        "Total revenue financing activities": 175846,
        "Net profit from business activities": 346813,
        "Profit": 21742,
        "Profit before tax": 505540,
        "Present corporate income tax expenses": 28962,
        "Deferred income taxes expenses": 95010,
        "The interests of minority shareholders": -39971,
        "Total Cost of profits": 84001,
        "Profit after tax corporate income": 421539,
        "Volume": 441710673,
        "Close of Quarter": 8.9,
        "EPS": 1233,
        "Non-adjusted EPS": 1233,
        "PE": 7.2,
        "Book Price": 12.8
      }
    },
    {
      "quarter": "Q3 2013",
      "income status": {
        "Net sales": 2700723,
        "Cost of goods sold": 2334197,
        "Gross Profit": 366526,
        "Financial expenses": 202784,
        "Of which: Interest expense": 111890,
        "Cost of sales": 52844,
        "Enterprise cost management": 104489,
        "Total Operating Expenses": 360117,
        "Total revenue financing activities": 59327,
        "Net profit from business activities": 65736,
        "Profit": 6662,
        "Profit before tax": 77995,
        "Present corporate income tax expenses": 14611,
        "Deferred income taxes expenses": 13049,
        "The interests of minority shareholders": 23816,
        "Total Cost of profits": 51476,
        "Profit after tax corporate income": 26519,
        "Volume": 441710673,
        "Close of Quarter": 7.7,
        "EPS": 403,
        "Non-adjusted EPS": 403,
        "PE": 19.0,
        "Book Price": 11.9
      }
    },
    {
      "quarter": "Q2 2013",
      "income status": {
        "Net sales": 3215640,
        "Cost of goods sold": 2830207,
        "Gross Profit": 385433,
        "Financial expenses": 163328,
        "Of which: Interest expense": 172594,
        "Cost of sales": 61190,
        "Enterprise cost management": 17319,
        "Total Operating Expenses": 241837,
        "Total revenue financing activities": 4933,
        "Net profit from business activities": 148529,
        "Profit": 4518,
        "Profit before tax": 58271,
        "Present corporate income tax expenses": 10847,
        "Deferred income taxes expenses": 2060,
        "The interests of minority shareholders": 27335,
        "Total Cost of profits": 40242,
        "Profit after tax corporate income": 18029,
        "Volume": 441710673,
        "Close of Quarter": 10.2,
        "EPS": 150,
        "Non-adjusted EPS": 150,
        "PE": 68,
        "Book Price": 11.8
      }
    },
    {
      "quarter": "Q1 2013",
      "income status": {
        "Net sales": 2506884,
        "Cost of goods sold": 2169985,
        "Gross Profit": 336900,
        "Financial expenses": 241602,
        "Of which: Interest expense": 174368,
        "Cost of sales": 51792,
        "Enterprise cost management": 119932,
        "Total Operating Expenses": 413326,
        "Total revenue financing activities": 175025,
        "Net profit from business activities": 98599,
        "Profit": 8091,
        "Profit before tax": 85887,
        "Present corporate income tax expenses": 7608,
        "Deferred income taxes expenses": 5424,
        "The interests of minority shareholders": -5810,
        "Total Cost of profits": 7222,
        "Profit after tax corporate income": 78666,
        "Volume": 441710673,
        "Close of Quarter": 9.7,
        "EPS": 267,
        "Non-adjusted EPS": 267,
        "PE": 36.3,
        "Book Price": 11.8
      }
    },
    {
      "quarter": "Q4 2012",
      "income status": {
        "Net sales": 4957039,
        "Cost of goods sold": 4469227,
        "Gross Profit": 487812,
        "Financial expenses": 290982,
        "Of which: Interest expense": 280981,
        "Cost of sales": 69940,
        "Enterprise cost management": 198081,
        "Total Operating Expenses": 559003,
        "Total revenue financing activities": 149369,
        "Net profit from business activities": 78178,
        "Profit": 29486,
        "Profit before tax": 138234,
        "Present corporate income tax expenses": 38403,
        "Deferred income taxes expenses": 11372,
        "The interests of minority shareholders": 33798,
        "Total Cost of profits": 83573,
        "Profit after tax corporate income": 54661,
        "Volume": 441710673,
        "Close of Quarter": 7.5,
        "EPS": 149,
        "Non-adjusted EPS": 149,
        "PE": 50.2,
        "Book Price": 11.6
      }
    },
    {
      "quarter": "Q3 2012",
      "income status": {
        "Net sales": 2217679,
        "Cost of goods sold": 1886342,
        "Gross Profit": 331337,
        "Financial expenses": 417772,
        "Of which: Interest expense": 194024,
        "Cost of sales": 51783,
        "Enterprise cost management": 158394,
        "Total Operating Expenses": 627949,
        "Total revenue financing activities": 180842,
        "Net profit from business activities": -115770,
        "Profit": 8730,
        "Profit before tax": -94320,
        "Present corporate income tax expenses": -1986,
        "Deferred income taxes expenses": 13239,
        "The interests of minority shareholders": -20562,
        "Total Cost of profits": -9309,
        "Profit after tax corporate income": -85010,
        "Volume": 441710673,
        "Close of Quarter": 6.7,
        "EPS": 517,
        "Non-adjusted EPS": 517,
        "PE": 12.9,
        "Book Price": 11
      }
    },
    {
      "quarter": "Q2 2012",
      "income status": {
        "Net sales": 2819306,
        "Cost of goods sold": 2305384,
        "Gross Profit": 513922,
        "Financial expenses": 219913,
        "Of which: Interest expense": 278667,
        "Cost of sales": 59344,
        "Enterprise cost management": 198819,
        "Total Operating Expenses": 478076,
        "Total revenue financing activities": 68053,
        "Net profit from business activities": 103900,
        "Profit": 9714,
        "Profit before tax": 109852,
        "Present corporate income tax expenses": 33920,
        "Deferred income taxes expenses": -544,
        "The interests of minority shareholders": 6808,
        "Total Cost of profits": 40184,
        "Profit after tax corporate income": 69668,
        "Volume": 441710673,
        "Close of Quarter": 10.0,
        "EPS": 1007,
        "Non-adjusted EPS": 1007,
        "PE": 10.0,
        "Book Price": 11.4
      }
    },
    {
      "quarter": "Q1 2012",
      "income status": {
        "Net sales": 2618175,
        "Cost of goods sold": 2188860,
        "Gross Profit": 429315,
        "Financial expenses": 344356,
        "Of which: Interest expense": 273494,
        "Cost of sales": 52848,
        "Enterprise cost management": 150819,
        "Total Operating Expenses": 548023,
        "Total revenue financing activities": 149478,
        "Net profit from business activities": 30770,
        "Profit": 2434,
        "Profit before tax": 51403,
        "Present corporate income tax expenses": 25464,
        "Deferred income taxes expenses": 596,
        "The interests of minority shareholders": -1250,
        "Total Cost of profits": 24810,
        "Profit after tax corporate income": 26592,
        "Volume": 300000000,
        "Close of Quarter": 10.4,
        "EPS": 1186.5,
        "Non-adjusted EPS": 1747,
        "PE": 5.9,
        "Book Price": 11.2
      }
    },
    {
      "quarter": "Q4 2011",
      "income status": {
        "Net sales": 5532501,
        "Cost of goods sold": 4533133,
        "Gross Profit": 999368,
        "Financial expenses": 339342,
        "Of which: Interest expense": 169886,
        "Cost of sales": 87692,
        "Enterprise cost management": 263064,
        "Total Operating Expenses": 690098,
        "Total revenue financing activities": 30816,
        "Net profit from business activities": 340085,
        "Profit": 44594,
        "Profit before tax": 818698,
        "Present corporate income tax expenses": 113487,
        "Deferred income taxes expenses": -10348,
        "The interests of minority shareholders": 63258,
        "Total Cost of profits": 166397,
        "Profit after tax corporate income": 217333,
        "Volume": 300000000,
        "Close of Quarter": 7.8,
        "EPS": 1083.3,
        "Non-adjusted EPS": 1595,
        "PE": 4.9,
        "Book Price": 8.2
      }
    },
    {
      "quarter": "Q3 2011",
      "income status": {
        "Net sales": 3789266,
        "Cost of goods sold": 3220822,
        "Gross Profit": 568444,
        "Financial expenses": 402327,
        "Of which: Interest expense": 555733,
        "Cost of sales": 55395,
        "Enterprise cost management": 162260,
        "Total Operating Expenses": 619982,
        "Total revenue financing activities": 228138,
        "Net profit from business activities": 176601,
        "Profit": 60115,
        "Profit before tax": 434968,
        "Present corporate income tax expenses": 73436,
        "Deferred income taxes expenses": -7022,
        "The interests of minority shareholders": 41876,
        "Total Cost of profits": 108290,
        "Profit after tax corporate income": 131240,
        "Volume": 300000000,
        "Close of Quarter": 11.2,
        "EPS": 694.8,
        "Non-adjusted EPS": 1023,
        "PE": 10.9,
        "Book Price": 7.3
      }
    },
    {
      "quarter": "Q2 2011",
      "income status": {
        "Net sales": 3363010,
        "Cost of goods sold": 2885933,
        "Gross Profit": 477077,
        "Financial expenses": 307876,
        "Of which: Interest expense": 49436,
        "Cost of sales": 40933,
        "Enterprise cost management": 175365,
        "Total Operating Expenses": 524174,
        "Total revenue financing activities": 180353,
        "Net profit from business activities": 133255,
        "Profit": 61223,
        "Profit before tax": 219320,
        "Present corporate income tax expenses": 32365,
        "Deferred income taxes expenses": -1572,
        "The interests of minority shareholders": 39704,
        "Total Cost of profits": 70497,
        "Profit after tax corporate income": 148823,
        "Volume": 300000000,
        "Close of Quarter": 12.0,
        "EPS": 501.2,
        "Non-adjusted EPS": 738,
        "PE": 16.2,
        "Book Price": 7.3
      }
    },
    {
      "quarter": "Q1 2011",
      "income status": {
        "Net sales": 2583250,
        "Cost of goods sold": 2248920,
        "Gross Profit": 334330,
        "Financial expenses": 480523,
        "Of which: Interest expense": 317711,
        "Cost of sales": 33046,
        "Enterprise cost management": 163324,
        "Total Operating Expenses": 676893,
        "Total revenue financing activities": 347836,
        "Net profit from business activities": 5273,
        "Profit": 8351,
        "Profit before tax": 27879,
        "Present corporate income tax expenses": 27433,
        "Deferred income taxes expenses": 1569,
        "The interests of minority shareholders": 17854,
        "Total Cost of profits": 46856,
        "Profit after tax corporate income": -18976,
        "Volume": 300000000,
        "Close of Quarter": 18.6,
        "EPS": 245.9,
        "Non-adjusted EPS": 362,
        "PE": 51.3,
        "Book Price": 7.5
      }
    },
    {
      "quarter": "Q4 2010",
      "income status": {
        "Net sales": 6350907,
        "Cost of goods sold": 5785599,
        "Gross Profit": 565308,
        "Financial expenses": 214134,
        "Of which: Interest expense": 223102,
        "Cost of sales": 92195,
        "Enterprise cost management": 276345,
        "Total Operating Expenses": 582674,
        "Total revenue financing activities": 251689,
        "Net profit from business activities": 234324,
        "Profit": -30619,
        "Profit before tax": 232441,
        "Present corporate income tax expenses": 98380,
        "Deferred income taxes expenses": 7381,
        "The interests of minority shareholders": 80931,
        "Total Cost of profits": 186692,
        "Profit after tax corporate income": 45749,
        "Volume": 300000000,
        "Close of Quarter": 21.7,
        "EPS": 459.1,
        "Non-adjusted EPS": 676,
        "PE": 32.1,
        "Book Price": 8.6
      }
    },
    {
      "quarter": "Q3 2010",
      "income status": {
        "Net sales": 3753160,
        "Cost of goods sold": 3236484,
        "Gross Profit": 516676,
        "Financial expenses": 517165,
        "Of which: Interest expense": 282744,
        "Cost of sales": 85207,
        "Enterprise cost management": 168392,
        "Total Operating Expenses": 770764,
        "Total revenue financing activities": 339308,
        "Net profit from business activities": 85221,
        "Profit": 59031,
        "Profit before tax": 159009,
        "Present corporate income tax expenses": 62349,
        "Deferred income taxes expenses": -2665,
        "The interests of minority shareholders": 53610,
        "Total Cost of profits": 113294,
        "Profit after tax corporate income": 45715,
        "Volume": 185080387,
        "Close of Quarter": 22.7,
        "EPS": 798.2,
        "Non-adjusted EPS": 1905,
        "PE": 11.9,
        "Book Price": 5.8
      }
    },
    {
      "quarter": "Q2 2010",
      "income status": {
        "Net sales": 3137365,
        "Cost of goods sold": 2482406,
        "Gross Profit": 654959,
        "Financial expenses": 287780,
        "Of which: Interest expense": 194012,
        "Cost of sales": 172932,
        "Enterprise cost management": 208015,
        "Total Operating Expenses": 668727,
        "Total revenue financing activities": 127209,
        "Net profit from business activities": 113441,
        "Profit": 9138,
        "Profit before tax": 153782,
        "Present corporate income tax expenses": 60086,
        "Deferred income taxes expenses": -7687,
        "The interests of minority shareholders": 65389,
        "Total Cost of profits": 117788,
        "Profit after tax corporate income": 35993,
        "Volume": 185080387,
        "Close of Quarter": 27.2,
        "EPS": 845.6,
        "Non-adjusted EPS": 2018,
        "PE": 13.5,
        "Book Price": 6.1
      }
    },
    {
      "quarter": "Q1 2010",
      "income status": {
        "Net sales": 2828720,
        "Cost of goods sold": 2399650,
        "Gross Profit": 429071,
        "Financial expenses": 221328,
        "Of which: Interest expense": 203747,
        "Cost of sales": 93593,
        "Enterprise cost management": 116647,
        "Total Operating Expenses": 431568,
        "Total revenue financing activities": 137712,
        "Net profit from business activities": 135215,
        "Profit": 14405,
        "Profit before tax": 171145,
        "Present corporate income tax expenses": 58573,
        "Deferred income taxes expenses": -6994,
        "The interests of minority shareholders": 44081,
        "Total Cost of profits": 95660,
        "Profit after tax corporate income": 75485,
        "Volume": 185080387,
        "Close of Quarter": 31.5,
        "EPS": 726.6,
        "Non-adjusted EPS": 1734,
        "PE": 18.2,
        "Book Price": 6.7
      }
    },
    {
      "quarter": "Q4 2009",
      "income status": {
        "Net sales": 5398133,
        "Cost of goods sold": 4661863,
        "Gross Profit": 736269,
        "Financial expenses": 251820,
        "Of which: Interest expense": "N/A",
        "Cost of sales": 127832,
        "Enterprise cost management": 219286,
        "Total Operating Expenses": 598938,
        "Total revenue financing activities": 63954,
        "Net profit from business activities": 201286,
        "Profit": 134833,
        "Profit before tax": 358121,
        "Present corporate income tax expenses": 114405,
        "Deferred income taxes expenses": -71661,
        "The interests of minority shareholders": 119934,
        "Total Cost of profits": 162678,
        "Profit after tax corporate income": 195442,
        "Volume": 185080387,
        "Close of Quarter": 32.7,
        "EPS": 609.2,
        "Non-adjusted EPS": 1454,
        "PE": 22.5,
        "Book Price": 7.7
      }
    },
    {
      "quarter": "Q3 2009",
      "income status": {
        "Net sales": 2373325,
        "Cost of goods sold": 2028967,
        "Gross Profit": 344358,
        "Financial expenses": 124208,
        "Of which: Interest expense": 324366,
        "Cost of sales": 88999,
        "Enterprise cost management": 95364,
        "Total Operating Expenses": 308571,
        "Total revenue financing activities": 190722,
        "Net profit from business activities": 226509,
        "Profit": -84776,
        "Profit before tax": 145604,
        "Present corporate income tax expenses": 65198,
        "Deferred income taxes expenses": "N/A",
        "The interests of minority shareholders": 13925,
        "Total Cost of profits": 79123,
        "Profit after tax corporate income": 66481,
        "Volume": 185080387,
        "Close of Quarter": 36.5,
        "EPS": 616.4,
        "Non-adjusted EPS": 1471,
        "PE": 24.8,
        "Book Price": 6.7
      }
    },
    {
      "quarter": "Q2 2009",
      "income status": {
        "Net sales": 3240437,
        "Cost of goods sold": 2852044,
        "Gross Profit": 388393,
        "Financial expenses": 174310,
        "Of which: Interest expense": "N/A",
        "Cost of sales": 92833,
        "Enterprise cost management": 165757,
        "Total Operating Expenses": 432900,
        "Total revenue financing activities": 54301,
        "Net profit from business activities": 9794,
        "Profit": 35116,
        "Profit before tax": 55441,
        "Present corporate income tax expenses": 37065,
        "Deferred income taxes expenses": "N/A",
        "The interests of minority shareholders": 34921,
        "Total Cost of profits": 71986,
        "Profit after tax corporate income": -16546,
        "Volume": 185080387,
        "Close of Quarter": 17.3,
        "EPS": 772.2,
        "Non-adjusted EPS": 1843,
        "PE": 9.4,
        "Book Price": 6.5
      }
    },
    {
      "quarter": "Q1 2009",
      "income status": {
        "Net sales": 2107184,
        "Cost of goods sold": 1857268,
        "Gross Profit": 249916,
        "Financial expenses": 88571,
        "Of which: Interest expense": "N/A",
        "Cost of sales": 52215,
        "Enterprise cost management": 92691,
        "Total Operating Expenses": 233477,
        "Total revenue financing activities": 36324,
        "Net profit from business activities": 52764,
        "Profit": 5367,
        "Profit before tax": 61698,
        "Present corporate income tax expenses": 15400,
        "Deferred income taxes expenses": "N/A",
        "The interests of minority shareholders": 22563,
        "Total Cost of profits": 37963,
        "Profit after tax corporate income": 23735,
        "Volume": 149985150,
        "Close of Quarter": 9.6,
        "EPS": 1168.1,
        "Non-adjusted EPS": 3440,
        "PE": 2.8,
        "Book Price": 6.3
      }
    },
    {
      "quarter": "Q4 2008",
      "income status": {
        "Net sales": 3223386,
        "Cost of goods sold": 3089406,
        "Gross Profit": 133979,
        "Financial expenses": 89049,
        "Of which: Interest expense": "N/A",
        "Cost of sales": 34286,
        "Enterprise cost management": 183040,
        "Total Operating Expenses": 306375,
        "Total revenue financing activities": 130538,
        "Net profit from business activities": -41857,
        "Profit": 295473,
        "Profit before tax": 245197,
        "Present corporate income tax expenses": 25969,
        "Deferred income taxes expenses": "N/A",
        "The interests of minority shareholders": 20648,
        "Total Cost of profits": 46617,
        "Profit after tax corporate income": 198580,
        "Volume": 149985150,
        "Close of Quarter": 9.6,
        "EPS": 1114.1,
        "Non-adjusted EPS": 3281,
        "PE": 2.9,
        "Book Price": 4.4
      }
    },
    {
      "quarter": "Q3 2008",
      "income status": {
        "Net sales": 2909127,
        "Cost of goods sold": 2616012,
        "Gross Profit": 293115,
        "Financial expenses": 122795,
        "Of which: Interest expense": "N/A",
        "Cost of sales": 26704,
        "Enterprise cost management": 124905,
        "Total Operating Expenses": 274404,
        "Total revenue financing activities": 121557,
        "Net profit from business activities": 140268,
        "Profit": 28702,
        "Profit before tax": 190679,
        "Present corporate income tax expenses": 20947,
        "Deferred income taxes expenses": "N/A",
        "The interests of minority shareholders": 34358,
        "Total Cost of profits": 55305,
        "Profit after tax corporate income": 135374,
        "Volume": 149985150,
        "Close of Quarter": 14.8,
        "EPS": 664.5,
        "Non-adjusted EPS": 1957,
        "PE": 7.6,
        "Book Price": 4.1
      }
    },
    {
      "quarter": "Q2 2008",
      "income status": {
        "Net sales": 3142364,
        "Cost of goods sold": 2767492,
        "Gross Profit": 374871,
        "Financial expenses": 117638,
        "Of which: Interest expense": "N/A",
        "Cost of sales": 41936,
        "Enterprise cost management": 149266,
        "Total Operating Expenses": 308840,
        "Total revenue financing activities": 124954,
        "Net profit from business activities": 190986,
        "Profit": 30645,
        "Profit before tax": 244877,
        "Present corporate income tax expenses": 30897,
        "Deferred income taxes expenses": "N/A",
        "The interests of minority shareholders": 55764,
        "Total Cost of profits": 86661,
        "Profit after tax corporate income": 158215,
        "Volume": 149985150,
        "Close of Quarter": "N/A",
        "EPS": 358.2,
        "Non-adjusted EPS": 1055,
        "PE": "N/A",
        "Book Price": 3.9
      }
    }
  ]
}