{
  "ticker": "VRC",
  "data": [
    {
      "quarter": "Q1 2017",
      "income status": {
        "Net sales": 1185,
        "Cost of goods sold": 1003,
        "Gross Profit": 182,
        "Financial expenses": 224,
        "Of which: Interest expense": 224,
        "Cost of sales": "N/A",
        "Enterprise cost management": 1169,
        "Total Operating Expenses": 1393,
        "Total revenue financing activities": 1283,
        "Net profit from business activities": 72,
        "Profit": -46,
        "Profit before tax": 27,
        "Present corporate income tax expenses": "N/A",
        "Deferred income taxes expenses": "N/A",
        "The interests of minority shareholders": "N/A",
        "Total Cost of profits": 0,
        "Profit after tax corporate income": 27,
        "Volume": 14181142,
        "Close of Quarter": 17.9,
        "EPS": 104,
        "Non-adjusted EPS": 104,
        "PE": 172.1,
        "Book Price": 12.5
      }
    },
    {
      "quarter": "Q4 2016",
      "income status": {
        "Net sales": 44001,
        "Cost of goods sold": 42036,
        "Gross Profit": 1966,
        "Financial expenses": 12,
        "Of which: Interest expense": 12,
        "Cost of sales": 30,
        "Enterprise cost management": 1717,
        "Total Operating Expenses": 1759,
        "Total revenue financing activities": 2448,
        "Net profit from business activities": 2654,
        "Profit": -262,
        "Profit before tax": 2392,
        "Present corporate income tax expenses": 489,
        "Deferred income taxes expenses": "N/A",
        "The interests of minority shareholders": -2,
        "Total Cost of profits": 487,
        "Profit after tax corporate income": 1906,
        "Volume": 14181142,
        "Close of Quarter": 18,
        "EPS": 82,
        "Non-adjusted EPS": 82,
        "PE": 219.5,
        "Book Price": 12.5
      }
    },
    {
      "quarter": "Q3 2016",
      "income status": {
        "Net sales": 446,
        "Cost of goods sold": 202,
        "Gross Profit": 243,
        "Financial expenses": -503,
        "Of which: Interest expense": -503,
        "Cost of sales": 16,
        "Enterprise cost management": 746,
        "Total Operating Expenses": 259,
        "Total revenue financing activities": 2,
        "Net profit from business activities": -15,
        "Profit": -17,
        "Profit before tax": -32,
        "Present corporate income tax expenses": 7,
        "Deferred income taxes expenses": "N/A",
        "The interests of minority shareholders": -27,
        "Total Cost of profits": -20,
        "Profit after tax corporate income": -13,
        "Volume": 14181142,
        "Close of Quarter": 8.7,
        "EPS": 158,
        "Non-adjusted EPS": 158,
        "PE": 55.1,
        "Book Price": 12.1
      }
    },
    {
      "quarter": "Q2 2016",
      "income status": {
        "Net sales": 2415,
        "Cost of goods sold": 1343,
        "Gross Profit": 1072,
        "Financial expenses": 211,
        "Of which: Interest expense": 211,
        "Cost of sales": 4,
        "Enterprise cost management": 1442,
        "Total Operating Expenses": 1657,
        "Total revenue financing activities": -86,
        "Net profit from business activities": -670,
        "Profit": -198,
        "Profit before tax": -868,
        "Present corporate income tax expenses": -379,
        "Deferred income taxes expenses": "N/A",
        "The interests of minority shareholders": -47,
        "Total Cost of profits": -426,
        "Profit after tax corporate income": -442,
        "Volume": 14181142,
        "Close of Quarter": 6.7,
        "EPS": 97,
        "Non-adjusted EPS": 97,
        "PE": 69.1,
        "Book Price": 12.1
      }
    },
    {
      "quarter": "Q1 2016",
      "income status": {
        "Net sales": 764,
        "Cost of goods sold": 594,
        "Gross Profit": 169,
        "Financial expenses": 9,
        "Of which: Interest expense": 9,
        "Cost of sales": "N/A",
        "Enterprise cost management": 542,
        "Total Operating Expenses": 551,
        "Total revenue financing activities": 89,
        "Net profit from business activities": -293,
        "Profit": -7,
        "Profit before tax": -299,
        "Present corporate income tax expenses": "N/A",
        "Deferred income taxes expenses": "N/A",
        "The interests of minority shareholders": -17,
        "Total Cost of profits": -17,
        "Profit after tax corporate income": -282,
        "Volume": 14181142,
        "Close of Quarter": 6.6,
        "EPS": -17,
        "Non-adjusted EPS": -17,
        "PE": -388.2,
        "Book Price": 12.1
      }
    },
    {
      "quarter": "Q4 2015",
      "income status": {
        "Net sales": 119996,
        "Cost of goods sold": 116965,
        "Gross Profit": 3031,
        "Financial expenses": 313,
        "Of which: Interest expense": 313,
        "Cost of sales": "N/A",
        "Enterprise cost management": 381,
        "Total Operating Expenses": 694,
        "Total revenue financing activities": 13,
        "Net profit from business activities": 2349,
        "Profit": 700,
        "Profit before tax": 3049,
        "Present corporate income tax expenses": 7,
        "Deferred income taxes expenses": "N/A",
        "The interests of minority shareholders": 64,
        "Total Cost of profits": 71,
        "Profit after tax corporate income": 2978,
        "Volume": 14181142,
        "Close of Quarter": 6.6,
        "EPS": 4,
        "Non-adjusted EPS": 4,
        "PE": 1650,
        "Book Price": 12.6
      }
    },
    {
      "quarter": "Q3 2015",
      "income status": {
        "Net sales": 2348,
        "Cost of goods sold": 2225,
        "Gross Profit": 122,
        "Financial expenses": 128,
        "Of which: Interest expense": 128,
        "Cost of sales": "N/A",
        "Enterprise cost management": 960,
        "Total Operating Expenses": 1088,
        "Total revenue financing activities": 35,
        "Net profit from business activities": -931,
        "Profit": -11,
        "Profit before tax": -943,
        "Present corporate income tax expenses": "N/A",
        "Deferred income taxes expenses": "N/A",
        "The interests of minority shareholders": -70,
        "Total Cost of profits": -70,
        "Profit after tax corporate income": -873,
        "Volume": 14181142,
        "Close of Quarter": 7,
        "EPS": -55,
        "Non-adjusted EPS": -55,
        "PE": -127.3,
        "Book Price": 12.5
      }
    },
    {
      "quarter": "Q2 2015",
      "income status": {
        "Net sales": 7698,
        "Cost of goods sold": 7541,
        "Gross Profit": 157,
        "Financial expenses": 13,
        "Of which: Interest expense": 13,
        "Cost of sales": "N/A",
        "Enterprise cost management": 2030,
        "Total Operating Expenses": 2043,
        "Total revenue financing activities": -139,
        "Net profit from business activities": -2024,
        "Profit": -80,
        "Profit before tax": -2104,
        "Present corporate income tax expenses": 55,
        "Deferred income taxes expenses": "N/A",
        "The interests of minority shareholders": -98,
        "Total Cost of profits": -43,
        "Profit after tax corporate income": -2062,
        "Volume": 14181142,
        "Close of Quarter": 7.5,
        "EPS": -41,
        "Non-adjusted EPS": -41,
        "PE": -182.9,
        "Book Price": 12.4
      }
    },
    {
      "quarter": "Q1 2015",
      "income status": {
        "Net sales": 3232,
        "Cost of goods sold": 2965,
        "Gross Profit": 266,
        "Financial expenses": 160,
        "Of which: Interest expense": 160,
        "Cost of sales": "N/A",
        "Enterprise cost management": 333,
        "Total Operating Expenses": 493,
        "Total revenue financing activities": 194,
        "Net profit from business activities": -33,
        "Profit": 65,
        "Profit before tax": 32,
        "Present corporate income tax expenses": 16,
        "Deferred income taxes expenses": "N/A",
        "The interests of minority shareholders": 2,
        "Total Cost of profits": 18,
        "Profit after tax corporate income": 14,
        "Volume": 14181142,
        "Close of Quarter": 6.3,
        "EPS": 92,
        "Non-adjusted EPS": 92,
        "PE": 68.5,
        "Book Price": 12.7
      }
    },
    {
      "quarter": "Q4 2014",
      "income status": {
        "Net sales": 25310,
        "Cost of goods sold": 12803,
        "Gross Profit": 12508,
        "Financial expenses": 8497,
        "Of which: Interest expense": 8497,
        "Cost of sales": "N/A",
        "Enterprise cost management": 2627,
        "Total Operating Expenses": 11124,
        "Total revenue financing activities": 1,
        "Net profit from business activities": 1385,
        "Profit": 1029,
        "Profit before tax": 2414,
        "Present corporate income tax expenses": 52,
        "Deferred income taxes expenses": "N/A",
        "The interests of minority shareholders": 224,
        "Total Cost of profits": 276,
        "Profit after tax corporate income": 2138,
        "Volume": 14181142,
        "Close of Quarter": 6.7,
        "EPS": 53,
        "Non-adjusted EPS": 53,
        "PE": 126.4,
        "Book Price": 12.6
      }
    },
    {
      "quarter": "Q3 2014",
      "income status": {
        "Net sales": 2139,
        "Cost of goods sold": 2603,
        "Gross Profit": -464,
        "Financial expenses": 690,
        "Of which: Interest expense": 690,
        "Cost of sales": "N/A",
        "Enterprise cost management": 469,
        "Total Operating Expenses": 1159,
        "Total revenue financing activities": 17,
        "Net profit from business activities": -1606,
        "Profit": 1045,
        "Profit before tax": -561,
        "Present corporate income tax expenses": "N/A",
        "Deferred income taxes expenses": "N/A",
        "The interests of minority shareholders": 109,
        "Total Cost of profits": 109,
        "Profit after tax corporate income": -670,
        "Volume": 14181142,
        "Close of Quarter": 5.5,
        "EPS": 165,
        "Non-adjusted EPS": 165,
        "PE": 33.3,
        "Book Price": 12.4
      }
    },
    {
      "quarter": "Q2 2014",
      "income status": {
        "Net sales": 16178,
        "Cost of goods sold": 9425,
        "Gross Profit": 6752,
        "Financial expenses": 4774,
        "Of which: Interest expense": 4774,
        "Cost of sales": 696,
        "Enterprise cost management": 1051,
        "Total Operating Expenses": 6521,
        "Total revenue financing activities": 83,
        "Net profit from business activities": 313,
        "Profit": -302,
        "Profit before tax": 12,
        "Present corporate income tax expenses": 403,
        "Deferred income taxes expenses": "N/A",
        "The interests of minority shareholders": -209,
        "Total Cost of profits": 194,
        "Profit after tax corporate income": -182,
        "Volume": 14181142,
        "Close of Quarter": 5.3,
        "EPS": 37,
        "Non-adjusted EPS": 37,
        "PE": 143.2,
        "Book Price": 12.5
      }
    },
    {
      "quarter": "Q1 2014",
      "income status": {
        "Net sales": 2003,
        "Cost of goods sold": 1531,
        "Gross Profit": 472,
        "Financial expenses": 546,
        "Of which: Interest expense": 546,
        "Cost of sales": "N/A",
        "Enterprise cost management": 621,
        "Total Operating Expenses": 1167,
        "Total revenue financing activities": 77,
        "Net profit from business activities": -619,
        "Profit": 48,
        "Profit before tax": -571,
        "Present corporate income tax expenses": "N/A",
        "Deferred income taxes expenses": "N/A",
        "The interests of minority shareholders": -32,
        "Total Cost of profits": -32,
        "Profit after tax corporate income": -539,
        "Volume": 14181142,
        "Close of Quarter": 7.5,
        "EPS": 114,
        "Non-adjusted EPS": 114,
        "PE": 65.8,
        "Book Price": 12.5
      }
    },
    {
      "quarter": "Q4 2013",
      "income status": {
        "Net sales": 42538,
        "Cost of goods sold": 26540,
        "Gross Profit": 15998,
        "Financial expenses": 7894,
        "Of which: Interest expense": 7894,
        "Cost of sales": 1,
        "Enterprise cost management": 2908,
        "Total Operating Expenses": 10803,
        "Total revenue financing activities": 1,
        "Net profit from business activities": 5195,
        "Profit": -616,
        "Profit before tax": 4579,
        "Present corporate income tax expenses": 492,
        "Deferred income taxes expenses": "N/A",
        "The interests of minority shareholders": 362,
        "Total Cost of profits": 854,
        "Profit after tax corporate income": 3725,
        "Volume": 14181142,
        "Close of Quarter": 5.4,
        "EPS": 108,
        "Non-adjusted EPS": 108,
        "PE": 50,
        "Book Price": 12.3
      }
    },
    {
      "quarter": "Q3 2013",
      "income status": {
        "Net sales": 5096,
        "Cost of goods sold": 4848,
        "Gross Profit": 248,
        "Financial expenses": 1939,
        "Of which: Interest expense": 1939,
        "Cost of sales": "N/A",
        "Enterprise cost management": 804,
        "Total Operating Expenses": 2743,
        "Total revenue financing activities": 13,
        "Net profit from business activities": -2482,
        "Profit": 59,
        "Profit before tax": -2424,
        "Present corporate income tax expenses": 37,
        "Deferred income taxes expenses": "N/A",
        "The interests of minority shareholders": 16,
        "Total Cost of profits": 53,
        "Profit after tax corporate income": -2477,
        "Volume": 14181142,
        "Close of Quarter": 5,
        "EPS": -163,
        "Non-adjusted EPS": -163,
        "PE": -30.7,
        "Book Price": 12
      }
    },
    {
      "quarter": "Q2 2013",
      "income status": {
        "Net sales": 36368,
        "Cost of goods sold": 30923,
        "Gross Profit": 5445,
        "Financial expenses": 2758,
        "Of which: Interest expense": 2758,
        "Cost of sales": 409,
        "Enterprise cost management": 1206,
        "Total Operating Expenses": 4373,
        "Total revenue financing activities": 5,
        "Net profit from business activities": 1077,
        "Profit": 244,
        "Profit before tax": 1320,
        "Present corporate income tax expenses": 344,
        "Deferred income taxes expenses": "N/A",
        "The interests of minority shareholders": 67,
        "Total Cost of profits": 411,
        "Profit after tax corporate income": 910,
        "Volume": 14181142,
        "Close of Quarter": 5.3,
        "EPS": 7,
        "Non-adjusted EPS": 7,
        "PE": 757.1,
        "Book Price": 12.2
      }
    },
    {
      "quarter": "Q1 2013",
      "income status": {
        "Net sales": 15599,
        "Cost of goods sold": 14161,
        "Gross Profit": 1438,
        "Financial expenses": 1086,
        "Of which: Interest expense": 1086,
        "Cost of sales": "N/A",
        "Enterprise cost management": 981,
        "Total Operating Expenses": 2067,
        "Total revenue financing activities": 44,
        "Net profit from business activities": -585,
        "Profit": 45,
        "Profit before tax": -540,
        "Present corporate income tax expenses": 54,
        "Deferred income taxes expenses": "N/A",
        "The interests of minority shareholders": 27,
        "Total Cost of profits": 81,
        "Profit after tax corporate income": -621,
        "Volume": 14181142,
        "Close of Quarter": 5.1,
        "EPS": -80,
        "Non-adjusted EPS": -80,
        "PE": -63.8,
        "Book Price": 12.1
      }
    },
    {
      "quarter": "Q4 2012",
      "income status": {
        "Net sales": 9268,
        "Cost of goods sold": 7491,
        "Gross Profit": 1777,
        "Financial expenses": 1733,
        "Of which: Interest expense": "N/A",
        "Cost of sales": 28,
        "Enterprise cost management": 1095,
        "Total Operating Expenses": 2856,
        "Total revenue financing activities": 169,
        "Net profit from business activities": -910,
        "Profit": 1054,
        "Profit before tax": 144,
        "Present corporate income tax expenses": 95,
        "Deferred income taxes expenses": "N/A",
        "The interests of minority shareholders": 178,
        "Total Cost of profits": 273,
        "Profit after tax corporate income": -129,
        "Volume": 14181142,
        "Close of Quarter": 5.3,
        "EPS": 63,
        "Non-adjusted EPS": 63,
        "PE": 84.1,
        "Book Price": 12.3
      }
    },
    {
      "quarter": "Q3 2012",
      "income status": {
        "Net sales": 3517,
        "Cost of goods sold": 1590,
        "Gross Profit": 1927,
        "Financial expenses": 879,
        "Of which: Interest expense": "N/A",
        "Cost of sales": 36,
        "Enterprise cost management": 1147,
        "Total Operating Expenses": 2062,
        "Total revenue financing activities": 12,
        "Net profit from business activities": -123,
        "Profit": 34,
        "Profit before tax": -89,
        "Present corporate income tax expenses": 12,
        "Deferred income taxes expenses": "N/A",
        "The interests of minority shareholders": -46,
        "Total Cost of profits": -34,
        "Profit after tax corporate income": -55,
        "Volume": 14181142,
        "Close of Quarter": 5.5,
        "EPS": 422,
        "Non-adjusted EPS": 422,
        "PE": 13.0,
        "Book Price": 12.3
      }
    },
    {
      "quarter": "Q2 2012",
      "income status": {
        "Net sales": 28394,
        "Cost of goods sold": 24014,
        "Gross Profit": 4380,
        "Financial expenses": 2712,
        "Of which: Interest expense": 5180,
        "Cost of sales": 90,
        "Enterprise cost management": 1998,
        "Total Operating Expenses": 4800,
        "Total revenue financing activities": 145,
        "Net profit from business activities": -275,
        "Profit": -59,
        "Profit before tax": -334,
        "Present corporate income tax expenses": 19,
        "Deferred income taxes expenses": -50,
        "The interests of minority shareholders": 21,
        "Total Cost of profits": -10,
        "Profit after tax corporate income": -324,
        "Volume": 14181142,
        "Close of Quarter": 7.9,
        "EPS": 751,
        "Non-adjusted EPS": 751,
        "PE": 10.5,
        "Book Price": 12.3
      }
    },
    {
      "quarter": "Q1 2012",
      "income status": {
        "Net sales": 46541,
        "Cost of goods sold": 40606,
        "Gross Profit": 5935,
        "Financial expenses": 2468,
        "Of which: Interest expense": "N/A",
        "Cost of sales": 222,
        "Enterprise cost management": 1347,
        "Total Operating Expenses": 4037,
        "Total revenue financing activities": 301,
        "Net profit from business activities": 2199,
        "Profit": -208,
        "Profit before tax": 1991,
        "Present corporate income tax expenses": 526,
        "Deferred income taxes expenses": "N/A",
        "The interests of minority shareholders": 67,
        "Total Cost of profits": 593,
        "Profit after tax corporate income": 1398,
        "Volume": 14181142,
        "Close of Quarter": 7.1,
        "EPS": 1228,
        "Non-adjusted EPS": 1228,
        "PE": 5.7,
        "Book Price": 13.4
      }
    },
    {
      "quarter": "Q4 2011",
      "income status": {
        "Net sales": 91990,
        "Cost of goods sold": 81536,
        "Gross Profit": 10453,
        "Financial expenses": 1947,
        "Of which: Interest expense": "N/A",
        "Cost of sales": 166,
        "Enterprise cost management": 1999,
        "Total Operating Expenses": 4112,
        "Total revenue financing activities": 741,
        "Net profit from business activities": 7082,
        "Profit": -24,
        "Profit before tax": 7058,
        "Present corporate income tax expenses": 1692,
        "Deferred income taxes expenses": "N/A",
        "The interests of minority shareholders": 402,
        "Total Cost of profits": 2094,
        "Profit after tax corporate income": 4965,
        "Volume": 14181142,
        "Close of Quarter": 7.9,
        "EPS": 1760,
        "Non-adjusted EPS": 1760,
        "PE": 4.5,
        "Book Price": 13.8
      }
    },
    {
      "quarter": "Q3 2011",
      "income status": {
        "Net sales": 49903,
        "Cost of goods sold": 42776,
        "Gross Profit": 7127,
        "Financial expenses": 1115,
        "Of which: Interest expense": "N/A",
        "Cost of sales": 68,
        "Enterprise cost management": 690,
        "Total Operating Expenses": 1873,
        "Total revenue financing activities": 919,
        "Net profit from business activities": 6173,
        "Profit": 20,
        "Profit before tax": 6194,
        "Present corporate income tax expenses": 1543,
        "Deferred income taxes expenses": "N/A",
        "The interests of minority shareholders": 34,
        "Total Cost of profits": 1577,
        "Profit after tax corporate income": 4617,
        "Volume": 14504762,
        "Close of Quarter": 8.8,
        "EPS": 2309.5,
        "Non-adjusted EPS": 2258,
        "PE": 3.9,
        "Book Price": 13.5
      }
    },
    {
      "quarter": "Q2 2011",
      "income status": {
        "Net sales": 18897,
        "Cost of goods sold": 7354,
        "Gross Profit": 11544,
        "Financial expenses": 590,
        "Of which: Interest expense": "N/A",
        "Cost of sales": 16,
        "Enterprise cost management": 1964,
        "Total Operating Expenses": 2570,
        "Total revenue financing activities": -1627,
        "Net profit from business activities": 7348,
        "Profit": 1872,
        "Profit before tax": 9220,
        "Present corporate income tax expenses": -2882,
        "Deferred income taxes expenses": 5674,
        "The interests of minority shareholders": "N/A",
        "Total Cost of profits": 2792,
        "Profit after tax corporate income": 6428,
        "Volume": 13151942,
        "Close of Quarter": 9.0,
        "EPS": 4077.9,
        "Non-adjusted EPS": 4397,
        "PE": 2.0,
        "Book Price": 13.3
      }
    },
    {
      "quarter": "Q1 2011",
      "income status": {
        "Net sales": 22926,
        "Cost of goods sold": 12270,
        "Gross Profit": 10656,
        "Financial expenses": 2048,
        "Of which: Interest expense": "N/A",
        "Cost of sales": "N/A",
        "Enterprise cost management": 602,
        "Total Operating Expenses": 2650,
        "Total revenue financing activities": 3818,
        "Net profit from business activities": 11824,
        "Profit": 13,
        "Profit before tax": 11837,
        "Present corporate income tax expenses": 2882,
        "Deferred income taxes expenses": "N/A",
        "The interests of minority shareholders": "N/A",
        "Total Cost of profits": 2882,
        "Profit after tax corporate income": 8955,
        "Volume": 10116910,
        "Close of Quarter": 13.9,
        "EPS": 5527.5,
        "Non-adjusted EPS": 7748,
        "PE": 1.8,
        "Book Price": 13.2
      }
    },
    {
      "quarter": "Q4 2010",
      "income status": {
        "Net sales": 59344,
        "Cost of goods sold": 44280,
        "Gross Profit": 15064,
        "Financial expenses": 4919,
        "Of which: Interest expense": "N/A",
        "Cost of sales": 20,
        "Enterprise cost management": 517,
        "Total Operating Expenses": 5456,
        "Total revenue financing activities": 7252,
        "Net profit from business activities": 16859,
        "Profit": 270,
        "Profit before tax": 17129,
        "Present corporate income tax expenses": 509,
        "Deferred income taxes expenses": 3875,
        "The interests of minority shareholders": "N/A",
        "Total Cost of profits": 4384,
        "Profit after tax corporate income": 12745,
        "Volume": 10116910,
        "Close of Quarter": 18.5,
        "EPS": 5426.9,
        "Non-adjusted EPS": 7607,
        "PE": 2.4,
        "Book Price": 12.7
      }
    },
    {
      "quarter": "Q3 2010",
      "income status": {
        "Net sales": 62176,
        "Cost of goods sold": 26389,
        "Gross Profit": 35788,
        "Financial expenses": 4150,
        "Of which: Interest expense": "N/A",
        "Cost of sales": 23,
        "Enterprise cost management": 584,
        "Total Operating Expenses": 4757,
        "Total revenue financing activities": 5898,
        "Net profit from business activities": 36929,
        "Profit": 2592,
        "Profit before tax": 39521,
        "Present corporate income tax expenses": 1121,
        "Deferred income taxes expenses": 8699,
        "The interests of minority shareholders": "N/A",
        "Total Cost of profits": 9820,
        "Profit after tax corporate income": 29701,
        "Volume": 10104726,
        "Close of Quarter": 18.7,
        "EPS": 5296.4,
        "Non-adjusted EPS": 7433,
        "PE": 2.5,
        "Book Price": 12.8
      }
    },
    {
      "quarter": "Q2 2010",
      "income status": {
        "Net sales": 74105,
        "Cost of goods sold": 36221,
        "Gross Profit": 37884,
        "Financial expenses": 6345,
        "Of which: Interest expense": "N/A",
        "Cost of sales": 99,
        "Enterprise cost management": 775,
        "Total Operating Expenses": 7219,
        "Total revenue financing activities": 4985,
        "Net profit from business activities": 35650,
        "Profit": 21,
        "Profit before tax": 35671,
        "Present corporate income tax expenses": "N/A",
        "Deferred income taxes expenses": 8682,
        "The interests of minority shareholders": "N/A",
        "Total Cost of profits": 8682,
        "Profit after tax corporate income": 26989,
        "Volume": 10116910,
        "Close of Quarter": "N/A",
        "EPS": 3370.1,
        "Non-adjusted EPS": 4724,
        "PE": "N/A",
        "Book Price": 10.6
      }
    },
    {
      "quarter": "Q1 2010",
      "income status": {
        "Net sales": 28217,
        "Cost of goods sold": 15921,
        "Gross Profit": 12296,
        "Financial expenses": 1205,
        "Of which: Interest expense": 1205,
        "Cost of sales": 91,
        "Enterprise cost management": 653,
        "Total Operating Expenses": 1949,
        "Total revenue financing activities": 128,
        "Net profit from business activities": 10476,
        "Profit": -54,
        "Profit before tax": 10421,
        "Present corporate income tax expenses": "N/A",
        "Deferred income taxes expenses": 2893,
        "The interests of minority shareholders": "N/A",
        "Total Cost of profits": 2893,
        "Profit after tax corporate income": 7529,
        "Volume": 10116910,
        "Close of Quarter": "N/A",
        "EPS": 1735,
        "Non-adjusted EPS": 2432,
        "PE": "N/A",
        "Book Price": 9.3
      }
    },
    {
      "quarter": "Q4 2009",
      "income status": {
        "Net sales": 46615,
        "Cost of goods sold": 23851,
        "Gross Profit": 22764,
        "Financial expenses": 5724,
        "Of which: Interest expense": 5724,
        "Cost of sales": 439,
        "Enterprise cost management": 2259,
        "Total Operating Expenses": 8422,
        "Total revenue financing activities": 296,
        "Net profit from business activities": 14638,
        "Profit": 23,
        "Profit before tax": 14661,
        "Present corporate income tax expenses": 9,
        "Deferred income taxes expenses": 3758,
        "The interests of minority shareholders": "N/A",
        "Total Cost of profits": 3767,
        "Profit after tax corporate income": 10894,
        "Volume": 10116910,
        "Close of Quarter": "N/A",
        "EPS": 1204.2,
        "Non-adjusted EPS": 1688,
        "PE": "N/A",
        "Book Price": 6.6
      }
    },
    {
      "quarter": "Q3 2009",
      "income status": {
        "Net sales": 23037,
        "Cost of goods sold": 18838,
        "Gross Profit": 4199,
        "Financial expenses": 480,
        "Of which: Interest expense": "N/A",
        "Cost of sales": 26,
        "Enterprise cost management": 888,
        "Total Operating Expenses": 1394,
        "Total revenue financing activities": 460,
        "Net profit from business activities": 3265,
        "Profit": -209,
        "Profit before tax": 3056,
        "Present corporate income tax expenses": "N/A",
        "Deferred income taxes expenses": 679,
        "The interests of minority shareholders": "N/A",
        "Total Cost of profits": 679,
        "Profit after tax corporate income": 2377,
        "Volume": 10116910,
        "Close of Quarter": "N/A",
        "EPS": 435.9,
        "Non-adjusted EPS": 611,
        "PE": "N/A",
        "Book Price": "N/A"
      }
    },
    {
      "quarter": "Q1 2009",
      "income status": {
        "Net sales": 8900,
        "Cost of goods sold": 3708,
        "Gross Profit": 5192,
        "Financial expenses": 44,
        "Of which: Interest expense": 44,
        "Cost of sales": "N/A",
        "Enterprise cost management": 27,
        "Total Operating Expenses": 71,
        "Total revenue financing activities": 10,
        "Net profit from business activities": 5130,
        "Profit": -11,
        "Profit before tax": 5120,
        "Present corporate income tax expenses": "N/A",
        "Deferred income taxes expenses": 1311,
        "The interests of minority shareholders": "N/A",
        "Total Cost of profits": 1311,
        "Profit after tax corporate income": 3809,
        "Volume": 10116910,
        "Close of Quarter": "N/A",
        "EPS": 268.2,
        "Non-adjusted EPS": 376,
        "PE": "N/A",
        "Book Price": "N/A"
      }
    }
  ]
}