{
  "ticker": "OPC",
  "data": [
    {
      "quarter": "Q1 2017",
      "income status": {
        "Net sales": 281509,
        "Cost of goods sold": 153499,
        "Gross Profit": 128010,
        "Financial expenses": 2918,
        "Of which: Interest expense": 666,
        "Cost of sales": 71988,
        "Enterprise cost management": 23536,
        "Total Operating Expenses": 98442,
        "Total revenue financing activities": 1459,
        "Net profit from business activities": 31123,
        "Profit": 121,
        "Profit before tax": 31244,
        "Present corporate income tax expenses": 6926,
        "Deferred income taxes expenses": -290,
        "The interests of minority shareholders": 884,
        "Total Cost of profits": 7520,
        "Profit after tax corporate income": 23724,
        "Volume": 25311696,
        "Close of Quarter": 40.1,
        "EPS": 3199,
        "Non-adjusted EPS": 3199,
        "PE": 12.5,
        "Book Price": 22.4
      }
    },
    {
      "quarter": "Q4 2016",
      "income status": {
        "Net sales": 209797,
        "Cost of goods sold": 126209,
        "Gross Profit": 83588,
        "Financial expenses": 2802,
        "Of which: Interest expense": 964,
        "Cost of sales": 25284,
        "Enterprise cost management": 32740,
        "Total Operating Expenses": 60826,
        "Total revenue financing activities": 1756,
        "Net profit from business activities": 24657,
        "Profit": 168,
        "Profit before tax": 24825,
        "Present corporate income tax expenses": 6139,
        "Deferred income taxes expenses": -349,
        "The interests of minority shareholders": -39,
        "Total Cost of profits": 5751,
        "Profit after tax corporate income": 19074,
        "Volume": 25311696,
        "Close of Quarter": 38.0,
        "EPS": 3086,
        "Non-adjusted EPS": 3086,
        "PE": 12.3,
        "Book Price": 21.5
      }
    },
    {
      "quarter": "Q3 2016",
      "income status": {
        "Net sales": 200988,
        "Cost of goods sold": 114130,
        "Gross Profit": 86858,
        "Financial expenses": 2368,
        "Of which: Interest expense": 976,
        "Cost of sales": 45536,
        "Enterprise cost management": 13384,
        "Total Operating Expenses": 61288,
        "Total revenue financing activities": 1011,
        "Net profit from business activities": 26848,
        "Profit": 22,
        "Profit before tax": 26869,
        "Present corporate income tax expenses": 5385,
        "Deferred income taxes expenses": 5,
        "The interests of minority shareholders": 594,
        "Total Cost of profits": 5984,
        "Profit after tax corporate income": 20885,
        "Volume": 25311696,
        "Close of Quarter": 35.6,
        "EPS": 2863,
        "Non-adjusted EPS": 2863,
        "PE": 12.4,
        "Book Price": 22.1
      }
    },
    {
      "quarter": "Q2 2016",
      "income status": {
        "Net sales": 178616,
        "Cost of goods sold": 98340,
        "Gross Profit": 80277,
        "Financial expenses": 2118,
        "Of which: Interest expense": 606,
        "Cost of sales": 42233,
        "Enterprise cost management": 15401,
        "Total Operating Expenses": 59752,
        "Total revenue financing activities": 1364,
        "Net profit from business activities": 22117,
        "Profit": 51,
        "Profit before tax": 22168,
        "Present corporate income tax expenses": 4870,
        "Deferred income taxes expenses": 15,
        "The interests of minority shareholders": "N/A",
        "Total Cost of profits": 4885,
        "Profit after tax corporate income": 17282,
        "Volume": 25311696,
        "Close of Quarter": 35.2,
        "EPS": 2703,
        "Non-adjusted EPS": 2703,
        "PE": 13.0,
        "Book Price": 19.5
      }
    },
    {
      "quarter": "Q1 2016",
      "income status": {
        "Net sales": 201004,
        "Cost of goods sold": 102503,
        "Gross Profit": 98501,
        "Financial expenses": 2406,
        "Of which: Interest expense": 351,
        "Cost of sales": 53848,
        "Enterprise cost management": 16279,
        "Total Operating Expenses": 72533,
        "Total revenue financing activities": 304,
        "Net profit from business activities": 26466,
        "Profit": 114,
        "Profit before tax": 26581,
        "Present corporate income tax expenses": 5634,
        "Deferred income taxes expenses": 77,
        "The interests of minority shareholders": "N/A",
        "Total Cost of profits": 5711,
        "Profit after tax corporate income": 20870,
        "Volume": 25311696,
        "Close of Quarter": 35.0,
        "EPS": 2737,
        "Non-adjusted EPS": 2737,
        "PE": 12.8,
        "Book Price": 18.9
      }
    },
    {
      "quarter": "Q4 2015",
      "income status": {
        "Net sales": 138258,
        "Cost of goods sold": 81900,
        "Gross Profit": 56358,
        "Financial expenses": 1620,
        "Of which: Interest expense": 101,
        "Cost of sales": 18736,
        "Enterprise cost management": 19243,
        "Total Operating Expenses": 39599,
        "Total revenue financing activities": 812,
        "Net profit from business activities": 17852,
        "Profit": 48,
        "Profit before tax": 17900,
        "Present corporate income tax expenses": 4397,
        "Deferred income taxes expenses": 86,
        "The interests of minority shareholders": "N/A",
        "Total Cost of profits": 4483,
        "Profit after tax corporate income": 13418,
        "Volume": 25311696,
        "Close of Quarter": 32.4,
        "EPS": 2778,
        "Non-adjusted EPS": 2778,
        "PE": 11.7,
        "Book Price": 18
      }
    },
    {
      "quarter": "Q3 2015",
      "income status": {
        "Net sales": 166883,
        "Cost of goods sold": 93416,
        "Gross Profit": 73467,
        "Financial expenses": 2401,
        "Of which: Interest expense": 158,
        "Cost of sales": 36277,
        "Enterprise cost management": 13458,
        "Total Operating Expenses": 52136,
        "Total revenue financing activities": 341,
        "Net profit from business activities": 21825,
        "Profit": 194,
        "Profit before tax": 22019,
        "Present corporate income tax expenses": 5177,
        "Deferred income taxes expenses": -4,
        "The interests of minority shareholders": "N/A",
        "Total Cost of profits": 5173,
        "Profit after tax corporate income": 16847,
        "Volume": 20249357,
        "Close of Quarter": 27.1,
        "EPS": 2999.2,
        "Non-adjusted EPS": 3749,
        "PE": 7.2,
        "Book Price": 16.8
      }
    },
    {
      "quarter": "Q2 2015",
      "income status": {
        "Net sales": 166526,
        "Cost of goods sold": 93505,
        "Gross Profit": 73021,
        "Financial expenses": 1875,
        "Of which: Interest expense": 247,
        "Cost of sales": 32751,
        "Enterprise cost management": 15925,
        "Total Operating Expenses": 50551,
        "Total revenue financing activities": 756,
        "Net profit from business activities": 23323,
        "Profit": 197,
        "Profit before tax": 23521,
        "Present corporate income tax expenses": 5415,
        "Deferred income taxes expenses": -29,
        "The interests of minority shareholders": "N/A",
        "Total Cost of profits": 5386,
        "Profit after tax corporate income": 18135,
        "Volume": 19285102,
        "Close of Quarter": 26.4,
        "EPS": 2763.4,
        "Non-adjusted EPS": 3627,
        "PE": 7.3,
        "Book Price": 16.5
      }
    },
    {
      "quarter": "Q1 2015",
      "income status": {
        "Net sales": 191547,
        "Cost of goods sold": 92557,
        "Gross Profit": 98990,
        "Financial expenses": 1864,
        "Of which: Interest expense": 306,
        "Cost of sales": 53486,
        "Enterprise cost management": 15181,
        "Total Operating Expenses": 70531,
        "Total revenue financing activities": 59,
        "Net profit from business activities": 28523,
        "Profit": 105,
        "Profit before tax": 28629,
        "Present corporate income tax expenses": 6633,
        "Deferred income taxes expenses": 79,
        "The interests of minority shareholders": "N/A",
        "Total Cost of profits": 6712,
        "Profit after tax corporate income": 21917,
        "Volume": 19285102,
        "Close of Quarter": 27.8,
        "EPS": 2528.8,
        "Non-adjusted EPS": 3319,
        "PE": 8.4,
        "Book Price": 16.2
      }
    },
    {
      "quarter": "Q4 2014",
      "income status": {
        "Net sales": 133280,
        "Cost of goods sold": 67065,
        "Gross Profit": 66215,
        "Financial expenses": 2007,
        "Of which: Interest expense": 540,
        "Cost of sales": 27997,
        "Enterprise cost management": 12459,
        "Total Operating Expenses": 42463,
        "Total revenue financing activities": 447,
        "Net profit from business activities": 24375,
        "Profit": 82,
        "Profit before tax": 24457,
        "Present corporate income tax expenses": 5437,
        "Deferred income taxes expenses": -3,
        "The interests of minority shareholders": "N/A",
        "Total Cost of profits": 5434,
        "Profit after tax corporate income": 19023,
        "Volume": 19285102,
        "Close of Quarter": 29.3,
        "EPS": 2594.3,
        "Non-adjusted EPS": 3405,
        "PE": 8.6,
        "Book Price": 15.4
      }
    },
    {
      "quarter": "Q3 2014",
      "income status": {
        "Net sales": 143333,
        "Cost of goods sold": 70701,
        "Gross Profit": 72632,
        "Financial expenses": 1910,
        "Of which: Interest expense": 712,
        "Cost of sales": 44651,
        "Enterprise cost management": 10734,
        "Total Operating Expenses": 57295,
        "Total revenue financing activities": 288,
        "Net profit from business activities": 15762,
        "Profit": -788,
        "Profit before tax": 14974,
        "Present corporate income tax expenses": 4033,
        "Deferred income taxes expenses": 73,
        "The interests of minority shareholders": "N/A",
        "Total Cost of profits": 4106,
        "Profit after tax corporate income": 10867,
        "Volume": 12856860,
        "Close of Quarter": 29.5,
        "EPS": 2185.7,
        "Non-adjusted EPS": 4303,
        "PE": 6.9,
        "Book Price": 15.9
      }
    },
    {
      "quarter": "Q2 2014",
      "income status": {
        "Net sales": 162080,
        "Cost of goods sold": 79132,
        "Gross Profit": 82948,
        "Financial expenses": 1895,
        "Of which: Interest expense": 745,
        "Cost of sales": 53348,
        "Enterprise cost management": 13307,
        "Total Operating Expenses": 68550,
        "Total revenue financing activities": 514,
        "Net profit from business activities": 14905,
        "Profit": 1093,
        "Profit before tax": 15998,
        "Present corporate income tax expenses": 3776,
        "Deferred income taxes expenses": 15,
        "The interests of minority shareholders": "N/A",
        "Total Cost of profits": 3791,
        "Profit after tax corporate income": 12206,
        "Volume": 12856860,
        "Close of Quarter": 30.5,
        "EPS": 2291.3,
        "Non-adjusted EPS": 4511,
        "PE": 6.8,
        "Book Price": 15.4
      }
    },
    {
      "quarter": "Q1 2014",
      "income status": {
        "Net sales": 173467,
        "Cost of goods sold": 84844,
        "Gross Profit": 88622,
        "Financial expenses": 1060,
        "Of which: Interest expense": 1058,
        "Cost of sales": 45092,
        "Enterprise cost management": 11982,
        "Total Operating Expenses": 58134,
        "Total revenue financing activities": 180,
        "Net profit from business activities": 30681,
        "Profit": 82,
        "Profit before tax": 30763,
        "Present corporate income tax expenses": 7142,
        "Deferred income taxes expenses": 59,
        "The interests of minority shareholders": "N/A",
        "Total Cost of profits": 7201,
        "Profit after tax corporate income": 23562,
        "Volume": 12856860,
        "Close of Quarter": 31.0,
        "EPS": 2549.4,
        "Non-adjusted EPS": 5019,
        "PE": 6.2,
        "Book Price": 15.2
      }
    },
    {
      "quarter": "Q4 2013",
      "income status": {
        "Net sales": 153616,
        "Cost of goods sold": 76056,
        "Gross Profit": 77560,
        "Financial expenses": -1783,
        "Of which: Interest expense": 1080,
        "Cost of sales": 45366,
        "Enterprise cost management": 14565,
        "Total Operating Expenses": 58148,
        "Total revenue financing activities": 73,
        "Net profit from business activities": 19484,
        "Profit": 71,
        "Profit before tax": 19546,
        "Present corporate income tax expenses": 10876,
        "Deferred income taxes expenses": -17,
        "The interests of minority shareholders": "N/A",
        "Total Cost of profits": 10859,
        "Profit after tax corporate income": 8687,
        "Volume": 12856860,
        "Close of Quarter": 30.5,
        "EPS": 2222.8,
        "Non-adjusted EPS": 4376,
        "PE": 7.0,
        "Book Price": 14.3
      }
    },
    {
      "quarter": "Q3 2013",
      "income status": {
        "Net sales": 134004,
        "Cost of goods sold": 66857,
        "Gross Profit": 67147,
        "Financial expenses": 1101,
        "Of which: Interest expense": 1101,
        "Cost of sales": 36549,
        "Enterprise cost management": 12210,
        "Total Operating Expenses": 49860,
        "Total revenue financing activities": 165,
        "Net profit from business activities": 17452,
        "Profit": 669,
        "Profit before tax": 18294,
        "Present corporate income tax expenses": 4745,
        "Deferred income taxes expenses": 4,
        "The interests of minority shareholders": "N/A",
        "Total Cost of profits": 4749,
        "Profit after tax corporate income": 13545,
        "Volume": 12856860,
        "Close of Quarter": 31.4,
        "EPS": 2653.5,
        "Non-adjusted EPS": 5224,
        "PE": 6.0,
        "Book Price": 15.2
      }
    },
    {
      "quarter": "Q2 2013",
      "income status": {
        "Net sales": 142965,
        "Cost of goods sold": 68778,
        "Gross Profit": 74187,
        "Financial expenses": 1756,
        "Of which: Interest expense": 1953,
        "Cost of sales": 37516,
        "Enterprise cost management": 10916,
        "Total Operating Expenses": 50188,
        "Total revenue financing activities": 499,
        "Net profit from business activities": 24498,
        "Profit": 114,
        "Profit before tax": 25012,
        "Present corporate income tax expenses": 6278,
        "Deferred income taxes expenses": -3,
        "The interests of minority shareholders": "N/A",
        "Total Cost of profits": 6275,
        "Profit after tax corporate income": 18737,
        "Volume": 12856860,
        "Close of Quarter": 32.8,
        "EPS": 2847.0,
        "Non-adjusted EPS": 5605,
        "PE": 5.9,
        "Book Price": 14.7
      }
    },
    {
      "quarter": "Q1 2013",
      "income status": {
        "Net sales": 133234,
        "Cost of goods sold": 66195,
        "Gross Profit": 67039,
        "Financial expenses": 1796,
        "Of which: Interest expense": 1793,
        "Cost of sales": 35233,
        "Enterprise cost management": 9700,
        "Total Operating Expenses": 46729,
        "Total revenue financing activities": 222,
        "Net profit from business activities": 20531,
        "Profit": 143,
        "Profit before tax": 20674,
        "Present corporate income tax expenses": 5381,
        "Deferred income taxes expenses": 6,
        "The interests of minority shareholders": "N/A",
        "Total Cost of profits": 5387,
        "Profit after tax corporate income": 15287,
        "Volume": 12856860,
        "Close of Quarter": 29.0,
        "EPS": 2380.2,
        "Non-adjusted EPS": 4686,
        "PE": 6.2,
        "Book Price": 14.0
      }
    },
    {
      "quarter": "Q4 2012",
      "income status": {
        "Net sales": 141393,
        "Cost of goods sold": 71416,
        "Gross Profit": 69977,
        "Financial expenses": 3827,
        "Of which: Interest expense": 2327,
        "Cost of sales": 27115,
        "Enterprise cost management": 14216,
        "Total Operating Expenses": 45158,
        "Total revenue financing activities": 33,
        "Net profit from business activities": 24852,
        "Profit": 1588,
        "Profit before tax": 26440,
        "Present corporate income tax expenses": 6855,
        "Deferred income taxes expenses": -6,
        "The interests of minority shareholders": "N/A",
        "Total Cost of profits": 6849,
        "Profit after tax corporate income": 19591,
        "Volume": 12856860,
        "Close of Quarter": 17.5,
        "EPS": 2351.3,
        "Non-adjusted EPS": 4629,
        "PE": 3.8,
        "Book Price": 13.6
      }
    },
    {
      "quarter": "Q3 2012",
      "income status": {
        "Net sales": 132083,
        "Cost of goods sold": 65164,
        "Gross Profit": 66919,
        "Financial expenses": 4717,
        "Of which: Interest expense": 3152,
        "Cost of sales": 28192,
        "Enterprise cost management": 9468,
        "Total Operating Expenses": 42377,
        "Total revenue financing activities": 120,
        "Net profit from business activities": 24662,
        "Profit": 83,
        "Profit before tax": 24745,
        "Present corporate income tax expenses": 6297,
        "Deferred income taxes expenses": 3,
        "The interests of minority shareholders": "N/A",
        "Total Cost of profits": 6300,
        "Profit after tax corporate income": 18445,
        "Volume": 12856860,
        "Close of Quarter": 16.1,
        "EPS": 2056.7,
        "Non-adjusted EPS": 4049,
        "PE": 4.0,
        "Book Price": 14.1
      }
    },
    {
      "quarter": "Q2 2012",
      "income status": {
        "Net sales": 110805,
        "Cost of goods sold": 58685,
        "Gross Profit": 52119,
        "Financial expenses": 4785,
        "Of which: Interest expense": 3750,
        "Cost of sales": 28973,
        "Enterprise cost management": 10174,
        "Total Operating Expenses": 43932,
        "Total revenue financing activities": 760,
        "Net profit from business activities": 8946,
        "Profit": 325,
        "Profit before tax": 9271,
        "Present corporate income tax expenses": 2349,
        "Deferred income taxes expenses": -2,
        "The interests of minority shareholders": "N/A",
        "Total Cost of profits": 2347,
        "Profit after tax corporate income": 6925,
        "Volume": 12284860,
        "Close of Quarter": 15.7,
        "EPS": 1798.7,
        "Non-adjusted EPS": 3706,
        "PE": 4.2,
        "Book Price": 13.0
      }
    },
    {
      "quarter": "Q1 2012",
      "income status": {
        "Net sales": 119453,
        "Cost of goods sold": 61942,
        "Gross Profit": 57510,
        "Financial expenses": 3986,
        "Of which: Interest expense": 3981,
        "Cost of sales": 25024,
        "Enterprise cost management": 9052,
        "Total Operating Expenses": 38062,
        "Total revenue financing activities": 56,
        "Net profit from business activities": 19505,
        "Profit": 116,
        "Profit before tax": 19621,
        "Present corporate income tax expenses": 5087,
        "Deferred income taxes expenses": -19,
        "The interests of minority shareholders": "N/A",
        "Total Cost of profits": 5068,
        "Profit after tax corporate income": 14554,
        "Volume": 12284860,
        "Close of Quarter": 14.1,
        "EPS": 1885.1,
        "Non-adjusted EPS": 3884,
        "PE": 3.6,
        "Book Price": 12.7
      }
    },
    {
      "quarter": "Q4 2011",
      "income status": {
        "Net sales": 119575,
        "Cost of goods sold": 61790,
        "Gross Profit": 57784,
        "Financial expenses": 4659,
        "Of which: Interest expense": 3996,
        "Cost of sales": 21726,
        "Enterprise cost management": 14704,
        "Total Operating Expenses": 41089,
        "Total revenue financing activities": 86,
        "Net profit from business activities": 16782,
        "Profit": -1076,
        "Profit before tax": 15706,
        "Present corporate income tax expenses": 3568,
        "Deferred income taxes expenses": 1,
        "The interests of minority shareholders": "N/A",
        "Total Cost of profits": 3569,
        "Profit after tax corporate income": 12136,
        "Volume": 12284860,
        "Close of Quarter": 11.6,
        "EPS": 2056.4,
        "Non-adjusted EPS": 4237,
        "PE": 2.7,
        "Book Price": 12.1
      }
    },
    {
      "quarter": "Q3 2011",
      "income status": {
        "Net sales": 97416,
        "Cost of goods sold": 46238,
        "Gross Profit": 51178,
        "Financial expenses": 3925,
        "Of which: Interest expense": 1757,
        "Cost of sales": 21345,
        "Enterprise cost management": 10668,
        "Total Operating Expenses": 35938,
        "Total revenue financing activities": 358,
        "Net profit from business activities": 15598,
        "Profit": -911,
        "Profit before tax": 47613,
        "Present corporate income tax expenses": 2778,
        "Deferred income taxes expenses": -2,
        "The interests of minority shareholders": "N/A",
        "Total Cost of profits": 2776,
        "Profit after tax corporate income": 11911,
        "Volume": 8190000,
        "Close of Quarter": 11.5,
        "EPS": 2045.3,
        "Non-adjusted EPS": 6321,
        "PE": 1.8,
        "Book Price": 12.3
      }
    },
    {
      "quarter": "Q2 2011",
      "income status": {
        "Net sales": 90488,
        "Cost of goods sold": 43953,
        "Gross Profit": 46536,
        "Financial expenses": 5741,
        "Of which: Interest expense": 650,
        "Cost of sales": 20082,
        "Enterprise cost management": 11804,
        "Total Operating Expenses": 37627,
        "Total revenue financing activities": 2414,
        "Net profit from business activities": 11322,
        "Profit": -590,
        "Profit before tax": 10732,
        "Present corporate income tax expenses": 1612,
        "Deferred income taxes expenses": 8,
        "The interests of minority shareholders": "N/A",
        "Total Cost of profits": 1620,
        "Profit after tax corporate income": 9111,
        "Volume": 8190000,
        "Close of Quarter": 9.9,
        "EPS": 2246.8,
        "Non-adjusted EPS": 6944,
        "PE": 1.4,
        "Book Price": 12.2
      }
    },
    {
      "quarter": "Q1 2011",
      "income status": {
        "Net sales": 101629,
        "Cost of goods sold": 48812,
        "Gross Profit": 52817,
        "Financial expenses": 440,
        "Of which: Interest expense": 440,
        "Cost of sales": 21310,
        "Enterprise cost management": 7370,
        "Total Operating Expenses": 29120,
        "Total revenue financing activities": 395,
        "Net profit from business activities": 24093,
        "Profit": -449,
        "Profit before tax": 23644,
        "Present corporate income tax expenses": 4756,
        "Deferred income taxes expenses": -8,
        "The interests of minority shareholders": "N/A",
        "Total Cost of profits": 4748,
        "Profit after tax corporate income": 18896,
        "Volume": 8190000,
        "Close of Quarter": 8.8,
        "EPS": 2252.3,
        "Non-adjusted EPS": 6961,
        "PE": 1.3,
        "Book Price": 12.4
      }
    },
    {
      "quarter": "Q4 2010",
      "income status": {
        "Net sales": 96894,
        "Cost of goods sold": 47123,
        "Gross Profit": 49771,
        "Financial expenses": 186,
        "Of which: Interest expense": 181,
        "Cost of sales": 21924,
        "Enterprise cost management": 13787,
        "Total Operating Expenses": 35897,
        "Total revenue financing activities": 2311,
        "Net profit from business activities": 16185,
        "Profit": 126,
        "Profit before tax": 16312,
        "Present corporate income tax expenses": 4464,
        "Deferred income taxes expenses": -3,
        "The interests of minority shareholders": "N/A",
        "Total Cost of profits": 4461,
        "Profit after tax corporate income": 11851,
        "Volume": 8190000,
        "Close of Quarter": 10.5,
        "EPS": 2001.3,
        "Non-adjusted EPS": 6185,
        "PE": 1.7,
        "Book Price": 11.6
      }
    },
    {
      "quarter": "Q3 2010",
      "income status": {
        "Net sales": 81927,
        "Cost of goods sold": 40525,
        "Gross Profit": 41403,
        "Financial expenses": 236,
        "Of which: Interest expense": 172,
        "Cost of sales": 15835,
        "Enterprise cost management": 5374,
        "Total Operating Expenses": 21445,
        "Total revenue financing activities": 1237,
        "Net profit from business activities": 21195,
        "Profit": 126,
        "Profit before tax": 21321,
        "Present corporate income tax expenses": 4310,
        "Deferred income taxes expenses": "N/A",
        "The interests of minority shareholders": "N/A",
        "Total Cost of profits": 4310,
        "Profit after tax corporate income": 17011,
        "Volume": 8190000,
        "Close of Quarter": 11.8,
        "EPS": 1951.4,
        "Non-adjusted EPS": 6031,
        "PE": 2.0,
        "Book Price": 11.4
      }
    },
    {
      "quarter": "Q2 2010",
      "income status": {
        "Net sales": 61961,
        "Cost of goods sold": 31543,
        "Gross Profit": 30417,
        "Financial expenses": 224,
        "Of which: Interest expense": 224,
        "Cost of sales": 13556,
        "Enterprise cost management": 5550,
        "Total Operating Expenses": 19330,
        "Total revenue financing activities": 1074,
        "Net profit from business activities": 12161,
        "Profit": 42,
        "Profit before tax": 12202,
        "Present corporate income tax expenses": 2954,
        "Deferred income taxes expenses": -1,
        "The interests of minority shareholders": "N/A",
        "Total Cost of profits": 2953,
        "Profit after tax corporate income": 9249,
        "Volume": 8190000,
        "Close of Quarter": 12.9,
        "EPS": 2083.8,
        "Non-adjusted EPS": 6440,
        "PE": 2.0,
        "Book Price": 11
      }
    },
    {
      "quarter": "Q1 2010",
      "income status": {
        "Net sales": 113989,
        "Cost of goods sold": 77011,
        "Gross Profit": 36979,
        "Financial expenses": 179,
        "Of which: Interest expense": 179,
        "Cost of sales": 17414,
        "Enterprise cost management": 4931,
        "Total Operating Expenses": 22524,
        "Total revenue financing activities": 1197,
        "Net profit from business activities": 15652,
        "Profit": 73,
        "Profit before tax": 15725,
        "Present corporate income tax expenses": 3178,
        "Deferred income taxes expenses": "N/A",
        "The interests of minority shareholders": "N/A",
        "Total Cost of profits": 3178,
        "Profit after tax corporate income": 12548,
        "Volume": 8190000,
        "Close of Quarter": 12.7,
        "EPS": 2193.1,
        "Non-adjusted EPS": 6778,
        "PE": 1.9,
        "Book Price": 11.1
      }
    },
    {
      "quarter": "Q4 2009",
      "income status": {
        "Net sales": 115002,
        "Cost of goods sold": 71930,
        "Gross Profit": 43072,
        "Financial expenses": -142,
        "Of which: Interest expense": -142,
        "Cost of sales": 21581,
        "Enterprise cost management": 8870,
        "Total Operating Expenses": 30309,
        "Total revenue financing activities": 1722,
        "Net profit from business activities": 14484,
        "Profit": 322,
        "Profit before tax": 14806,
        "Present corporate income tax expenses": 4221,
        "Deferred income taxes expenses": "N/A",
        "The interests of minority shareholders": "N/A",
        "Total Cost of profits": 4221,
        "Profit after tax corporate income": 10585,
        "Volume": 8190000,
        "Close of Quarter": 14.8,
        "EPS": 2082.8,
        "Non-adjusted EPS": 6437,
        "PE": 2.3,
        "Book Price": 10.7
      }
    },
    {
      "quarter": "Q3 2009",
      "income status": {
        "Net sales": 118749,
        "Cost of goods sold": 81264,
        "Gross Profit": 37485,
        "Financial expenses": -7183,
        "Of which: Interest expense": 17,
        "Cost of sales": 17634,
        "Enterprise cost management": 4895,
        "Total Operating Expenses": 15346,
        "Total revenue financing activities": 1385,
        "Net profit from business activities": 23524,
        "Profit": 64,
        "Profit before tax": 23588,
        "Present corporate income tax expenses": 3225,
        "Deferred income taxes expenses": "N/A",
        "The interests of minority shareholders": "N/A",
        "Total Cost of profits": 3225,
        "Profit after tax corporate income": 20363,
        "Volume": 8190000,
        "Close of Quarter": 14.8,
        "EPS": 2022.6,
        "Non-adjusted EPS": 6251,
        "PE": 2.4,
        "Book Price": 10.6
      }
    },
    {
      "quarter": "Q2 2009",
      "income status": {
        "Net sales": 84791,
        "Cost of goods sold": 54871,
        "Gross Profit": 29920,
        "Financial expenses": -211,
        "Of which: Interest expense": -211,
        "Cost of sales": 12018,
        "Enterprise cost management": 4573,
        "Total Operating Expenses": 16380,
        "Total revenue financing activities": 1213,
        "Net profit from business activities": 14751,
        "Profit": 162,
        "Profit before tax": 14913,
        "Present corporate income tax expenses": 2900,
        "Deferred income taxes expenses": "N/A",
        "The interests of minority shareholders": "N/A",
        "Total Cost of profits": 2900,
        "Profit after tax corporate income": 12013,
        "Volume": 8190000,
        "Close of Quarter": 12.9,
        "EPS": 1427.9,
        "Non-adjusted EPS": 4413,
        "PE": 2.9,
        "Book Price": 10.2
      }
    },
    {
      "quarter": "Q1 2009",
      "income status": {
        "Net sales": 53133,
        "Cost of goods sold": 27045,
        "Gross Profit": 26088,
        "Financial expenses": 211,
        "Of which: Interest expense": 211,
        "Cost of sales": 11419,
        "Enterprise cost management": 4119,
        "Total Operating Expenses": 15749,
        "Total revenue financing activities": 1626,
        "Net profit from business activities": 11965,
        "Profit": 7,
        "Profit before tax": 11971,
        "Present corporate income tax expenses": 2209,
        "Deferred income taxes expenses": "N/A",
        "The interests of minority shareholders": "N/A",
        "Total Cost of profits": 2209,
        "Profit after tax corporate income": 9762,
        "Volume": 8190000,
        "Close of Quarter": 6.3,
        "EPS": 1365.5,
        "Non-adjusted EPS": 4220,
        "PE": 1.5,
        "Book Price": 9.8
      }
    },
    {
      "quarter": "Q4 2008",
      "income status": {
        "Net sales": 64231,
        "Cost of goods sold": 32352,
        "Gross Profit": 31879,
        "Financial expenses": 7044,
        "Of which: Interest expense": 109,
        "Cost of sales": 12645,
        "Enterprise cost management": 4002,
        "Total Operating Expenses": 23691,
        "Total revenue financing activities": 1615,
        "Net profit from business activities": 9803,
        "Profit": 574,
        "Profit before tax": 10377,
        "Present corporate income tax expenses": 1319,
        "Deferred income taxes expenses": "N/A",
        "The interests of minority shareholders": "N/A",
        "Total Cost of profits": 1319,
        "Profit after tax corporate income": 9058,
        "Volume": 8190000,
        "Close of Quarter": 6.7,
        "EPS": 1223.7,
        "Non-adjusted EPS": 3782,
        "PE": 1.8,
        "Book Price": 9.5
      }
    },
    {
      "quarter": "Q3 2008",
      "income status": {
        "Net sales": 34078,
        "Cost of goods sold": 18788,
        "Gross Profit": 15290,
        "Financial expenses": 120,
        "Of which: Interest expense": 120,
        "Cost of sales": 7471,
        "Enterprise cost management": 3968,
        "Total Operating Expenses": 11559,
        "Total revenue financing activities": 1863,
        "Net profit from business activities": 5595,
        "Profit": 261,
        "Profit before tax": 5856,
        "Present corporate income tax expenses": 540,
        "Deferred income taxes expenses": 3,
        "The interests of minority shareholders": "N/A",
        "Total Cost of profits": 543,
        "Profit after tax corporate income": 5313,
        "Volume": 8190000,
        "Close of Quarter": "N/A",
        "EPS": 1127.3,
        "Non-adjusted EPS": 3484,
        "PE": "N/A",
        "Book Price": 9.5
      }
    },
    {
      "quarter": "Q2 2008",
      "income status": {
        "Net sales": 66122,
        "Cost of goods sold": 43305,
        "Gross Profit": 22817,
        "Financial expenses": 121,
        "Of which: Interest expense": "N/A",
        "Cost of sales": 9445,
        "Enterprise cost management": 4247,
        "Total Operating Expenses": 13813,
        "Total revenue financing activities": 2302,
        "Net profit from business activities": 11305,
        "Profit": 178,
        "Profit before tax": 11483,
        "Present corporate income tax expenses": 1057,
        "Deferred income taxes expenses": "N/A",
        "The interests of minority shareholders": "N/A",
        "Total Cost of profits": 1057,
        "Profit after tax corporate income": 10425,
        "Volume": 8190000,
        "Close of Quarter": "N/A",
        "EPS": 1340.2,
        "Non-adjusted EPS": 4142,
        "PE": "N/A",
        "Book Price": 9.6
      }
    },
    {
      "quarter": "Q1 2008",
      "income status": {
        "Net sales": 54109,
        "Cost of goods sold": 31157,
        "Gross Profit": 22952,
        "Financial expenses": 354,
        "Of which: Interest expense": "N/A",
        "Cost of sales": 12619,
        "Enterprise cost management": 3697,
        "Total Operating Expenses": 16670,
        "Total revenue financing activities": 539,
        "Net profit from business activities": 6821,
        "Profit": 21,
        "Profit before tax": 6842,
        "Present corporate income tax expenses": 663,
        "Deferred income taxes expenses": "N/A",
        "The interests of minority shareholders": "N/A",
        "Total Cost of profits": 663,
        "Profit after tax corporate income": 6179,
        "Volume": 8190000,
        "Close of Quarter": "N/A",
        "EPS": 1315.6,
        "Non-adjusted EPS": 4066,
        "PE": "N/A",
        "Book Price": 9.2
      }
    },
    {
      "quarter": "Q4 2007",
      "income status": {
        "Net sales": 51739,
        "Cost of goods sold": 26895,
        "Gross Profit": 24843,
        "Financial expenses": 107,
        "Of which: Interest expense": 80,
        "Cost of sales": 14821,
        "Enterprise cost management": 3753,
        "Total Operating Expenses": 18681,
        "Total revenue financing activities": 1139,
        "Net profit from business activities": 7300,
        "Profit": 140,
        "Profit before tax": 7440,
        "Present corporate income tax expenses": 824,
        "Deferred income taxes expenses": -3,
        "The interests of minority shareholders": "N/A",
        "Total Cost of profits": 821,
        "Profit after tax corporate income": 6619,
        "Volume": 8190000,
        "Close of Quarter": "N/A",
        "EPS": 1338.6,
        "Non-adjusted EPS": 4137,
        "PE": "N/A",
        "Book Price": "N/A"
      }
    },
    {
      "quarter": "Q3 2007",
      "income status": {
        "Net sales": 47163,
        "Cost of goods sold": 23346,
        "Gross Profit": 23817,
        "Financial expenses": 240,
        "Of which: Interest expense": 240,
        "Cost of sales": 10896,
        "Enterprise cost management": 3132,
        "Total Operating Expenses": 14268,
        "Total revenue financing activities": 2230,
        "Net profit from business activities": 11780,
        "Profit": 87,
        "Profit before tax": 11867,
        "Present corporate income tax expenses": 1168,
        "Deferred income taxes expenses": "N/A",
        "The interests of minority shareholders": "N/A",
        "Total Cost of profits": 1168,
        "Profit after tax corporate income": 10699,
        "Volume": 8190000,
        "Close of Quarter": "N/A",
        "EPS": 1077.2,
        "Non-adjusted EPS": 3329,
        "PE": "N/A",
        "Book Price": "N/A"
      }
    },
    {
      "quarter": "Q2 2007",
      "income status": {
        "Net sales": 42087,
        "Cost of goods sold": 22017,
        "Gross Profit": 20069,
        "Financial expenses": 417,
        "Of which: Interest expense": "N/A",
        "Cost of sales": 6495,
        "Enterprise cost management": 3037,
        "Total Operating Expenses": 9949,
        "Total revenue financing activities": 668,
        "Net profit from business activities": 10787,
        "Profit": "N/A",
        "Profit before tax": 10884,
        "Present corporate income tax expenses": 1082,
        "Deferred income taxes expenses": "N/A",
        "The interests of minority shareholders": "N/A",
        "Total Cost of profits": 1082,
        "Profit after tax corporate income": 9802,
        "Volume": 8190000,
        "Close of Quarter": "N/A",
        "EPS": 654.3,
        "Non-adjusted EPS": 2022,
        "PE": "N/A",
        "Book Price": "N/A"
      }
    },
    {
      "quarter": "Q1 2007",
      "income status": {
        "Net sales": 38433,
        "Cost of goods sold": 20842,
        "Gross Profit": 17590,
        "Financial expenses": 894,
        "Of which: Interest expense": "N/A",
        "Cost of sales": 6620,
        "Enterprise cost management": 2758,
        "Total Operating Expenses": 10272,
        "Total revenue financing activities": 189,
        "Net profit from business activities": 7506,
        "Profit": "N/A",
        "Profit before tax": 7511,
        "Present corporate income tax expenses": 751,
        "Deferred income taxes expenses": "N/A",
        "The interests of minority shareholders": "N/A",
        "Total Cost of profits": 751,
        "Profit after tax corporate income": 6760,
        "Volume": 8190000,
        "Close of Quarter": "N/A",
        "EPS": 266.9,
        "Non-adjusted EPS": 825,
        "PE": "N/A",
        "Book Price": "N/A"
      }
    }
  ]
}