{
  "ticker": "DCC",
  "data": [
    {
      "quarter": "Q2 2011",
      "income status": {
        "Net sales": 83200,
        "Cost of goods sold": 83285,
        "Gross Profit": -85,
        "Financial expenses": 1602,
        "Of which: Interest expense": "N/A",
        "Cost of sales": "N/A",
        "Enterprise cost management": 4290,
        "Total Operating Expenses": 5892,
        "Total revenue financing activities": 583,
        "Net profit from business activities": -5395,
        "Profit": 459,
        "Profit before tax": -4936,
        "Present corporate income tax expenses": "N/A",
        "Deferred income taxes expenses": -56,
        "The interests of minority shareholders": "N/A",
        "Total Cost of profits": -56,
        "Profit after tax corporate income": -4879,
        "Volume": 10300000,
        "Close of Quarter": 17.9,
        "EPS": -1500,
        "Non-adjusted EPS": -1500,
        "PE": -11.9,
        "Book Price": 16.7
      }
    },
    {
      "quarter": "Q1 2011",
      "income status": {
        "Net sales": 78821,
        "Cost of goods sold": 79588,
        "Gross Profit": -767,
        "Financial expenses": 2200,
        "Of which: Interest expense": "N/A",
        "Cost of sales": "N/A",
        "Enterprise cost management": 4262,
        "Total Operating Expenses": 6462,
        "Total revenue financing activities": 771,
        "Net profit from business activities": -6458,
        "Profit": -211,
        "Profit before tax": -6669,
        "Present corporate income tax expenses": "N/A",
        "Deferred income taxes expenses": -56,
        "The interests of minority shareholders": "N/A",
        "Total Cost of profits": -56,
        "Profit after tax corporate income": -6613,
        "Volume": 10300000,
        "Close of Quarter": 26,
        "EPS": -762,
        "Non-adjusted EPS": -762,
        "PE": -34.1,
        "Book Price": "N/A"
      }
    },
    {
      "quarter": "Q4 2010",
      "income status": {
        "Net sales": 32547,
        "Cost of goods sold": 30990,
        "Gross Profit": 1557,
        "Financial expenses": 317,
        "Of which: Interest expense": 512,
        "Cost of sales": "N/A",
        "Enterprise cost management": 3972,
        "Total Operating Expenses": 4289,
        "Total revenue financing activities": 3236,
        "Net profit from business activities": 504,
        "Profit": -5267,
        "Profit before tax": -4763,
        "Present corporate income tax expenses": 290,
        "Deferred income taxes expenses": -56,
        "The interests of minority shareholders": "N/A",
        "Total Cost of profits": 234,
        "Profit after tax corporate income": -4997,
        "Volume": 10300000,
        "Close of Quarter": 29,
        "EPS": 283,
        "Non-adjusted EPS": 283,
        "PE": 102.5,
        "Book Price": 19.7
      }
    },
    {
      "quarter": "Q3 2010",
      "income status": {
        "Net sales": 98652,
        "Cost of goods sold": 93387,
        "Gross Profit": 5265,
        "Financial expenses": 2879,
        "Of which: Interest expense": 267,
        "Cost of sales": "N/A",
        "Enterprise cost management": 3938,
        "Total Operating Expenses": 6817,
        "Total revenue financing activities": 2543,
        "Net profit from business activities": 993,
        "Profit": 365,
        "Profit before tax": 1358,
        "Present corporate income tax expenses": 377,
        "Deferred income taxes expenses": -56,
        "The interests of minority shareholders": "N/A",
        "Total Cost of profits": 321,
        "Profit after tax corporate income": 1037,
        "Volume": 10300000,
        "Close of Quarter": 27.2,
        "EPS": 1034,
        "Non-adjusted EPS": 1034,
        "PE": 26.3,
        "Book Price": 20.2
      }
    },
    {
      "quarter": "Q2 2010",
      "income status": {
        "Net sales": 93522,
        "Cost of goods sold": 86736,
        "Gross Profit": 6786,
        "Financial expenses": 2051,
        "Of which: Interest expense": 423,
        "Cost of sales": "N/A",
        "Enterprise cost management": 3503,
        "Total Operating Expenses": 5554,
        "Total revenue financing activities": 2482,
        "Net profit from business activities": 3714,
        "Profit": -109,
        "Profit before tax": 3605,
        "Present corporate income tax expenses": 937,
        "Deferred income taxes expenses": -56,
        "The interests of minority shareholders": "N/A",
        "Total Cost of profits": 881,
        "Profit after tax corporate income": 2724,
        "Volume": 10300000,
        "Close of Quarter": 26,
        "EPS": 1390,
        "Non-adjusted EPS": 1390,
        "PE": 18.7,
        "Book Price": 20.4
      }
    },
    {
      "quarter": "Q1 2010",
      "income status": {
        "Net sales": 89655,
        "Cost of goods sold": 83071,
        "Gross Profit": 6584,
        "Financial expenses": 605,
        "Of which: Interest expense": 245,
        "Cost of sales": "N/A",
        "Enterprise cost management": 3385,
        "Total Operating Expenses": 3990,
        "Total revenue financing activities": 2853,
        "Net profit from business activities": 5447,
        "Profit": 12,
        "Profit before tax": 5459,
        "Present corporate income tax expenses": 1364,
        "Deferred income taxes expenses": -56,
        "The interests of minority shareholders": "N/A",
        "Total Cost of profits": 1308,
        "Profit after tax corporate income": 4151,
        "Volume": 9900000,
        "Close of Quarter": 26.7,
        "EPS": 1887.7,
        "Non-adjusted EPS": 1964,
        "PE": 13.6,
        "Book Price": 19.8
      }
    },
    {
      "quarter": "Q4 2009",
      "income status": {
        "Net sales": 100729,
        "Cost of goods sold": 92865,
        "Gross Profit": 7864,
        "Financial expenses": 2181,
        "Of which: Interest expense": "N/A",
        "Cost of sales": "N/A",
        "Enterprise cost management": 3981,
        "Total Operating Expenses": 6162,
        "Total revenue financing activities": 2682,
        "Net profit from business activities": 4384,
        "Profit": -286,
        "Profit before tax": 4098,
        "Present corporate income tax expenses": 1589,
        "Deferred income taxes expenses": -226,
        "The interests of minority shareholders": "N/A",
        "Total Cost of profits": 1363,
        "Profit after tax corporate income": 2735,
        "Volume": 9900000,
        "Close of Quarter": 25.3,
        "EPS": 1877.2,
        "Non-adjusted EPS": 1953,
        "PE": 12.9,
        "Book Price": 19.5
      }
    },
    {
      "quarter": "Q3 2009",
      "income status": {
        "Net sales": 98672,
        "Cost of goods sold": 94392,
        "Gross Profit": 4280,
        "Financial expenses": -1956,
        "Of which: Interest expense": 275,
        "Cost of sales": "N/A",
        "Enterprise cost management": 3304,
        "Total Operating Expenses": 1348,
        "Total revenue financing activities": 3051,
        "Net profit from business activities": 5982,
        "Profit": 88,
        "Profit before tax": 6070,
        "Present corporate income tax expenses": 1365,
        "Deferred income taxes expenses": "N/A",
        "The interests of minority shareholders": "N/A",
        "Total Cost of profits": 1365,
        "Profit after tax corporate income": 4705,
        "Volume": 9900000,
        "Close of Quarter": 27.1,
        "EPS": 1605.2,
        "Non-adjusted EPS": 1670,
        "PE": 16.2,
        "Book Price": 19.5
      }
    },
    {
      "quarter": "Q2 2009",
      "income status": {
        "Net sales": 115748,
        "Cost of goods sold": 110172,
        "Gross Profit": 5576,
        "Financial expenses": -5838,
        "Of which: Interest expense": 178,
        "Cost of sales": "N/A",
        "Enterprise cost management": 3125,
        "Total Operating Expenses": -2713,
        "Total revenue financing activities": 2114,
        "Net profit from business activities": 10403,
        "Profit": 3,
        "Profit before tax": 10406,
        "Present corporate income tax expenses": 2557,
        "Deferred income taxes expenses": "N/A",
        "The interests of minority shareholders": "N/A",
        "Total Cost of profits": 2557,
        "Profit after tax corporate income": 7849,
        "Volume": 9900000,
        "Close of Quarter": 17.3,
        "EPS": 1297.6,
        "Non-adjusted EPS": 1350,
        "PE": 12.8,
        "Book Price": 19.8
      }
    },
    {
      "quarter": "Q1 2009",
      "income status": {
        "Net sales": 89068,
        "Cost of goods sold": 81155,
        "Gross Profit": 7912,
        "Financial expenses": 157,
        "Of which: Interest expense": 63,
        "Cost of sales": "N/A",
        "Enterprise cost management": 3400,
        "Total Operating Expenses": 3557,
        "Total revenue financing activities": 1163,
        "Net profit from business activities": 5518,
        "Profit": -88,
        "Profit before tax": 5430,
        "Present corporate income tax expenses": 1385,
        "Deferred income taxes expenses": "N/A",
        "The interests of minority shareholders": "N/A",
        "Total Cost of profits": 1385,
        "Profit after tax corporate income": 4044,
        "Volume": 9900000,
        "Close of Quarter": 8.4,
        "EPS": 968.9,
        "Non-adjusted EPS": 1008,
        "PE": 8.4,
        "Book Price": 19.0
      }
    },
    {
      "quarter": "Q4 2008",
      "income status": {
        "Net sales": 188899,
        "Cost of goods sold": 175890,
        "Gross Profit": 13009,
        "Financial expenses": 13163,
        "Of which: Interest expense": 862,
        "Cost of sales": "N/A",
        "Enterprise cost management": 3110,
        "Total Operating Expenses": 16273,
        "Total revenue financing activities": 3817,
        "Net profit from business activities": 553,
        "Profit": -376,
        "Profit before tax": 177,
        "Present corporate income tax expenses": 237,
        "Deferred income taxes expenses": "N/A",
        "The interests of minority shareholders": "N/A",
        "Total Cost of profits": 237,
        "Profit after tax corporate income": -61,
        "Volume": 9900000,
        "Close of Quarter": 8.9,
        "EPS": 1074.6,
        "Non-adjusted EPS": 1118,
        "PE": 8.0,
        "Book Price": 18.7
      }
    },
    {
      "quarter": "Q3 2008",
      "income status": {
        "Net sales": 112958,
        "Cost of goods sold": 106353,
        "Gross Profit": 6605,
        "Financial expenses": 7414,
        "Of which: Interest expense": "N/A",
        "Cost of sales": "N/A",
        "Enterprise cost management": 3674,
        "Total Operating Expenses": 11088,
        "Total revenue financing activities": 6500,
        "Net profit from business activities": 2016,
        "Profit": 34,
        "Profit before tax": 2050,
        "Present corporate income tax expenses": 517,
        "Deferred income taxes expenses": "N/A",
        "The interests of minority shareholders": "N/A",
        "Total Cost of profits": 517,
        "Profit after tax corporate income": 1533,
        "Volume": 9900000,
        "Close of Quarter": 12.0,
        "EPS": 2054.0,
        "Non-adjusted EPS": 2137,
        "PE": 5.6,
        "Book Price": 19.7
      }
    },
    {
      "quarter": "Q2 2008",
      "income status": {
        "Net sales": 91948,
        "Cost of goods sold": 79347,
        "Gross Profit": 12600,
        "Financial expenses": 3087,
        "Of which: Interest expense": "N/A",
        "Cost of sales": "N/A",
        "Enterprise cost management": 5197,
        "Total Operating Expenses": 8284,
        "Total revenue financing activities": 2880,
        "Net profit from business activities": 7196,
        "Profit": "N/A",
        "Profit before tax": 7196,
        "Present corporate income tax expenses": 2732,
        "Deferred income taxes expenses": "N/A",
        "The interests of minority shareholders": "N/A",
        "Total Cost of profits": 2732,
        "Profit after tax corporate income": 4463,
        "Volume": 10100000,
        "Close of Quarter": 10.9,
        "EPS": 2246.5,
        "Non-adjusted EPS": 2291,
        "PE": 4.7,
        "Book Price": 20
      }
    },
    {
      "quarter": "Q1 2008",
      "income status": {
        "Net sales": 79136,
        "Cost of goods sold": 72352,
        "Gross Profit": 6784,
        "Financial expenses": 439,
        "Of which: Interest expense": 439,
        "Cost of sales": "N/A",
        "Enterprise cost management": 3251,
        "Total Operating Expenses": 3690,
        "Total revenue financing activities": 4002,
        "Net profit from business activities": 7096,
        "Profit": "N/A",
        "Profit before tax": 7097,
        "Present corporate income tax expenses": 1959,
        "Deferred income taxes expenses": "N/A",
        "The interests of minority shareholders": "N/A",
        "Total Cost of profits": 1959,
        "Profit after tax corporate income": 5137,
        "Volume": 10300000,
        "Close of Quarter": 22.4,
        "EPS": 2129,
        "Non-adjusted EPS": 2129,
        "PE": 10.5,
        "Book Price": 20.5
      }
    },
    {
      "quarter": "Q4 2007",
      "income status": {
        "Net sales": 155464,
        "Cost of goods sold": 142917,
        "Gross Profit": 12547,
        "Financial expenses": 556,
        "Of which: Interest expense": "N/A",
        "Cost of sales": "N/A",
        "Enterprise cost management": 3736,
        "Total Operating Expenses": 4292,
        "Total revenue financing activities": 5633,
        "Net profit from business activities": 13888,
        "Profit": 8,
        "Profit before tax": 13895,
        "Present corporate income tax expenses": 3870,
        "Deferred income taxes expenses": "N/A",
        "The interests of minority shareholders": "N/A",
        "Total Cost of profits": 3870,
        "Profit after tax corporate income": 10026,
        "Volume": 10300000,
        "Close of Quarter": 49.7,
        "EPS": 1895,
        "Non-adjusted EPS": 1895,
        "PE": 26.2,
        "Book Price": 20.6
      }
    },
    {
      "quarter": "Q3 2007",
      "income status": {
        "Net sales": 106422,
        "Cost of goods sold": 100004,
        "Gross Profit": 6419,
        "Financial expenses": 654,
        "Of which: Interest expense": 654,
        "Cost of sales": "N/A",
        "Enterprise cost management": 2558,
        "Total Operating Expenses": 3212,
        "Total revenue financing activities": 1668,
        "Net profit from business activities": 4874,
        "Profit": 1,
        "Profit before tax": 4875,
        "Present corporate income tax expenses": 1365,
        "Deferred income taxes expenses": "N/A",
        "The interests of minority shareholders": "N/A",
        "Total Cost of profits": 1365,
        "Profit after tax corporate income": 3510,
        "Volume": 10300000,
        "Close of Quarter": "N/A",
        "EPS": 921,
        "Non-adjusted EPS": 921,
        "PE": "N/A",
        "Book Price": 5.6
      }
    },
    {
      "quarter": "Q2 2007",
      "income status": {
        "Net sales": 59320,
        "Cost of goods sold": 53821,
        "Gross Profit": 5500,
        "Financial expenses": 551,
        "Of which: Interest expense": 551,
        "Cost of sales": "N/A",
        "Enterprise cost management": 2324,
        "Total Operating Expenses": 2875,
        "Total revenue financing activities": 1616,
        "Net profit from business activities": 4240,
        "Profit": 279,
        "Profit before tax": 4519,
        "Present corporate income tax expenses": 1265,
        "Deferred income taxes expenses": "N/A",
        "The interests of minority shareholders": "N/A",
        "Total Cost of profits": 1265,
        "Profit after tax corporate income": 3254,
        "Volume": 10300000,
        "Close of Quarter": "N/A",
        "EPS": 580,
        "Non-adjusted EPS": 580,
        "PE": "N/A",
        "Book Price": 5.4
      }
    },
    {
      "quarter": "Q1 2007",
      "income status": {
        "Net sales": 54236,
        "Cost of goods sold": 50448,
        "Gross Profit": 3789,
        "Financial expenses": 709,
        "Of which: Interest expense": 709,
        "Cost of sales": "N/A",
        "Enterprise cost management": 2151,
        "Total Operating Expenses": 2860,
        "Total revenue financing activities": 2831,
        "Net profit from business activities": 3760,
        "Profit": 23,
        "Profit before tax": 3783,
        "Present corporate income tax expenses": 1059,
        "Deferred income taxes expenses": "N/A",
        "The interests of minority shareholders": "N/A",
        "Total Cost of profits": 1059,
        "Profit after tax corporate income": 2724,
        "Volume": 10300000,
        "Close of Quarter": "N/A",
        "EPS": 264,
        "Non-adjusted EPS": 264,
        "PE": "N/A",
        "Book Price": 5.1
      }
    }
  ]
}