{
  "ticker": "NAV",
  "data": [
    {
      "quarter": "Q1 2017",
      "income status": {
        "Net sales": 28858,
        "Cost of goods sold": 26057,
        "Gross Profit": 2801,
        "Financial expenses": 296,
        "Of which: Interest expense": 296,
        "Cost of sales": 1397,
        "Enterprise cost management": 3379,
        "Total Operating Expenses": 5072,
        "Total revenue financing activities": 75,
        "Net profit from business activities": -2197,
        "Profit": 33,
        "Profit before tax": -2164,
        "Present corporate income tax expenses": "N/A",
        "Deferred income taxes expenses": "N/A",
        "The interests of minority shareholders": "N/A",
        "Total Cost of profits": 0,
        "Profit after tax corporate income": -2164,
        "Volume": 8000000,
        "Close of Quarter": 8.7,
        "EPS": -1075,
        "Non-adjusted EPS": -1075,
        "PE": -8.1,
        "Book Price": 9.8
      }
    },
    {
      "quarter": "Q4 2016",
      "income status": {
        "Net sales": 11671,
        "Cost of goods sold": 15425,
        "Gross Profit": -3754,
        "Financial expenses": 188,
        "Of which: Interest expense": 473,
        "Cost of sales": 1805,
        "Enterprise cost management": 1268,
        "Total Operating Expenses": 3261,
        "Total revenue financing activities": 3499,
        "Net profit from business activities": -3516,
        "Profit": -53,
        "Profit before tax": -3569,
        "Present corporate income tax expenses": "N/A",
        "Deferred income taxes expenses": "N/A",
        "The interests of minority shareholders": "N/A",
        "Total Cost of profits": 0,
        "Profit after tax corporate income": -3569,
        "Volume": 8000000,
        "Close of Quarter": 6.2,
        "EPS": -960,
        "Non-adjusted EPS": -960,
        "PE": -6.5,
        "Book Price": 10.5
      }
    },
    {
      "quarter": "Q3 2016",
      "income status": {
        "Net sales": 24011,
        "Cost of goods sold": 22001,
        "Gross Profit": 2011,
        "Financial expenses": 568,
        "Of which: Interest expense": 555,
        "Cost of sales": 953,
        "Enterprise cost management": 2785,
        "Total Operating Expenses": 4306,
        "Total revenue financing activities": 11,
        "Net profit from business activities": -2284,
        "Profit": 136,
        "Profit before tax": -2148,
        "Present corporate income tax expenses": "N/A",
        "Deferred income taxes expenses": "N/A",
        "The interests of minority shareholders": "N/A",
        "Total Cost of profits": 0,
        "Profit after tax corporate income": -2148,
        "Volume": 8000000,
        "Close of Quarter": 10.1,
        "EPS": -387,
        "Non-adjusted EPS": -387,
        "PE": -26.0,
        "Book Price": 11.1
      }
    },
    {
      "quarter": "Q2 2016",
      "income status": {
        "Net sales": 33190,
        "Cost of goods sold": 30258,
        "Gross Profit": 2932,
        "Financial expenses": 783,
        "Of which: Interest expense": 736,
        "Cost of sales": 2809,
        "Enterprise cost management": 2376,
        "Total Operating Expenses": 5968,
        "Total revenue financing activities": 968,
        "Net profit from business activities": -2068,
        "Profit": 1346,
        "Profit before tax": -722,
        "Present corporate income tax expenses": "N/A",
        "Deferred income taxes expenses": "N/A",
        "The interests of minority shareholders": "N/A",
        "Total Cost of profits": 0,
        "Profit after tax corporate income": -722,
        "Volume": 8000000,
        "Close of Quarter": 8.7,
        "EPS": -65,
        "Non-adjusted EPS": -65,
        "PE": -133.9,
        "Book Price": 11.3
      }
    },
    {
      "quarter": "Q1 2016",
      "income status": {
        "Net sales": 23756,
        "Cost of goods sold": 20942,
        "Gross Profit": 2814,
        "Financial expenses": 740,
        "Of which: Interest expense": 727,
        "Cost of sales": 980,
        "Enterprise cost management": 2364,
        "Total Operating Expenses": 4084,
        "Total revenue financing activities": 43,
        "Net profit from business activities": -1226,
        "Profit": -13,
        "Profit before tax": -1239,
        "Present corporate income tax expenses": "N/A",
        "Deferred income taxes expenses": "N/A",
        "The interests of minority shareholders": "N/A",
        "Total Cost of profits": 0,
        "Profit after tax corporate income": -1239,
        "Volume": 8000000,
        "Close of Quarter": 8.8,
        "EPS": 501,
        "Non-adjusted EPS": 501,
        "PE": 17.6,
        "Book Price": 11.4
      }
    },
    {
      "quarter": "Q4 2015",
      "income status": {
        "Net sales": 43167,
        "Cost of goods sold": 37940,
        "Gross Profit": 5226,
        "Financial expenses": 1194,
        "Of which: Interest expense": "N/A",
        "Cost of sales": 2391,
        "Enterprise cost management": 4023,
        "Total Operating Expenses": 7608,
        "Total revenue financing activities": 2933,
        "Net profit from business activities": 552,
        "Profit": 37,
        "Profit before tax": 589,
        "Present corporate income tax expenses": -426,
        "Deferred income taxes expenses": "N/A",
        "The interests of minority shareholders": "N/A",
        "Total Cost of profits": -426,
        "Profit after tax corporate income": 1015,
        "Volume": 8000000,
        "Close of Quarter": 9.0,
        "EPS": 796,
        "Non-adjusted EPS": 796,
        "PE": 11.3,
        "Book Price": 12.5
      }
    },
    {
      "quarter": "Q3 2015",
      "income status": {
        "Net sales": 41543,
        "Cost of goods sold": 35371,
        "Gross Profit": 6172,
        "Financial expenses": 906,
        "Of which: Interest expense": 758,
        "Cost of sales": 2352,
        "Enterprise cost management": 3056,
        "Total Operating Expenses": 6314,
        "Total revenue financing activities": 269,
        "Net profit from business activities": 128,
        "Profit": 421,
        "Profit before tax": 549,
        "Present corporate income tax expenses": 121,
        "Deferred income taxes expenses": "N/A",
        "The interests of minority shareholders": "N/A",
        "Total Cost of profits": 121,
        "Profit after tax corporate income": 428,
        "Volume": 8000000,
        "Close of Quarter": 7.8,
        "EPS": 904,
        "Non-adjusted EPS": 904,
        "PE": 8.6,
        "Book Price": 12.4
      }
    },
    {
      "quarter": "Q2 2015",
      "income status": {
        "Net sales": 57060,
        "Cost of goods sold": 46868,
        "Gross Profit": 10192,
        "Financial expenses": 1458,
        "Of which: Interest expense": 853,
        "Cost of sales": 2626,
        "Enterprise cost management": 1668,
        "Total Operating Expenses": 5752,
        "Total revenue financing activities": 78,
        "Net profit from business activities": 4519,
        "Profit": 368,
        "Profit before tax": 4887,
        "Present corporate income tax expenses": 1083,
        "Deferred income taxes expenses": "N/A",
        "The interests of minority shareholders": "N/A",
        "Total Cost of profits": 1083,
        "Profit after tax corporate income": 3804,
        "Volume": 8000000,
        "Close of Quarter": 6.5,
        "EPS": 1013,
        "Non-adjusted EPS": 1013,
        "PE": 6.4,
        "Book Price": 12.3
      }
    },
    {
      "quarter": "Q1 2015",
      "income status": {
        "Net sales": 36492,
        "Cost of goods sold": 31498,
        "Gross Profit": 4994,
        "Financial expenses": 659,
        "Of which: Interest expense": 642,
        "Cost of sales": 1347,
        "Enterprise cost management": 2953,
        "Total Operating Expenses": 4959,
        "Total revenue financing activities": 1123,
        "Net profit from business activities": 1158,
        "Profit": -13,
        "Profit before tax": 1144,
        "Present corporate income tax expenses": 24,
        "Deferred income taxes expenses": "N/A",
        "The interests of minority shareholders": "N/A",
        "Total Cost of profits": 24,
        "Profit after tax corporate income": 1120,
        "Volume": 8000000,
        "Close of Quarter": 6.3,
        "EPS": 926,
        "Non-adjusted EPS": 926,
        "PE": 6.9,
        "Book Price": 11.9
      }
    },
    {
      "quarter": "Q4 2014",
      "income status": {
        "Net sales": 61980,
        "Cost of goods sold": 51382,
        "Gross Profit": 10598,
        "Financial expenses": 1029,
        "Of which: Interest expense": 728,
        "Cost of sales": 3253,
        "Enterprise cost management": 5332,
        "Total Operating Expenses": 9614,
        "Total revenue financing activities": 1116,
        "Net profit from business activities": 2100,
        "Profit": 19,
        "Profit before tax": 2120,
        "Present corporate income tax expenses": 239,
        "Deferred income taxes expenses": "N/A",
        "The interests of minority shareholders": "N/A",
        "Total Cost of profits": 239,
        "Profit after tax corporate income": 1881,
        "Volume": 8000000,
        "Close of Quarter": 5.8,
        "EPS": 964,
        "Non-adjusted EPS": 964,
        "PE": 6.0,
        "Book Price": 12.3
      }
    },
    {
      "quarter": "Q3 2014",
      "income status": {
        "Net sales": 47301,
        "Cost of goods sold": 38383,
        "Gross Profit": 8918,
        "Financial expenses": 828,
        "Of which: Interest expense": 701,
        "Cost of sales": 1945,
        "Enterprise cost management": 4501,
        "Total Operating Expenses": 7274,
        "Total revenue financing activities": 21,
        "Net profit from business activities": 1666,
        "Profit": "N/A",
        "Profit before tax": 1666,
        "Present corporate income tax expenses": 366,
        "Deferred income taxes expenses": "N/A",
        "The interests of minority shareholders": "N/A",
        "Total Cost of profits": 366,
        "Profit after tax corporate income": 1299,
        "Volume": 8000000,
        "Close of Quarter": 6.2,
        "EPS": 600,
        "Non-adjusted EPS": 600,
        "PE": 10.3,
        "Book Price": 12.1
      }
    },
    {
      "quarter": "Q2 2014",
      "income status": {
        "Net sales": 54367,
        "Cost of goods sold": 43984,
        "Gross Profit": 10383,
        "Financial expenses": 1003,
        "Of which: Interest expense": 911,
        "Cost of sales": 2618,
        "Enterprise cost management": 4140,
        "Total Operating Expenses": 7761,
        "Total revenue financing activities": 1051,
        "Net profit from business activities": 3672,
        "Profit": 21,
        "Profit before tax": 3694,
        "Present corporate income tax expenses": 585,
        "Deferred income taxes expenses": "N/A",
        "The interests of minority shareholders": "N/A",
        "Total Cost of profits": 585,
        "Profit after tax corporate income": 3109,
        "Volume": 8000000,
        "Close of Quarter": 5.2,
        "EPS": 662,
        "Non-adjusted EPS": 662,
        "PE": 7.9,
        "Book Price": 12
      }
    },
    {
      "quarter": "Q1 2014",
      "income status": {
        "Net sales": 44932,
        "Cost of goods sold": 37513,
        "Gross Profit": 7419,
        "Financial expenses": 1011,
        "Of which: Interest expense": 968,
        "Cost of sales": 1787,
        "Enterprise cost management": 2865,
        "Total Operating Expenses": 5663,
        "Total revenue financing activities": 48,
        "Net profit from business activities": 1804,
        "Profit": 25,
        "Profit before tax": 1829,
        "Present corporate income tax expenses": 402,
        "Deferred income taxes expenses": "N/A",
        "The interests of minority shareholders": "N/A",
        "Total Cost of profits": 402,
        "Profit after tax corporate income": 1426,
        "Volume": 8000000,
        "Close of Quarter": 5.7,
        "EPS": 505,
        "Non-adjusted EPS": 505,
        "PE": 11.3,
        "Book Price": 12.3
      }
    },
    {
      "quarter": "Q4 2013",
      "income status": {
        "Net sales": 39574,
        "Cost of goods sold": 34812,
        "Gross Profit": 4762,
        "Financial expenses": 1108,
        "Of which: Interest expense": 1068,
        "Cost of sales": 1011,
        "Enterprise cost management": 5486,
        "Total Operating Expenses": 7605,
        "Total revenue financing activities": 1099,
        "Net profit from business activities": -1744,
        "Profit": 22,
        "Profit before tax": -1722,
        "Present corporate income tax expenses": -689,
        "Deferred income taxes expenses": "N/A",
        "The interests of minority shareholders": "N/A",
        "Total Cost of profits": -689,
        "Profit after tax corporate income": -1033,
        "Volume": 8000000,
        "Close of Quarter": 5.2,
        "EPS": 475,
        "Non-adjusted EPS": 475,
        "PE": 11.0,
        "Book Price": 12
      }
    },
    {
      "quarter": "Q3 2013",
      "income status": {
        "Net sales": 51177,
        "Cost of goods sold": 43884,
        "Gross Profit": 7294,
        "Financial expenses": 1313,
        "Of which: Interest expense": 1192,
        "Cost of sales": 1274,
        "Enterprise cost management": 2367,
        "Total Operating Expenses": 4954,
        "Total revenue financing activities": 56,
        "Net profit from business activities": 2396,
        "Profit": "N/A",
        "Profit before tax": 2396,
        "Present corporate income tax expenses": 599,
        "Deferred income taxes expenses": "N/A",
        "The interests of minority shareholders": "N/A",
        "Total Cost of profits": 599,
        "Profit after tax corporate income": 1797,
        "Volume": 8000000,
        "Close of Quarter": 4.5,
        "EPS": 270,
        "Non-adjusted EPS": 270,
        "PE": 16.5,
        "Book Price": 12.2
      }
    },
    {
      "quarter": "Q2 2013",
      "income status": {
        "Net sales": 53321,
        "Cost of goods sold": 44878,
        "Gross Profit": 8443,
        "Financial expenses": 1424,
        "Of which: Interest expense": 1317,
        "Cost of sales": 2381,
        "Enterprise cost management": 2222,
        "Total Operating Expenses": 6027,
        "Total revenue financing activities": 22,
        "Net profit from business activities": 2437,
        "Profit": 30,
        "Profit before tax": 2466,
        "Present corporate income tax expenses": 617,
        "Deferred income taxes expenses": "N/A",
        "The interests of minority shareholders": "N/A",
        "Total Cost of profits": 617,
        "Profit after tax corporate income": 1850,
        "Volume": 8000000,
        "Close of Quarter": 5.1,
        "EPS": 325,
        "Non-adjusted EPS": 325,
        "PE": 15.6,
        "Book Price": 12.1
      }
    },
    {
      "quarter": "Q1 2013",
      "income status": {
        "Net sales": 42865,
        "Cost of goods sold": 36803,
        "Gross Profit": 6062,
        "Financial expenses": 1357,
        "Of which: Interest expense": 1311,
        "Cost of sales": 1775,
        "Enterprise cost management": 1717,
        "Total Operating Expenses": 4849,
        "Total revenue financing activities": 57,
        "Net profit from business activities": 1271,
        "Profit": 307,
        "Profit before tax": 1577,
        "Present corporate income tax expenses": 394,
        "Deferred income taxes expenses": "N/A",
        "The interests of minority shareholders": "N/A",
        "Total Cost of profits": 394,
        "Profit after tax corporate income": 1183,
        "Volume": 8000000,
        "Close of Quarter": 4.9,
        "EPS": 483,
        "Non-adjusted EPS": 483,
        "PE": 10.2,
        "Book Price": 11.9
      }
    },
    {
      "quarter": "Q4 2012",
      "income status": {
        "Net sales": 39677,
        "Cost of goods sold": 37896,
        "Gross Profit": 1781,
        "Financial expenses": 1168,
        "Of which: Interest expense": 1148,
        "Cost of sales": 1646,
        "Enterprise cost management": 4424,
        "Total Operating Expenses": 7238,
        "Total revenue financing activities": 1431,
        "Net profit from business activities": -4026,
        "Profit": 2,
        "Profit before tax": -4023,
        "Present corporate income tax expenses": -1351,
        "Deferred income taxes expenses": "N/A",
        "The interests of minority shareholders": "N/A",
        "Total Cost of profits": -1351,
        "Profit after tax corporate income": -2673,
        "Volume": 8000000,
        "Close of Quarter": 4.8,
        "EPS": 708,
        "Non-adjusted EPS": 708,
        "PE": 6.7,
        "Book Price": 11.9
      }
    },
    {
      "quarter": "Q3 2012",
      "income status": {
        "Net sales": 46100,
        "Cost of goods sold": 37508,
        "Gross Profit": 8592,
        "Financial expenses": 954,
        "Of which: Interest expense": 913,
        "Cost of sales": 2309,
        "Enterprise cost management": 2492,
        "Total Operating Expenses": 5755,
        "Total revenue financing activities": 43,
        "Net profit from business activities": 2880,
        "Profit": 105,
        "Profit before tax": 2985,
        "Present corporate income tax expenses": 746,
        "Deferred income taxes expenses": "N/A",
        "The interests of minority shareholders": "N/A",
        "Total Cost of profits": 746,
        "Profit after tax corporate income": 2238,
        "Volume": 8000000,
        "Close of Quarter": 4.3,
        "EPS": 1368,
        "Non-adjusted EPS": 1368,
        "PE": 3.2,
        "Book Price": 13.1
      }
    },
    {
      "quarter": "Q2 2012",
      "income status": {
        "Net sales": 45972,
        "Cost of goods sold": 37559,
        "Gross Profit": 8413,
        "Financial expenses": 868,
        "Of which: Interest expense": 796,
        "Cost of sales": 2004,
        "Enterprise cost management": 2440,
        "Total Operating Expenses": 5312,
        "Total revenue financing activities": 86,
        "Net profit from business activities": 3187,
        "Profit": 967,
        "Profit before tax": 4154,
        "Present corporate income tax expenses": 1039,
        "Deferred income taxes expenses": "N/A",
        "The interests of minority shareholders": "N/A",
        "Total Cost of profits": 1039,
        "Profit after tax corporate income": 3116,
        "Volume": 8000000,
        "Close of Quarter": 4.8,
        "EPS": 1566,
        "Non-adjusted EPS": 1566,
        "PE": 3.0,
        "Book Price": 12.9
      }
    },
    {
      "quarter": "Q1 2012",
      "income status": {
        "Net sales": 39972,
        "Cost of goods sold": 32385,
        "Gross Profit": 7587,
        "Financial expenses": 964,
        "Of which: Interest expense": 885,
        "Cost of sales": 2521,
        "Enterprise cost management": 2434,
        "Total Operating Expenses": 5919,
        "Total revenue financing activities": 1689,
        "Net profit from business activities": 3357,
        "Profit": 163,
        "Profit before tax": 3519,
        "Present corporate income tax expenses": 535,
        "Deferred income taxes expenses": "N/A",
        "The interests of minority shareholders": "N/A",
        "Total Cost of profits": 535,
        "Profit after tax corporate income": 2984,
        "Volume": 8000000,
        "Close of Quarter": 4.8,
        "EPS": 1604,
        "Non-adjusted EPS": 1604,
        "PE": 3.0,
        "Book Price": 12.5
      }
    },
    {
      "quarter": "Q4 2011",
      "income status": {
        "Net sales": 46619,
        "Cost of goods sold": 36834,
        "Gross Profit": 9785,
        "Financial expenses": 1016,
        "Of which: Interest expense": 667,
        "Cost of sales": 2300,
        "Enterprise cost management": 3222,
        "Total Operating Expenses": 6538,
        "Total revenue financing activities": 229,
        "Net profit from business activities": 3477,
        "Profit": 11,
        "Profit before tax": 3488,
        "Present corporate income tax expenses": 882,
        "Deferred income taxes expenses": "N/A",
        "The interests of minority shareholders": "N/A",
        "Total Cost of profits": 882,
        "Profit after tax corporate income": 2606,
        "Volume": 8000000,
        "Close of Quarter": 5.0,
        "EPS": 1495,
        "Non-adjusted EPS": 1495,
        "PE": 3.3,
        "Book Price": 12.1
      }
    },
    {
      "quarter": "Q3 2011",
      "income status": {
        "Net sales": 58075,
        "Cost of goods sold": 44648,
        "Gross Profit": 13427,
        "Financial expenses": 1005,
        "Of which: Interest expense": 706,
        "Cost of sales": 5659,
        "Enterprise cost management": 2326,
        "Total Operating Expenses": 8990,
        "Total revenue financing activities": 707,
        "Net profit from business activities": 5144,
        "Profit": -54,
        "Profit before tax": 5090,
        "Present corporate income tax expenses": 1273,
        "Deferred income taxes expenses": "N/A",
        "The interests of minority shareholders": "N/A",
        "Total Cost of profits": 1273,
        "Profit after tax corporate income": 3818,
        "Volume": 8000000,
        "Close of Quarter": 4.0,
        "EPS": 1716,
        "Non-adjusted EPS": 1716,
        "PE": 2.3,
        "Book Price": 13.1
      }
    },
    {
      "quarter": "Q2 2011",
      "income status": {
        "Net sales": 42208,
        "Cost of goods sold": 33113,
        "Gross Profit": 9096,
        "Financial expenses": 986,
        "Of which: Interest expense": 531,
        "Cost of sales": 1381,
        "Enterprise cost management": 2546,
        "Total Operating Expenses": 4913,
        "Total revenue financing activities": 333,
        "Net profit from business activities": 4515,
        "Profit": 53,
        "Profit before tax": 4568,
        "Present corporate income tax expenses": 1142,
        "Deferred income taxes expenses": "N/A",
        "The interests of minority shareholders": "N/A",
        "Total Cost of profits": 1142,
        "Profit after tax corporate income": 3426,
        "Volume": 8000000,
        "Close of Quarter": 4.2,
        "EPS": 1585,
        "Non-adjusted EPS": 1585,
        "PE": 2.7,
        "Book Price": 12.8
      }
    },
    {
      "quarter": "Q1 2011",
      "income status": {
        "Net sales": 35987,
        "Cost of goods sold": 29399,
        "Gross Profit": 6587,
        "Financial expenses": 1148,
        "Of which: Interest expense": 561,
        "Cost of sales": 1284,
        "Enterprise cost management": 1669,
        "Total Operating Expenses": 4101,
        "Total revenue financing activities": 277,
        "Net profit from business activities": 2764,
        "Profit": 46,
        "Profit before tax": 2809,
        "Present corporate income tax expenses": 702,
        "Deferred income taxes expenses": "N/A",
        "The interests of minority shareholders": "N/A",
        "Total Cost of profits": 702,
        "Profit after tax corporate income": 2107,
        "Volume": 8000000,
        "Close of Quarter": 4.9,
        "EPS": 1518,
        "Non-adjusted EPS": 1518,
        "PE": 3.2,
        "Book Price": 12.2
      }
    },
    {
      "quarter": "Q4 2010",
      "income status": {
        "Net sales": 60863,
        "Cost of goods sold": 51711,
        "Gross Profit": 9152,
        "Financial expenses": 624,
        "Of which: Interest expense": 235,
        "Cost of sales": 2828,
        "Enterprise cost management": 2239,
        "Total Operating Expenses": 5691,
        "Total revenue financing activities": 1609,
        "Net profit from business activities": 5070,
        "Profit": 304,
        "Profit before tax": 5374,
        "Present corporate income tax expenses": 996,
        "Deferred income taxes expenses": "N/A",
        "The interests of minority shareholders": "N/A",
        "Total Cost of profits": 996,
        "Profit after tax corporate income": 4377,
        "Volume": 8000000,
        "Close of Quarter": 6.9,
        "EPS": 1557,
        "Non-adjusted EPS": 1557,
        "PE": 4.4,
        "Book Price": 12
      }
    },
    {
      "quarter": "Q3 2010",
      "income status": {
        "Net sales": 34929,
        "Cost of goods sold": 27927,
        "Gross Profit": 7002,
        "Financial expenses": 753,
        "Of which: Interest expense": 290,
        "Cost of sales": 929,
        "Enterprise cost management": 1975,
        "Total Operating Expenses": 3657,
        "Total revenue financing activities": 318,
        "Net profit from business activities": 3663,
        "Profit": 30,
        "Profit before tax": 3693,
        "Present corporate income tax expenses": 923,
        "Deferred income taxes expenses": "N/A",
        "The interests of minority shareholders": "N/A",
        "Total Cost of profits": 923,
        "Profit after tax corporate income": 2769,
        "Volume": 8000000,
        "Close of Quarter": 7.1,
        "EPS": 1356,
        "Non-adjusted EPS": 1356,
        "PE": 5.2,
        "Book Price": 12.9
      }
    },
    {
      "quarter": "Q2 2010",
      "income status": {
        "Net sales": 41475,
        "Cost of goods sold": 32814,
        "Gross Profit": 8661,
        "Financial expenses": 668,
        "Of which: Interest expense": 768,
        "Cost of sales": 1378,
        "Enterprise cost management": 3673,
        "Total Operating Expenses": 5719,
        "Total revenue financing activities": 422,
        "Net profit from business activities": 3364,
        "Profit": -56,
        "Profit before tax": 3308,
        "Present corporate income tax expenses": 415,
        "Deferred income taxes expenses": "N/A",
        "The interests of minority shareholders": "N/A",
        "Total Cost of profits": 415,
        "Profit after tax corporate income": 2893,
        "Volume": 8000000,
        "Close of Quarter": 8.5,
        "EPS": 1478,
        "Non-adjusted EPS": 1478,
        "PE": 5.7,
        "Book Price": 12.5
      }
    },
    {
      "quarter": "Q1 2010",
      "income status": {
        "Net sales": 28108,
        "Cost of goods sold": 23262,
        "Gross Profit": 4846,
        "Financial expenses": 956,
        "Of which: Interest expense": 432,
        "Cost of sales": 425,
        "Enterprise cost management": 1229,
        "Total Operating Expenses": 2610,
        "Total revenue financing activities": 407,
        "Net profit from business activities": 2642,
        "Profit": 59,
        "Profit before tax": 2701,
        "Present corporate income tax expenses": 281,
        "Deferred income taxes expenses": "N/A",
        "The interests of minority shareholders": "N/A",
        "Total Cost of profits": 281,
        "Profit after tax corporate income": 2420,
        "Volume": 8000000,
        "Close of Quarter": 7.1,
        "EPS": 1558,
        "Non-adjusted EPS": 1558,
        "PE": 4.5,
        "Book Price": 12.1
      }
    },
    {
      "quarter": "Q4 2009",
      "income status": {
        "Net sales": 41666,
        "Cost of goods sold": 35069,
        "Gross Profit": 6597,
        "Financial expenses": 1942,
        "Of which: Interest expense": 633,
        "Cost of sales": 1466,
        "Enterprise cost management": 2261,
        "Total Operating Expenses": 5669,
        "Total revenue financing activities": 3193,
        "Net profit from business activities": 4122,
        "Profit": 278,
        "Profit before tax": 4399,
        "Present corporate income tax expenses": 1637,
        "Deferred income taxes expenses": "N/A",
        "The interests of minority shareholders": "N/A",
        "Total Cost of profits": 1637,
        "Profit after tax corporate income": 2763,
        "Volume": 8000000,
        "Close of Quarter": 7.5,
        "EPS": 1545,
        "Non-adjusted EPS": 1545,
        "PE": 4.9,
        "Book Price": 11.8
      }
    },
    {
      "quarter": "Q3 2009",
      "income status": {
        "Net sales": 27803,
        "Cost of goods sold": 22793,
        "Gross Profit": 5009,
        "Financial expenses": 584,
        "Of which: Interest expense": 483,
        "Cost of sales": 1280,
        "Enterprise cost management": 1585,
        "Total Operating Expenses": 3449,
        "Total revenue financing activities": 2021,
        "Net profit from business activities": 3581,
        "Profit": 167,
        "Profit before tax": 3748,
        "Present corporate income tax expenses": "N/A",
        "Deferred income taxes expenses": "N/A",
        "The interests of minority shareholders": "N/A",
        "Total Cost of profits": 0,
        "Profit after tax corporate income": 3748,
        "Volume": 8000000,
        "Close of Quarter": 7.4,
        "EPS": 1540,
        "Non-adjusted EPS": 1540,
        "PE": 4.8,
        "Book Price": 13
      }
    },
    {
      "quarter": "Q2 2009",
      "income status": {
        "Net sales": 40309,
        "Cost of goods sold": 31984,
        "Gross Profit": 8324,
        "Financial expenses": 286,
        "Of which: Interest expense": 286,
        "Cost of sales": 1323,
        "Enterprise cost management": 2181,
        "Total Operating Expenses": 3790,
        "Total revenue financing activities": 178,
        "Net profit from business activities": 4712,
        "Profit": "N/A",
        "Profit before tax": 4712,
        "Present corporate income tax expenses": 1178,
        "Deferred income taxes expenses": "N/A",
        "The interests of minority shareholders": "N/A",
        "Total Cost of profits": 1178,
        "Profit after tax corporate income": 3534,
        "Volume": 8000000,
        "Close of Quarter": 6.0,
        "EPS": 1635,
        "Non-adjusted EPS": 1635,
        "PE": 3.6,
        "Book Price": 12.5
      }
    },
    {
      "quarter": "Q1 2009",
      "income status": {
        "Net sales": 33354,
        "Cost of goods sold": 28148,
        "Gross Profit": 5206,
        "Financial expenses": 752,
        "Of which: Interest expense": 752,
        "Cost of sales": 712,
        "Enterprise cost management": 1454,
        "Total Operating Expenses": 2918,
        "Total revenue financing activities": 26,
        "Net profit from business activities": 2314,
        "Profit": 1,
        "Profit before tax": 2315,
        "Present corporate income tax expenses": "N/A",
        "Deferred income taxes expenses": "N/A",
        "The interests of minority shareholders": "N/A",
        "Total Cost of profits": 0,
        "Profit after tax corporate income": 2315,
        "Volume": 8000000,
        "Close of Quarter": 4.7,
        "EPS": 1660,
        "Non-adjusted EPS": 1660,
        "PE": 2.8,
        "Book Price": 11.9
      }
    },
    {
      "quarter": "Q4 2008",
      "income status": {
        "Net sales": 51835,
        "Cost of goods sold": 43883,
        "Gross Profit": 7952,
        "Financial expenses": 1538,
        "Of which: Interest expense": 1538,
        "Cost of sales": 1568,
        "Enterprise cost management": 3366,
        "Total Operating Expenses": 6472,
        "Total revenue financing activities": 1045,
        "Net profit from business activities": 2526,
        "Profit": 494,
        "Profit before tax": 3019,
        "Present corporate income tax expenses": 301,
        "Deferred income taxes expenses": "N/A",
        "The interests of minority shareholders": "N/A",
        "Total Cost of profits": 301,
        "Profit after tax corporate income": 2719,
        "Volume": 8000000,
        "Close of Quarter": 4.7,
        "EPS": 2121,
        "Non-adjusted EPS": 2121,
        "PE": 2.2,
        "Book Price": 11.7
      }
    },
    {
      "quarter": "Q3 2008",
      "income status": {
        "Net sales": 41738,
        "Cost of goods sold": 33225,
        "Gross Profit": 8513,
        "Financial expenses": 1751,
        "Of which: Interest expense": 1751,
        "Cost of sales": 1104,
        "Enterprise cost management": 2325,
        "Total Operating Expenses": 5180,
        "Total revenue financing activities": 1405,
        "Net profit from business activities": 4737,
        "Profit": 271,
        "Profit before tax": 5008,
        "Present corporate income tax expenses": 501,
        "Deferred income taxes expenses": "N/A",
        "The interests of minority shareholders": "N/A",
        "Total Cost of profits": 501,
        "Profit after tax corporate income": 4508,
        "Volume": 8000000,
        "Close of Quarter": 7.4,
        "EPS": 2468,
        "Non-adjusted EPS": 2468,
        "PE": 3.0,
        "Book Price": 12.9
      }
    },
    {
      "quarter": "Q2 2008",
      "income status": {
        "Net sales": 45896,
        "Cost of goods sold": 38198,
        "Gross Profit": 7699,
        "Financial expenses": 1292,
        "Of which: Interest expense": 1292,
        "Cost of sales": 1964,
        "Enterprise cost management": 2451,
        "Total Operating Expenses": 5707,
        "Total revenue financing activities": 587,
        "Net profit from business activities": 2579,
        "Profit": 1422,
        "Profit before tax": 4001,
        "Present corporate income tax expenses": 266,
        "Deferred income taxes expenses": "N/A",
        "The interests of minority shareholders": "N/A",
        "Total Cost of profits": 266,
        "Profit after tax corporate income": 3735,
        "Volume": 8000000,
        "Close of Quarter": 7.0,
        "EPS": 2383,
        "Non-adjusted EPS": 2383,
        "PE": 3.0,
        "Book Price": 12.4
      }
    },
    {
      "quarter": "Q1 2008",
      "income status": {
        "Net sales": 37444,
        "Cost of goods sold": 29278,
        "Gross Profit": 8166,
        "Financial expenses": 978,
        "Of which: Interest expense": 978,
        "Cost of sales": 925,
        "Enterprise cost management": 1463,
        "Total Operating Expenses": 3366,
        "Total revenue financing activities": 832,
        "Net profit from business activities": 5633,
        "Profit": 374,
        "Profit before tax": 6006,
        "Present corporate income tax expenses": "N/A",
        "Deferred income taxes expenses": "N/A",
        "The interests of minority shareholders": "N/A",
        "Total Cost of profits": 0,
        "Profit after tax corporate income": 6006,
        "Volume": 8000000,
        "Close of Quarter": 14.0,
        "EPS": 2868,
        "Non-adjusted EPS": 2868,
        "PE": 4.9,
        "Book Price": 11.9
      }
    },
    {
      "quarter": "Q4 2007",
      "income status": {
        "Net sales": 67767,
        "Cost of goods sold": 55883,
        "Gross Profit": 11884,
        "Financial expenses": 1319,
        "Of which: Interest expense": 1319,
        "Cost of sales": 2072,
        "Enterprise cost management": 2248,
        "Total Operating Expenses": 5639,
        "Total revenue financing activities": 24,
        "Net profit from business activities": 6269,
        "Profit": 365,
        "Profit before tax": 6634,
        "Present corporate income tax expenses": 1136,
        "Deferred income taxes expenses": "N/A",
        "The interests of minority shareholders": "N/A",
        "Total Cost of profits": 1136,
        "Profit after tax corporate income": 5498,
        "Volume": 5000000,
        "Close of Quarter": 38.1,
        "EPS": 3245.6,
        "Non-adjusted EPS": 5193,
        "PE": 7.3,
        "Book Price": 11.3
      }
    },
    {
      "quarter": "Q3 2007",
      "income status": {
        "Net sales": 34234,
        "Cost of goods sold": 26663,
        "Gross Profit": 7571,
        "Financial expenses": 647,
        "Of which: Interest expense": "N/A",
        "Cost of sales": 838,
        "Enterprise cost management": 1752,
        "Total Operating Expenses": 3237,
        "Total revenue financing activities": 745,
        "Net profit from business activities": 5080,
        "Profit": "N/A",
        "Profit before tax": 5080,
        "Present corporate income tax expenses": 1255,
        "Deferred income taxes expenses": "N/A",
        "The interests of minority shareholders": "N/A",
        "Total Cost of profits": 1255,
        "Profit after tax corporate income": 3825,
        "Volume": 5000000,
        "Close of Quarter": 32.6,
        "EPS": 3408.1,
        "Non-adjusted EPS": 5453,
        "PE": 6.0,
        "Book Price": 10.6
      }
    },
    {
      "quarter": "Q2 2007",
      "income status": {
        "Net sales": 53865,
        "Cost of goods sold": 42114,
        "Gross Profit": 11751,
        "Financial expenses": 735,
        "Of which: Interest expense": 735,
        "Cost of sales": 649,
        "Enterprise cost management": 2381,
        "Total Operating Expenses": 3765,
        "Total revenue financing activities": 21,
        "Net profit from business activities": 8007,
        "Profit": 2,
        "Profit before tax": 8009,
        "Present corporate income tax expenses": 391,
        "Deferred income taxes expenses": "N/A",
        "The interests of minority shareholders": "N/A",
        "Total Cost of profits": 391,
        "Profit after tax corporate income": 7618,
        "Volume": 2500000,
        "Close of Quarter": 32.3,
        "EPS": 3426.6,
        "Non-adjusted EPS": 10965,
        "PE": 3.0,
        "Book Price": 7.2
      }
    },
    {
      "quarter": "Q1 2007",
      "income status": {
        "Net sales": 56620,
        "Cost of goods sold": 45712,
        "Gross Profit": 10908,
        "Financial expenses": 634,
        "Of which: Interest expense": 634,
        "Cost of sales": 458,
        "Enterprise cost management": 2041,
        "Total Operating Expenses": 3133,
        "Total revenue financing activities": 787,
        "Net profit from business activities": 8561,
        "Profit": 460,
        "Profit before tax": 9022,
        "Present corporate income tax expenses": "N/A",
        "Deferred income taxes expenses": "N/A",
        "The interests of minority shareholders": "N/A",
        "Total Cost of profits": 0,
        "Profit after tax corporate income": 9022,
        "Volume": 2500000,
        "Close of Quarter": 27.3,
        "EPS": 3158.1,
        "Non-adjusted EPS": 10106,
        "PE": 2.7,
        "Book Price": 6.2
      }
    },
    {
      "quarter": "Q4 2006",
      "income status": {
        "Net sales": 50826,
        "Cost of goods sold": 40902,
        "Gross Profit": 9924,
        "Financial expenses": 685,
        "Of which: Interest expense": 685,
        "Cost of sales": 1539,
        "Enterprise cost management": 2529,
        "Total Operating Expenses": 4753,
        "Total revenue financing activities": 2385,
        "Net profit from business activities": 7556,
        "Profit": "N/A",
        "Profit before tax": 7556,
        "Present corporate income tax expenses": 756,
        "Deferred income taxes expenses": "N/A",
        "The interests of minority shareholders": "N/A",
        "Total Cost of profits": 756,
        "Profit after tax corporate income": 6800,
        "Volume": 2500000,
        "Close of Quarter": 16.1,
        "EPS": 2506.3,
        "Non-adjusted EPS": 8020,
        "PE": 2,
        "Book Price": 5.1
      }
    },
    {
      "quarter": "Q3 2006",
      "income status": {
        "Net sales": 44283,
        "Cost of goods sold": 37552,
        "Gross Profit": 6731,
        "Financial expenses": 526,
        "Of which: Interest expense": 526,
        "Cost of sales": 961,
        "Enterprise cost management": 1561,
        "Total Operating Expenses": 3048,
        "Total revenue financing activities": 461,
        "Net profit from business activities": 4146,
        "Profit": -98,
        "Profit before tax": 4047,
        "Present corporate income tax expenses": 75,
        "Deferred income taxes expenses": "N/A",
        "The interests of minority shareholders": "N/A",
        "Total Cost of profits": 75,
        "Profit after tax corporate income": 3973,
        "Volume": 2500000,
        "Close of Quarter": "N/A",
        "EPS": 1656.3,
        "Non-adjusted EPS": 5300,
        "PE": "N/A",
        "Book Price": 4.8
      }
    },
    {
      "quarter": "Q2 2006",
      "income status": {
        "Net sales": 44732,
        "Cost of goods sold": 35298,
        "Gross Profit": 9434,
        "Financial expenses": 570,
        "Of which: Interest expense": 570,
        "Cost of sales": 1000,
        "Enterprise cost management": 2242,
        "Total Operating Expenses": 3812,
        "Total revenue financing activities": 9,
        "Net profit from business activities": 5631,
        "Profit": 12,
        "Profit before tax": 5643,
        "Present corporate income tax expenses": 172,
        "Deferred income taxes expenses": "N/A",
        "The interests of minority shareholders": "N/A",
        "Total Cost of profits": 172,
        "Profit after tax corporate income": 5471,
        "Volume": 2500000,
        "Close of Quarter": "N/A",
        "EPS": 1159.7,
        "Non-adjusted EPS": 3711,
        "PE": "N/A",
        "Book Price": "N/A"
      }
    },
    {
      "quarter": "Q1 2006",
      "income status": {
        "Net sales": 35975,
        "Cost of goods sold": 30251,
        "Gross Profit": 5724,
        "Financial expenses": 399,
        "Of which: Interest expense": "N/A",
        "Cost of sales": 581,
        "Enterprise cost management": 1751,
        "Total Operating Expenses": 2731,
        "Total revenue financing activities": 683,
        "Net profit from business activities": 3676,
        "Profit": 131,
        "Profit before tax": 3807,
        "Present corporate income tax expenses": "N/A",
        "Deferred income taxes expenses": "N/A",
        "The interests of minority shareholders": "N/A",
        "Total Cost of profits": 0,
        "Profit after tax corporate income": 3807,
        "Volume": 2500000,
        "Close of Quarter": "N/A",
        "EPS": 475.9,
        "Non-adjusted EPS": 1523,
        "PE": "N/A",
        "Book Price": "N/A"
      }
    }
  ]
}