{
  "ticker": "PVF",
  "data": [
    {
      "quarter": "Q1 2012",
      "income status": {
        "Net sales": 1686898,
        "Cost of goods sold": 1979601,
        "Gross Profit": -292703,
        "Financial expenses": 50255,
        "Of which: Interest expense": "N/A",
        "Cost of sales": 10143,
        "Enterprise cost management": 161750,
        "Total Operating Expenses": 222148,
        "Total revenue financing activities": 747222,
        "Net profit from business activities": 232371,
        "Profit": -34199,
        "Profit before tax": 198173,
        "Present corporate income tax expenses": -39818,
        "Deferred income taxes expenses": "N/A",
        "The interests of minority shareholders": 2432,
        "Total Cost of profits": -37386,
        "Profit after tax corporate income": 161105,
        "Volume": 600000000,
        "Close of Quarter": 11.3,
        "EPS": 825,
        "Non-adjusted EPS": 825,
        "PE": 13.7,
        "Book Price": 11.6
      }
    },
    {
      "quarter": "Q4 2011",
      "income status": {
        "Net sales": 1508247,
        "Cost of goods sold": 1496198,
        "Gross Profit": 12049,
        "Financial expenses": 100429,
        "Of which: Interest expense": "N/A",
        "Cost of sales": 13578,
        "Enterprise cost management": 407569,
        "Total Operating Expenses": 521576,
        "Total revenue financing activities": 684006,
        "Net profit from business activities": 173926,
        "Profit": 20519,
        "Profit before tax": 153407,
        "Present corporate income tax expenses": 14274,
        "Deferred income taxes expenses": -7717,
        "The interests of minority shareholders": -11768,
        "Total Cost of profits": -5211,
        "Profit after tax corporate income": 158619,
        "Volume": 600000000,
        "Close of Quarter": 6.9,
        "EPS": 784,
        "Non-adjusted EPS": 784,
        "PE": 8.8,
        "Book Price": 11.4
      }
    },
    {
      "quarter": "Q3 2011",
      "income status": {
        "Net sales": 1505652,
        "Cost of goods sold": 1531830,
        "Gross Profit": -26178,
        "Financial expenses": 17986,
        "Of which: Interest expense": "N/A",
        "Cost of sales": 16136,
        "Enterprise cost management": 231682,
        "Total Operating Expenses": 265804,
        "Total revenue financing activities": 510207,
        "Net profit from business activities": 218225,
        "Profit": -156513,
        "Profit before tax": 61712,
        "Present corporate income tax expenses": -3464,
        "Deferred income taxes expenses": "N/A",
        "The interests of minority shareholders": 9692,
        "Total Cost of profits": 6228,
        "Profit after tax corporate income": 50795,
        "Volume": 600000000,
        "Close of Quarter": 12.8,
        "EPS": 944,
        "Non-adjusted EPS": 944,
        "PE": 13.5,
        "Book Price": 11.3
      }
    },
    {
      "quarter": "Q2 2011",
      "income status": {
        "Net sales": 1347334,
        "Cost of goods sold": 1325568,
        "Gross Profit": 21766,
        "Financial expenses": 39452,
        "Of which: Interest expense": "N/A",
        "Cost of sales": 15297,
        "Enterprise cost management": 499872,
        "Total Operating Expenses": 554621,
        "Total revenue financing activities": 478017,
        "Net profit from business activities": 24067,
        "Profit": 11109,
        "Profit before tax": 35176,
        "Present corporate income tax expenses": -15025,
        "Deferred income taxes expenses": "N/A",
        "The interests of minority shareholders": -98444,
        "Total Cost of profits": -113469,
        "Profit after tax corporate income": 124519,
        "Volume": 500000000,
        "Close of Quarter": 17.6,
        "EPS": 908.3,
        "Non-adjusted EPS": 1090,
        "PE": 16.1,
        "Book Price": 11.2
      }
    },
    {
      "quarter": "Q1 2011",
      "income status": {
        "Net sales": 1144912,
        "Cost of goods sold": 1053418,
        "Gross Profit": 91493,
        "Financial expenses": 88801,
        "Of which: Interest expense": "N/A",
        "Cost of sales": 6517,
        "Enterprise cost management": 163323,
        "Total Operating Expenses": 258641,
        "Total revenue financing activities": 401127,
        "Net profit from business activities": 233979,
        "Profit": -64163,
        "Profit before tax": 169817,
        "Present corporate income tax expenses": -41220,
        "Deferred income taxes expenses": "N/A",
        "The interests of minority shareholders": -2505,
        "Total Cost of profits": -43725,
        "Profit after tax corporate income": 136447,
        "Volume": 500000000,
        "Close of Quarter": 19.0,
        "EPS": 1059.2,
        "Non-adjusted EPS": 1271,
        "PE": 14.9,
        "Book Price": 11
      }
    },
    {
      "quarter": "Q4 2010",
      "income status": {
        "Net sales": 1250673,
        "Cost of goods sold": 1081341,
        "Gross Profit": 169332,
        "Financial expenses": 124201,
        "Of which: Interest expense": "N/A",
        "Cost of sales": 38095,
        "Enterprise cost management": 307150,
        "Total Operating Expenses": 469446,
        "Total revenue financing activities": 688829,
        "Net profit from business activities": 388716,
        "Profit": -101961,
        "Profit before tax": 286755,
        "Present corporate income tax expenses": -24109,
        "Deferred income taxes expenses": "N/A",
        "The interests of minority shareholders": 6733,
        "Total Cost of profits": -17376,
        "Profit after tax corporate income": 254745,
        "Volume": 500000000,
        "Close of Quarter": 18.0,
        "EPS": 888.3,
        "Non-adjusted EPS": 1066,
        "PE": 16.9,
        "Book Price": 11.3
      }
    },
    {
      "quarter": "Q3 2010",
      "income status": {
        "Net sales": 1143460,
        "Cost of goods sold": 1025156,
        "Gross Profit": 118304,
        "Financial expenses": 48167,
        "Of which: Interest expense": "N/A",
        "Cost of sales": 4140,
        "Enterprise cost management": 235536,
        "Total Operating Expenses": 287843,
        "Total revenue financing activities": 316869,
        "Net profit from business activities": 147332,
        "Profit": -90955,
        "Profit before tax": 56376,
        "Present corporate income tax expenses": -15839,
        "Deferred income taxes expenses": "N/A",
        "The interests of minority shareholders": 11379,
        "Total Cost of profits": -4460,
        "Profit after tax corporate income": 29158,
        "Volume": 500000000,
        "Close of Quarter": 15.7,
        "EPS": 410.8,
        "Non-adjusted EPS": 493,
        "PE": 31.9,
        "Book Price": 11
      }
    },
    {
      "quarter": "Q2 2010",
      "income status": {
        "Net sales": 876818,
        "Cost of goods sold": 828444,
        "Gross Profit": 48374,
        "Financial expenses": 34543,
        "Of which: Interest expense": "N/A",
        "Cost of sales": 2920,
        "Enterprise cost management": 313617,
        "Total Operating Expenses": 351080,
        "Total revenue financing activities": 624311,
        "Net profit from business activities": 321606,
        "Profit": -55480,
        "Profit before tax": 266127,
        "Present corporate income tax expenses": -38453,
        "Deferred income taxes expenses": "N/A",
        "The interests of minority shareholders": 12578,
        "Total Cost of profits": -25875,
        "Profit after tax corporate income": 215096,
        "Volume": 500000000,
        "Close of Quarter": 21,
        "EPS": 769.2,
        "Non-adjusted EPS": 923,
        "PE": 22.8,
        "Book Price": 10.9
      }
    },
    {
      "quarter": "Q1 2010",
      "income status": {
        "Net sales": 758501,
        "Cost of goods sold": 938188,
        "Gross Profit": -179687,
        "Financial expenses": 504,
        "Of which: Interest expense": "N/A",
        "Cost of sales": 1386,
        "Enterprise cost management": 206520,
        "Total Operating Expenses": 208410,
        "Total revenue financing activities": 559662,
        "Net profit from business activities": 171565,
        "Profit": -132864,
        "Profit before tax": 38701,
        "Present corporate income tax expenses": -4798,
        "Deferred income taxes expenses": "N/A",
        "The interests of minority shareholders": -170,
        "Total Cost of profits": -4968,
        "Profit after tax corporate income": 34072,
        "Volume": 500000000,
        "Close of Quarter": 21.4,
        "EPS": 964.2,
        "Non-adjusted EPS": 1157,
        "PE": 18.5,
        "Book Price": 11.1
      }
    },
    {
      "quarter": "Q4 2009",
      "income status": {
        "Net sales": 749989,
        "Cost of goods sold": 782686,
        "Gross Profit": -32697,
        "Financial expenses": "N/A",
        "Of which: Interest expense": "N/A",
        "Cost of sales": 6566,
        "Enterprise cost management": 130275,
        "Total Operating Expenses": 136841,
        "Total revenue financing activities": -145219,
        "Net profit from business activities": 183649,
        "Profit": -273117,
        "Profit before tax": -89468,
        "Present corporate income tax expenses": "N/A",
        "Deferred income taxes expenses": "N/A",
        "The interests of minority shareholders": -1394,
        "Total Cost of profits": -1394,
        "Profit after tax corporate income": -31610,
        "Volume": 500000000,
        "Close of Quarter": 22.0,
        "EPS": 949.2,
        "Non-adjusted EPS": 1139,
        "PE": 19.3,
        "Book Price": 11
      }
    },
    {
      "quarter": "Q3 2009",
      "income status": {
        "Net sales": 628705,
        "Cost of goods sold": 612593,
        "Gross Profit": 16112,
        "Financial expenses": "N/A",
        "Of which: Interest expense": "N/A",
        "Cost of sales": "N/A",
        "Enterprise cost management": 138342,
        "Total Operating Expenses": 138342,
        "Total revenue financing activities": 164786,
        "Net profit from business activities": 472709,
        "Profit": 472709,
        "Profit before tax": 310413,
        "Present corporate income tax expenses": "N/A",
        "Deferred income taxes expenses": "N/A",
        "The interests of minority shareholders": "N/A",
        "Total Cost of profits": 0,
        "Profit after tax corporate income": 243901,
        "Volume": 500000000,
        "Close of Quarter": 32.2,
        "EPS": 326.7,
        "Non-adjusted EPS": 392,
        "PE": 82.1,
        "Book Price": 11.1
      }
    },
    {
      "quarter": "Q2 2009",
      "income status": {
        "Net sales": 624167,
        "Cost of goods sold": 689996,
        "Gross Profit": -65829,
        "Financial expenses": "N/A",
        "Of which: Interest expense": "N/A",
        "Cost of sales": 3187,
        "Enterprise cost management": 88087,
        "Total Operating Expenses": 91274,
        "Total revenue financing activities": -171877,
        "Net profit from business activities": 806603,
        "Profit": 806603,
        "Profit before tax": 425956,
        "Present corporate income tax expenses": "N/A",
        "Deferred income taxes expenses": "N/A",
        "The interests of minority shareholders": "N/A",
        "Total Cost of profits": 0,
        "Profit after tax corporate income": 332033,
        "Volume": 500000000,
        "Close of Quarter": 31.2,
        "EPS": 355,
        "Non-adjusted EPS": 426,
        "PE": 73.2,
        "Book Price": 10.8
      }
    },
    {
      "quarter": "Q1 2009",
      "income status": {
        "Net sales": 527175,
        "Cost of goods sold": 424763,
        "Gross Profit": 102412,
        "Financial expenses": "N/A",
        "Of which: Interest expense": "N/A",
        "Cost of sales": 3570,
        "Enterprise cost management": 56021,
        "Total Operating Expenses": 59591,
        "Total revenue financing activities": -130481,
        "Net profit from business activities": 52311,
        "Profit": 52311,
        "Profit before tax": 25383,
        "Present corporate income tax expenses": "N/A",
        "Deferred income taxes expenses": "N/A",
        "The interests of minority shareholders": "N/A",
        "Total Cost of profits": 0,
        "Profit after tax corporate income": 25383,
        "Volume": 500000000,
        "Close of Quarter": 14.2,
        "EPS": -198.3,
        "Non-adjusted EPS": -238,
        "PE": -59.7,
        "Book Price": 10.2
      }
    },
    {
      "quarter": "Q4 2008",
      "income status": {
        "Net sales": 837689,
        "Cost of goods sold": 396786,
        "Gross Profit": 440903,
        "Financial expenses": "N/A",
        "Of which: Interest expense": "N/A",
        "Cost of sales": 589,
        "Enterprise cost management": 133445,
        "Total Operating Expenses": 134034,
        "Total revenue financing activities": -794281,
        "Net profit from business activities": -90466,
        "Profit": -90466,
        "Profit before tax": -488615,
        "Present corporate income tax expenses": "N/A",
        "Deferred income taxes expenses": "N/A",
        "The interests of minority shareholders": "N/A",
        "Total Cost of profits": 0,
        "Profit after tax corporate income": -405286,
        "Volume": 500000000,
        "Close of Quarter": 14.7,
        "EPS": -240,
        "Non-adjusted EPS": -288,
        "PE": -50.9,
        "Book Price": 10.2
      }
    },
    {
      "quarter": "Q3 2008",
      "income status": {
        "Net sales": 809305,
        "Cost of goods sold": 711217,
        "Gross Profit": 98088,
        "Financial expenses": "N/A",
        "Of which: Interest expense": "N/A",
        "Cost of sales": 1457,
        "Enterprise cost management": 51285,
        "Total Operating Expenses": 52742,
        "Total revenue financing activities": 141245,
        "Net profit from business activities": 319635,
        "Profit": 319635,
        "Profit before tax": 298378,
        "Present corporate income tax expenses": "N/A",
        "Deferred income taxes expenses": "N/A",
        "The interests of minority shareholders": "N/A",
        "Total Cost of profits": 0,
        "Profit after tax corporate income": 261041,
        "Volume": 500000000,
        "Close of Quarter": "N/A",
        "EPS": 435,
        "Non-adjusted EPS": 522,
        "PE": "N/A",
        "Book Price": 11.1
      }
    }
  ]
}