{
  "ticker": "BHV",
  "data": [
    {
      "quarter": "Q1 2014",
      "income status": {
        "Net sales": 8996,
        "Cost of goods sold": 7716,
        "Gross Profit": 1280,
        "Financial expenses": 785,
        "Of which: Interest expense": 657,
        "Cost of sales": 522,
        "Enterprise cost management": 621,
        "Total Operating Expenses": 1928,
        "Total revenue financing activities": "N/A",
        "Net profit from business activities": -648,
        "Profit": -69,
        "Profit before tax": -716,
        "Present corporate income tax expenses": "N/A",
        "Deferred income taxes expenses": "N/A",
        "The interests of minority shareholders": "N/A",
        "Total Cost of profits": 0,
        "Profit after tax corporate income": -716,
        "Volume": 1000013,
        "Close of Quarter": 8.1,
        "EPS": -6116,
        "Non-adjusted EPS": -6116,
        "PE": -1.3,
        "Book Price": -7.2
      }
    },
    {
      "quarter": "Q4 2013",
      "income status": {
        "Net sales": 8884,
        "Cost of goods sold": 5693,
        "Gross Profit": 3190,
        "Financial expenses": 894,
        "Of which: Interest expense": 894,
        "Cost of sales": 472,
        "Enterprise cost management": 354,
        "Total Operating Expenses": 1720,
        "Total revenue financing activities": "N/A",
        "Net profit from business activities": 1471,
        "Profit": 761,
        "Profit before tax": 2231,
        "Present corporate income tax expenses": 558,
        "Deferred income taxes expenses": "N/A",
        "The interests of minority shareholders": "N/A",
        "Total Cost of profits": 558,
        "Profit after tax corporate income": 1674,
        "Volume": 1000013,
        "Close of Quarter": 5.2,
        "EPS": -9351,
        "Non-adjusted EPS": -9351,
        "PE": -0.6,
        "Book Price": 0.2
      }
    },
    {
      "quarter": "Q3 2013",
      "income status": {
        "Net sales": 8001,
        "Cost of goods sold": 7763,
        "Gross Profit": 238,
        "Financial expenses": 847,
        "Of which: Interest expense": 847,
        "Cost of sales": 555,
        "Enterprise cost management": 1079,
        "Total Operating Expenses": 2481,
        "Total revenue financing activities": "N/A",
        "Net profit from business activities": -2243,
        "Profit": -58,
        "Profit before tax": -2301,
        "Present corporate income tax expenses": -558,
        "Deferred income taxes expenses": "N/A",
        "The interests of minority shareholders": "N/A",
        "Total Cost of profits": -558,
        "Profit after tax corporate income": -1743,
        "Volume": 1000013,
        "Close of Quarter": 3.4,
        "EPS": -13725,
        "Non-adjusted EPS": -13725,
        "PE": -0.3,
        "Book Price": "N/A"
      }
    },
    {
      "quarter": "Q2 2013",
      "income status": {
        "Net sales": 11246,
        "Cost of goods sold": 13160,
        "Gross Profit": -1914,
        "Financial expenses": 985,
        "Of which: Interest expense": 985,
        "Cost of sales": 607,
        "Enterprise cost management": 1287,
        "Total Operating Expenses": 2879,
        "Total revenue financing activities": 1,
        "Net profit from business activities": -4793,
        "Profit": -538,
        "Profit before tax": -5331,
        "Present corporate income tax expenses": "N/A",
        "Deferred income taxes expenses": "N/A",
        "The interests of minority shareholders": "N/A",
        "Total Cost of profits": 0,
        "Profit after tax corporate income": -5331,
        "Volume": 1000013,
        "Close of Quarter": 5.5,
        "EPS": -14562,
        "Non-adjusted EPS": -14562,
        "PE": -0.4,
        "Book Price": 0.2
      }
    },
    {
      "quarter": "Q1 2013",
      "income status": {
        "Net sales": 8720,
        "Cost of goods sold": 9906,
        "Gross Profit": -1186,
        "Financial expenses": 1033,
        "Of which: Interest expense": 1033,
        "Cost of sales": 522,
        "Enterprise cost management": 1128,
        "Total Operating Expenses": 2683,
        "Total revenue financing activities": 1,
        "Net profit from business activities": -3869,
        "Profit": -81,
        "Profit before tax": -3951,
        "Present corporate income tax expenses": "N/A",
        "Deferred income taxes expenses": "N/A",
        "The interests of minority shareholders": "N/A",
        "Total Cost of profits": 0,
        "Profit after tax corporate income": -3951,
        "Volume": 1000013,
        "Close of Quarter": 5.5,
        "EPS": -11175,
        "Non-adjusted EPS": -11175,
        "PE": -0.5,
        "Book Price": 4.4
      }
    },
    {
      "quarter": "Q4 2012",
      "income status": {
        "Net sales": 11766,
        "Cost of goods sold": 11243,
        "Gross Profit": 523,
        "Financial expenses": 1266,
        "Of which: Interest expense": 1266,
        "Cost of sales": 697,
        "Enterprise cost management": 1228,
        "Total Operating Expenses": 3191,
        "Total revenue financing activities": "N/A",
        "Net profit from business activities": -2667,
        "Profit": -33,
        "Profit before tax": -2700,
        "Present corporate income tax expenses": "N/A",
        "Deferred income taxes expenses": "N/A",
        "The interests of minority shareholders": "N/A",
        "Total Cost of profits": 0,
        "Profit after tax corporate income": -2700,
        "Volume": 1000013,
        "Close of Quarter": 6,
        "EPS": -9809,
        "Non-adjusted EPS": -9809,
        "PE": -0.6,
        "Book Price": 10.2
      }
    },
    {
      "quarter": "Q3 2012",
      "income status": {
        "Net sales": 8606,
        "Cost of goods sold": 8159,
        "Gross Profit": 446,
        "Financial expenses": 1407,
        "Of which: Interest expense": 1407,
        "Cost of sales": 622,
        "Enterprise cost management": 982,
        "Total Operating Expenses": 3011,
        "Total revenue financing activities": 1,
        "Net profit from business activities": -2563,
        "Profit": -17,
        "Profit before tax": -2580,
        "Present corporate income tax expenses": "N/A",
        "Deferred income taxes expenses": "N/A",
        "The interests of minority shareholders": "N/A",
        "Total Cost of profits": 0,
        "Profit after tax corporate income": -2580,
        "Volume": 1000013,
        "Close of Quarter": 8.9,
        "EPS": -6898,
        "Non-adjusted EPS": -6898,
        "PE": -1.3,
        "Book Price": 12.8
      }
    },
    {
      "quarter": "Q2 2012",
      "income status": {
        "Net sales": 12139,
        "Cost of goods sold": 10875,
        "Gross Profit": 1264,
        "Financial expenses": 1549,
        "Of which: Interest expense": 1549,
        "Cost of sales": 568,
        "Enterprise cost management": 1031,
        "Total Operating Expenses": 3148,
        "Total revenue financing activities": 2,
        "Net profit from business activities": -1882,
        "Profit": -61,
        "Profit before tax": -1944,
        "Present corporate income tax expenses": "N/A",
        "Deferred income taxes expenses": "N/A",
        "The interests of minority shareholders": "N/A",
        "Total Cost of profits": 0,
        "Profit after tax corporate income": -1944,
        "Volume": 1000013,
        "Close of Quarter": 9,
        "EPS": -4194,
        "Non-adjusted EPS": -4194,
        "PE": -2.2,
        "Book Price": 15.4
      }
    },
    {
      "quarter": "Q1 2012",
      "income status": {
        "Net sales": 10179,
        "Cost of goods sold": 9861,
        "Gross Profit": 318,
        "Financial expenses": 1599,
        "Of which: Interest expense": 1599,
        "Cost of sales": 504,
        "Enterprise cost management": 799,
        "Total Operating Expenses": 2902,
        "Total revenue financing activities": 4,
        "Net profit from business activities": -2580,
        "Profit": -5,
        "Profit before tax": -2585,
        "Present corporate income tax expenses": "N/A",
        "Deferred income taxes expenses": "N/A",
        "The interests of minority shareholders": "N/A",
        "Total Cost of profits": 0,
        "Profit after tax corporate income": -2585,
        "Volume": 1000013,
        "Close of Quarter": 11.1,
        "EPS": -1135,
        "Non-adjusted EPS": -1135,
        "PE": -9.8,
        "Book Price": 17.3
      }
    },
    {
      "quarter": "Q4 2011",
      "income status": {
        "Net sales": 17351,
        "Cost of goods sold": 14233,
        "Gross Profit": 3118,
        "Financial expenses": 1566,
        "Of which: Interest expense": 1566,
        "Cost of sales": 481,
        "Enterprise cost management": 708,
        "Total Operating Expenses": 2755,
        "Total revenue financing activities": 4,
        "Net profit from business activities": 367,
        "Profit": -85,
        "Profit before tax": 282,
        "Present corporate income tax expenses": 70,
        "Deferred income taxes expenses": "N/A",
        "The interests of minority shareholders": "N/A",
        "Total Cost of profits": 70,
        "Profit after tax corporate income": 211,
        "Volume": 1000013,
        "Close of Quarter": 8.5,
        "EPS": 1576,
        "Non-adjusted EPS": 1576,
        "PE": 5.4,
        "Book Price": 20.1
      }
    },
    {
      "quarter": "Q3 2011",
      "income status": {
        "Net sales": 15855,
        "Cost of goods sold": 12807,
        "Gross Profit": 3048,
        "Financial expenses": 1474,
        "Of which: Interest expense": 1474,
        "Cost of sales": 467,
        "Enterprise cost management": 972,
        "Total Operating Expenses": 2913,
        "Total revenue financing activities": 2,
        "Net profit from business activities": 137,
        "Profit": 29,
        "Profit before tax": 166,
        "Present corporate income tax expenses": 41,
        "Deferred income taxes expenses": "N/A",
        "The interests of minority shareholders": "N/A",
        "Total Cost of profits": 41,
        "Profit after tax corporate income": 124,
        "Volume": 1000013,
        "Close of Quarter": 11,
        "EPS": 2839,
        "Non-adjusted EPS": 2839,
        "PE": 3.9,
        "Book Price": 20
      }
    },
    {
      "quarter": "Q2 2011",
      "income status": {
        "Net sales": 19107,
        "Cost of goods sold": 13787,
        "Gross Profit": 5320,
        "Financial expenses": 1283,
        "Of which: Interest expense": 1283,
        "Cost of sales": 1149,
        "Enterprise cost management": 1529,
        "Total Operating Expenses": 3961,
        "Total revenue financing activities": 11,
        "Net profit from business activities": 1370,
        "Profit": 117,
        "Profit before tax": 1487,
        "Present corporate income tax expenses": 372,
        "Deferred income taxes expenses": "N/A",
        "The interests of minority shareholders": "N/A",
        "Total Cost of profits": 372,
        "Profit after tax corporate income": 1115,
        "Volume": 1000013,
        "Close of Quarter": 13.3,
        "EPS": 3208,
        "Non-adjusted EPS": 3208,
        "PE": 4.2,
        "Book Price": 19.9
      }
    },
    {
      "quarter": "Q1 2011",
      "income status": {
        "Net sales": 14608,
        "Cost of goods sold": 11964,
        "Gross Profit": 2643,
        "Financial expenses": 1050,
        "Of which: Interest expense": 1050,
        "Cost of sales": 563,
        "Enterprise cost management": 877,
        "Total Operating Expenses": 2490,
        "Total revenue financing activities": 7,
        "Net profit from business activities": 161,
        "Profit": 7,
        "Profit before tax": 168,
        "Present corporate income tax expenses": 42,
        "Deferred income taxes expenses": "N/A",
        "The interests of minority shareholders": "N/A",
        "Total Cost of profits": 42,
        "Profit after tax corporate income": 126,
        "Volume": 1000013,
        "Close of Quarter": 20.3,
        "EPS": 1464,
        "Non-adjusted EPS": 1464,
        "PE": 13.8,
        "Book Price": 21
      }
    },
    {
      "quarter": "Q4 2010",
      "income status": {
        "Net sales": 19841,
        "Cost of goods sold": 15692,
        "Gross Profit": 4149,
        "Financial expenses": 918,
        "Of which: Interest expense": 915,
        "Cost of sales": 575,
        "Enterprise cost management": 780,
        "Total Operating Expenses": 2273,
        "Total revenue financing activities": 4,
        "Net profit from business activities": 1879,
        "Profit": 85,
        "Profit before tax": 1965,
        "Present corporate income tax expenses": 491,
        "Deferred income taxes expenses": "N/A",
        "The interests of minority shareholders": "N/A",
        "Total Cost of profits": 491,
        "Profit after tax corporate income": 1474,
        "Volume": 1000013,
        "Close of Quarter": 22.2,
        "EPS": 2471,
        "Non-adjusted EPS": 2471,
        "PE": 9.0,
        "Book Price": 20.5
      }
    },
    {
      "quarter": "Q3 2010",
      "income status": {
        "Net sales": 15198,
        "Cost of goods sold": 11212,
        "Gross Profit": 3986,
        "Financial expenses": 952,
        "Of which: Interest expense": 952,
        "Cost of sales": 1029,
        "Enterprise cost management": 1481,
        "Total Operating Expenses": 3462,
        "Total revenue financing activities": 4,
        "Net profit from business activities": 529,
        "Profit": 128,
        "Profit before tax": 657,
        "Present corporate income tax expenses": 164,
        "Deferred income taxes expenses": "N/A",
        "The interests of minority shareholders": "N/A",
        "Total Cost of profits": 164,
        "Profit after tax corporate income": 493,
        "Volume": 1000013,
        "Close of Quarter": 31.3,
        "EPS": 5034,
        "Non-adjusted EPS": 5034,
        "PE": 6.2,
        "Book Price": 16.7
      }
    },
    {
      "quarter": "Q2 2010",
      "income status": {
        "Net sales": 14779,
        "Cost of goods sold": 12041,
        "Gross Profit": 2738,
        "Financial expenses": 832,
        "Of which: Interest expense": 832,
        "Cost of sales": 1177,
        "Enterprise cost management": 1470,
        "Total Operating Expenses": 3479,
        "Total revenue financing activities": 5,
        "Net profit from business activities": -736,
        "Profit": 107,
        "Profit before tax": -629,
        "Present corporate income tax expenses": "N/A",
        "Deferred income taxes expenses": "N/A",
        "The interests of minority shareholders": "N/A",
        "Total Cost of profits": 0,
        "Profit after tax corporate income": -629,
        "Volume": 1000013,
        "Close of Quarter": 41.3,
        "EPS": 6192,
        "Non-adjusted EPS": 6192,
        "PE": 6.7,
        "Book Price": 19.1
      }
    },
    {
      "quarter": "Q1 2010",
      "income status": {
        "Net sales": 12620,
        "Cost of goods sold": 8640,
        "Gross Profit": 3980,
        "Financial expenses": 589,
        "Of which: Interest expense": 589,
        "Cost of sales": 783,
        "Enterprise cost management": 1205,
        "Total Operating Expenses": 2577,
        "Total revenue financing activities": 4,
        "Net profit from business activities": 1408,
        "Profit": 103,
        "Profit before tax": 1511,
        "Present corporate income tax expenses": 378,
        "Deferred income taxes expenses": "N/A",
        "The interests of minority shareholders": "N/A",
        "Total Cost of profits": 378,
        "Profit after tax corporate income": 1133,
        "Volume": 1000013,
        "Close of Quarter": 46.6,
        "EPS": 10376,
        "Non-adjusted EPS": 10376,
        "PE": 4.5,
        "Book Price": 21.7
      }
    },
    {
      "quarter": "Q4 2009",
      "income status": {
        "Net sales": 15826,
        "Cost of goods sold": 9504,
        "Gross Profit": 6323,
        "Financial expenses": 293,
        "Of which: Interest expense": 293,
        "Cost of sales": 927,
        "Enterprise cost management": 748,
        "Total Operating Expenses": 1968,
        "Total revenue financing activities": 9,
        "Net profit from business activities": 4364,
        "Profit": 61,
        "Profit before tax": 4424,
        "Present corporate income tax expenses": 387,
        "Deferred income taxes expenses": "N/A",
        "The interests of minority shareholders": "N/A",
        "Total Cost of profits": 387,
        "Profit after tax corporate income": 4037,
        "Volume": 1000013,
        "Close of Quarter": 43.2,
        "EPS": 11990,
        "Non-adjusted EPS": 11990,
        "PE": 3.6,
        "Book Price": 25.9
      }
    },
    {
      "quarter": "Q3 2009",
      "income status": {
        "Net sales": 15390,
        "Cost of goods sold": 10955,
        "Gross Profit": 4435,
        "Financial expenses": 171,
        "Of which: Interest expense": 171,
        "Cost of sales": 1209,
        "Enterprise cost management": 1347,
        "Total Operating Expenses": 2727,
        "Total revenue financing activities": 9,
        "Net profit from business activities": 1718,
        "Profit": 92,
        "Profit before tax": 1810,
        "Present corporate income tax expenses": 158,
        "Deferred income taxes expenses": "N/A",
        "The interests of minority shareholders": "N/A",
        "Total Cost of profits": 158,
        "Profit after tax corporate income": 1651,
        "Volume": 1000013,
        "Close of Quarter": 47.2,
        "EPS": 9162,
        "Non-adjusted EPS": 9162,
        "PE": 5.2,
        "Book Price": 21.5
      }
    },
    {
      "quarter": "Q2 2009",
      "income status": {
        "Net sales": 18797,
        "Cost of goods sold": 12351,
        "Gross Profit": 6447,
        "Financial expenses": 162,
        "Of which: Interest expense": 162,
        "Cost of sales": 983,
        "Enterprise cost management": 1437,
        "Total Operating Expenses": 2582,
        "Total revenue financing activities": 5,
        "Net profit from business activities": 3869,
        "Profit": 27,
        "Profit before tax": 3896,
        "Present corporate income tax expenses": 341,
        "Deferred income taxes expenses": "N/A",
        "The interests of minority shareholders": "N/A",
        "Total Cost of profits": 341,
        "Profit after tax corporate income": 3555,
        "Volume": 900000,
        "Close of Quarter": 40.9,
        "EPS": 10123.1,
        "Non-adjusted EPS": 11248,
        "PE": 3.6,
        "Book Price": 20.1
      }
    },
    {
      "quarter": "Q1 2009",
      "income status": {
        "Net sales": 15967,
        "Cost of goods sold": 10781,
        "Gross Profit": 5186,
        "Financial expenses": 367,
        "Of which: Interest expense": 367,
        "Cost of sales": 887,
        "Enterprise cost management": 936,
        "Total Operating Expenses": 2190,
        "Total revenue financing activities": 3,
        "Net profit from business activities": 2999,
        "Profit": 12,
        "Profit before tax": 3011,
        "Present corporate income tax expenses": 263,
        "Deferred income taxes expenses": "N/A",
        "The interests of minority shareholders": "N/A",
        "Total Cost of profits": 263,
        "Profit after tax corporate income": 2747,
        "Volume": 900000,
        "Close of Quarter": 16.6,
        "EPS": 8871.2,
        "Non-adjusted EPS": 9857,
        "PE": 1.7,
        "Book Price": 22.1
      }
    },
    {
      "quarter": "Q4 2008",
      "income status": {
        "Net sales": 14141,
        "Cost of goods sold": 10030,
        "Gross Profit": 4111,
        "Financial expenses": 514,
        "Of which: Interest expense": 514,
        "Cost of sales": 962,
        "Enterprise cost management": 1254,
        "Total Operating Expenses": 2730,
        "Total revenue financing activities": 3,
        "Net profit from business activities": 1384,
        "Profit": 22,
        "Profit before tax": 1406,
        "Present corporate income tax expenses": 394,
        "Deferred income taxes expenses": -197,
        "The interests of minority shareholders": "N/A",
        "Total Cost of profits": 197,
        "Profit after tax corporate income": 1209,
        "Volume": 900000,
        "Close of Quarter": 16.0,
        "EPS": 7289.0,
        "Non-adjusted EPS": 8099,
        "PE": 2.0,
        "Book Price": 18.1
      }
    },
    {
      "quarter": "Q3 2008",
      "income status": {
        "Net sales": 10409,
        "Cost of goods sold": 5453,
        "Gross Profit": 4955,
        "Financial expenses": 522,
        "Of which: Interest expense": 522,
        "Cost of sales": 428,
        "Enterprise cost management": 992,
        "Total Operating Expenses": 1942,
        "Total revenue financing activities": 2,
        "Net profit from business activities": 3016,
        "Profit": 22,
        "Profit before tax": 3038,
        "Present corporate income tax expenses": 425,
        "Deferred income taxes expenses": "N/A",
        "The interests of minority shareholders": "N/A",
        "Total Cost of profits": 425,
        "Profit after tax corporate income": 2612,
        "Volume": 900000,
        "Close of Quarter": 23.1,
        "EPS": 7007.3,
        "Non-adjusted EPS": 7786,
        "PE": 3.0,
        "Book Price": 16.8
      }
    },
    {
      "quarter": "Q2 2008",
      "income status": {
        "Net sales": 10641,
        "Cost of goods sold": 6113,
        "Gross Profit": 4528,
        "Financial expenses": 424,
        "Of which: Interest expense": 424,
        "Cost of sales": 721,
        "Enterprise cost management": 722,
        "Total Operating Expenses": 1867,
        "Total revenue financing activities": "N/A",
        "Net profit from business activities": 2661,
        "Profit": 17,
        "Profit before tax": 2678,
        "Present corporate income tax expenses": 375,
        "Deferred income taxes expenses": "N/A",
        "The interests of minority shareholders": "N/A",
        "Total Cost of profits": 375,
        "Profit after tax corporate income": 2303,
        "Volume": 900000,
        "Close of Quarter": 11.7,
        "EPS": 4778.9,
        "Non-adjusted EPS": 5310,
        "PE": 2.2,
        "Book Price": 14.6
      }
    },
    {
      "quarter": "Q1 2008",
      "income status": {
        "Net sales": 10917,
        "Cost of goods sold": 7957,
        "Gross Profit": 2960,
        "Financial expenses": 374,
        "Of which: Interest expense": 374,
        "Cost of sales": 802,
        "Enterprise cost management": 440,
        "Total Operating Expenses": 1616,
        "Total revenue financing activities": "N/A",
        "Net profit from business activities": 1344,
        "Profit": 11,
        "Profit before tax": 1355,
        "Present corporate income tax expenses": 190,
        "Deferred income taxes expenses": "N/A",
        "The interests of minority shareholders": "N/A",
        "Total Cost of profits": 190,
        "Profit after tax corporate income": 1165,
        "Volume": 900000,
        "Close of Quarter": 11.3,
        "EPS": 3013.2,
        "Non-adjusted EPS": 3348,
        "PE": 3.4,
        "Book Price": 13.4
      }
    },
    {
      "quarter": "Q4 2007",
      "income status": {
        "Net sales": 12175,
        "Cost of goods sold": 9462,
        "Gross Profit": 2712,
        "Financial expenses": 339,
        "Of which: Interest expense": 339,
        "Cost of sales": 632,
        "Enterprise cost management": 1045,
        "Total Operating Expenses": 2016,
        "Total revenue financing activities": "N/A",
        "Net profit from business activities": 697,
        "Profit": 382,
        "Profit before tax": 1078,
        "Present corporate income tax expenses": 302,
        "Deferred income taxes expenses": -151,
        "The interests of minority shareholders": "N/A",
        "Total Cost of profits": 151,
        "Profit after tax corporate income": 927,
        "Volume": 900000,
        "Close of Quarter": 15.7,
        "EPS": 2180.7,
        "Non-adjusted EPS": 2423,
        "PE": 6.5,
        "Book Price": 12.1
      }
    },
    {
      "quarter": "Q3 2007",
      "income status": {
        "Net sales": 9941,
        "Cost of goods sold": 7276,
        "Gross Profit": 2665,
        "Financial expenses": 412,
        "Of which: Interest expense": 412,
        "Cost of sales": 920,
        "Enterprise cost management": 891,
        "Total Operating Expenses": 2223,
        "Total revenue financing activities": "N/A",
        "Net profit from business activities": 442,
        "Profit": 4,
        "Profit before tax": 446,
        "Present corporate income tax expenses": 125,
        "Deferred income taxes expenses": -62,
        "The interests of minority shareholders": "N/A",
        "Total Cost of profits": 63,
        "Profit after tax corporate income": 384,
        "Volume": 900000,
        "Close of Quarter": 15.7,
        "EPS": 1922.4,
        "Non-adjusted EPS": 2136,
        "PE": 7.3,
        "Book Price": 11.3
      }
    },
    {
      "quarter": "Q2 2007",
      "income status": {
        "Net sales": 10418,
        "Cost of goods sold": 7987,
        "Gross Profit": 2431,
        "Financial expenses": 438,
        "Of which: Interest expense": 438,
        "Cost of sales": 811,
        "Enterprise cost management": 715,
        "Total Operating Expenses": 1964,
        "Total revenue financing activities": 66,
        "Net profit from business activities": 533,
        "Profit": 4,
        "Profit before tax": 537,
        "Present corporate income tax expenses": "N/A",
        "Deferred income taxes expenses": "N/A",
        "The interests of minority shareholders": "N/A",
        "Total Cost of profits": 0,
        "Profit after tax corporate income": 537,
        "Volume": 900000,
        "Close of Quarter": 11.6,
        "EPS": 1538.1,
        "Non-adjusted EPS": 1709,
        "PE": 6.8,
        "Book Price": 11.0
      }
    },
    {
      "quarter": "Q1 2007",
      "income status": {
        "Net sales": 7069,
        "Cost of goods sold": 5579,
        "Gross Profit": 1490,
        "Financial expenses": 464,
        "Of which: Interest expense": 464,
        "Cost of sales": 370,
        "Enterprise cost management": 358,
        "Total Operating Expenses": 1192,
        "Total revenue financing activities": 2,
        "Net profit from business activities": 301,
        "Profit": 32,
        "Profit before tax": 333,
        "Present corporate income tax expenses": "N/A",
        "Deferred income taxes expenses": "N/A",
        "The interests of minority shareholders": "N/A",
        "Total Cost of profits": 0,
        "Profit after tax corporate income": 333,
        "Volume": 900000,
        "Close of Quarter": 15.9,
        "EPS": 1000.8,
        "Non-adjusted EPS": 1112,
        "PE": 14.3,
        "Book Price": 11.6
      }
    },
    {
      "quarter": "Q4 2006",
      "income status": {
        "Net sales": 9033,
        "Cost of goods sold": 6619,
        "Gross Profit": 2414,
        "Financial expenses": 474,
        "Of which: Interest expense": "N/A",
        "Cost of sales": 723,
        "Enterprise cost management": 500,
        "Total Operating Expenses": 1697,
        "Total revenue financing activities": 46,
        "Net profit from business activities": 763,
        "Profit": 14,
        "Profit before tax": 777,
        "Present corporate income tax expenses": 109,
        "Deferred income taxes expenses": "N/A",
        "The interests of minority shareholders": "N/A",
        "Total Cost of profits": 109,
        "Profit after tax corporate income": 668,
        "Volume": 900000,
        "Close of Quarter": 8.3,
        "EPS": 667.8,
        "Non-adjusted EPS": 742,
        "PE": 11.2,
        "Book Price": 11.3
      }
    }
  ]
}