{
  "ticker": "VFG",
  "data": [
    {
      "quarter": "Q1 2017",
      "income status": {
        "Net sales": 472728,
        "Cost of goods sold": 362869,
        "Gross Profit": 109859,
        "Financial expenses": 2021,
        "Of which: Interest expense": 1113,
        "Cost of sales": 75427,
        "Enterprise cost management": 8893,
        "Total Operating Expenses": 86341,
        "Total revenue financing activities": 4448,
        "Net profit from business activities": 27966,
        "Profit": 5257,
        "Profit before tax": 33223,
        "Present corporate income tax expenses": 7502,
        "Deferred income taxes expenses": "N/A",
        "The interests of minority shareholders": "N/A",
        "Total Cost of profits": 7502,
        "Profit after tax corporate income": 25720,
        "Volume": 18275226,
        "Close of Quarter": 57.9,
        "EPS": 7634,
        "Non-adjusted EPS": 7634,
        "PE": 7.6,
        "Book Price": 43.3
      }
    },
    {
      "quarter": "Q4 2016",
      "income status": {
        "Net sales": 557119,
        "Cost of goods sold": 459913,
        "Gross Profit": 97205,
        "Financial expenses": 4424,
        "Of which: Interest expense": 803,
        "Cost of sales": 46675,
        "Enterprise cost management": 10716,
        "Total Operating Expenses": 61815,
        "Total revenue financing activities": 3455,
        "Net profit from business activities": 38846,
        "Profit": 398,
        "Profit before tax": 39244,
        "Present corporate income tax expenses": 9605,
        "Deferred income taxes expenses": "N/A",
        "The interests of minority shareholders": "N/A",
        "Total Cost of profits": 9605,
        "Profit after tax corporate income": 29639,
        "Volume": 18275226,
        "Close of Quarter": 57.3,
        "EPS": 7748,
        "Non-adjusted EPS": 7748,
        "PE": 7.4,
        "Book Price": 41.8
      }
    },
    {
      "quarter": "Q3 2016",
      "income status": {
        "Net sales": 614079,
        "Cost of goods sold": 432570,
        "Gross Profit": 181508,
        "Financial expenses": 4880,
        "Of which: Interest expense": 1377,
        "Cost of sales": 119587,
        "Enterprise cost management": 13575,
        "Total Operating Expenses": 138042,
        "Total revenue financing activities": 3409,
        "Net profit from business activities": 46876,
        "Profit": 53,
        "Profit before tax": 46928,
        "Present corporate income tax expenses": 9913,
        "Deferred income taxes expenses": "N/A",
        "The interests of minority shareholders": "N/A",
        "Total Cost of profits": 9913,
        "Profit after tax corporate income": 37015,
        "Volume": 18275226,
        "Close of Quarter": 66.8,
        "EPS": 7762,
        "Non-adjusted EPS": 7762,
        "PE": 8.6,
        "Book Price": 40.4
      }
    },
    {
      "quarter": "Q2 2016",
      "income status": {
        "Net sales": 605932,
        "Cost of goods sold": 439572,
        "Gross Profit": 166360,
        "Financial expenses": 3885,
        "Of which: Interest expense": 935,
        "Cost of sales": 89950,
        "Enterprise cost management": 15193,
        "Total Operating Expenses": 109028,
        "Total revenue financing activities": 2568,
        "Net profit from business activities": 59899,
        "Profit": -837,
        "Profit before tax": 59063,
        "Present corporate income tax expenses": 12601,
        "Deferred income taxes expenses": -671,
        "The interests of minority shareholders": "N/A",
        "Total Cost of profits": 11930,
        "Profit after tax corporate income": 47133,
        "Volume": 17675226,
        "Close of Quarter": 58.1,
        "EPS": 7911.4,
        "Non-adjusted EPS": 8180,
        "PE": 7.1,
        "Book Price": 39.8
      }
    },
    {
      "quarter": "Q1 2016",
      "income status": {
        "Net sales": 495154,
        "Cost of goods sold": 355159,
        "Gross Profit": 139995,
        "Financial expenses": 2327,
        "Of which: Interest expense": 300,
        "Cost of sales": 91031,
        "Enterprise cost management": 12046,
        "Total Operating Expenses": 105404,
        "Total revenue financing activities": 2862,
        "Net profit from business activities": 37453,
        "Profit": -1950,
        "Profit before tax": 35503,
        "Present corporate income tax expenses": 7695,
        "Deferred income taxes expenses": "N/A",
        "The interests of minority shareholders": "N/A",
        "Total Cost of profits": 7695,
        "Profit after tax corporate income": 27808,
        "Volume": 17675226,
        "Close of Quarter": 44.0,
        "EPS": 7737.4,
        "Non-adjusted EPS": 8000,
        "PE": 5.5,
        "Book Price": 38.2
      }
    },
    {
      "quarter": "Q4 2015",
      "income status": {
        "Net sales": 481941,
        "Cost of goods sold": 310420,
        "Gross Profit": 171521,
        "Financial expenses": 4498,
        "Of which: Interest expense": 1527,
        "Cost of sales": 112167,
        "Enterprise cost management": 23399,
        "Total Operating Expenses": 140064,
        "Total revenue financing activities": 7030,
        "Net profit from business activities": 38487,
        "Profit": 400,
        "Profit before tax": 38887,
        "Present corporate income tax expenses": 8992,
        "Deferred income taxes expenses": "N/A",
        "The interests of minority shareholders": "N/A",
        "Total Cost of profits": 8992,
        "Profit after tax corporate income": 29895,
        "Volume": 17675226,
        "Close of Quarter": 40.7,
        "EPS": 7615.5,
        "Non-adjusted EPS": 7874,
        "PE": 5.2,
        "Book Price": 38.8
      }
    },
    {
      "quarter": "Q3 2015",
      "income status": {
        "Net sales": 545943,
        "Cost of goods sold": 390787,
        "Gross Profit": 155156,
        "Financial expenses": 7095,
        "Of which: Interest expense": 1787,
        "Cost of sales": 88931,
        "Enterprise cost management": 11803,
        "Total Operating Expenses": 107829,
        "Total revenue financing activities": 3739,
        "Net profit from business activities": 51065,
        "Profit": 130,
        "Profit before tax": 51195,
        "Present corporate income tax expenses": 11448,
        "Deferred income taxes expenses": "N/A",
        "The interests of minority shareholders": "N/A",
        "Total Cost of profits": 11448,
        "Profit after tax corporate income": 39747,
        "Volume": 17675226,
        "Close of Quarter": 31.0,
        "EPS": 7157.1,
        "Non-adjusted EPS": 7400,
        "PE": 4.2,
        "Book Price": 37.1
      }
    },
    {
      "quarter": "Q2 2015",
      "income status": {
        "Net sales": 583278,
        "Cost of goods sold": 422352,
        "Gross Profit": 160926,
        "Financial expenses": 4695,
        "Of which: Interest expense": 1407,
        "Cost of sales": 91278,
        "Enterprise cost management": 13385,
        "Total Operating Expenses": 109358,
        "Total revenue financing activities": 4462,
        "Net profit from business activities": 56030,
        "Profit": 444,
        "Profit before tax": 56473,
        "Present corporate income tax expenses": 12517,
        "Deferred income taxes expenses": "N/A",
        "The interests of minority shareholders": "N/A",
        "Total Cost of profits": 12517,
        "Profit after tax corporate income": 43957,
        "Volume": 13272543,
        "Close of Quarter": 26.7,
        "EPS": 6374.4,
        "Non-adjusted EPS": 8777,
        "PE": 3.0,
        "Book Price": 36.0
      }
    },
    {
      "quarter": "Q1 2015",
      "income status": {
        "Net sales": 458219,
        "Cost of goods sold": 313538,
        "Gross Profit": 144681,
        "Financial expenses": 681,
        "Of which: Interest expense": 560,
        "Cost of sales": 103015,
        "Enterprise cost management": 9774,
        "Total Operating Expenses": 113470,
        "Total revenue financing activities": 2408,
        "Net profit from business activities": 33618,
        "Profit": -483,
        "Profit before tax": 33135,
        "Present corporate income tax expenses": 7557,
        "Deferred income taxes expenses": "N/A",
        "The interests of minority shareholders": "N/A",
        "Total Cost of profits": 7557,
        "Profit after tax corporate income": 25578,
        "Volume": 13272543,
        "Close of Quarter": 24.6,
        "EPS": 5128.8,
        "Non-adjusted EPS": 7062,
        "PE": 3.5,
        "Book Price": 34.9
      }
    },
    {
      "quarter": "Q4 2014",
      "income status": {
        "Net sales": 508633,
        "Cost of goods sold": 368119,
        "Gross Profit": 140514,
        "Financial expenses": 2621,
        "Of which: Interest expense": 1610,
        "Cost of sales": 82091,
        "Enterprise cost management": 25696,
        "Total Operating Expenses": 110408,
        "Total revenue financing activities": 3899,
        "Net profit from business activities": 34004,
        "Profit": -921,
        "Profit before tax": 33083,
        "Present corporate income tax expenses": 11561,
        "Deferred income taxes expenses": "N/A",
        "The interests of minority shareholders": "N/A",
        "Total Cost of profits": 11561,
        "Profit after tax corporate income": 21523,
        "Volume": 13272543,
        "Close of Quarter": 23.0,
        "EPS": 5502.9,
        "Non-adjusted EPS": 7577,
        "PE": 3.0,
        "Book Price": 33.6
      }
    },
    {
      "quarter": "Q3 2014",
      "income status": {
        "Net sales": 359450,
        "Cost of goods sold": 246781,
        "Gross Profit": 112669,
        "Financial expenses": -5014,
        "Of which: Interest expense": 1877,
        "Cost of sales": 68277,
        "Enterprise cost management": 18856,
        "Total Operating Expenses": 82119,
        "Total revenue financing activities": 2745,
        "Net profit from business activities": 33295,
        "Profit": -419,
        "Profit before tax": 32876,
        "Present corporate income tax expenses": 7446,
        "Deferred income taxes expenses": "N/A",
        "The interests of minority shareholders": "N/A",
        "Total Cost of profits": 7446,
        "Profit after tax corporate income": 25430,
        "Volume": 13272543,
        "Close of Quarter": 21.0,
        "EPS": 5532.6,
        "Non-adjusted EPS": 7618,
        "PE": 2.8,
        "Book Price": 33.9
      }
    },
    {
      "quarter": "Q2 2014",
      "income status": {
        "Net sales": 501640,
        "Cost of goods sold": 356613,
        "Gross Profit": 145027,
        "Financial expenses": 2109,
        "Of which: Interest expense": 1936,
        "Cost of sales": 87323,
        "Enterprise cost management": 19897,
        "Total Operating Expenses": 109329,
        "Total revenue financing activities": 1944,
        "Net profit from business activities": 37641,
        "Profit": 779,
        "Profit before tax": 38420,
        "Present corporate income tax expenses": 17217,
        "Deferred income taxes expenses": "N/A",
        "The interests of minority shareholders": "N/A",
        "Total Cost of profits": 17217,
        "Profit after tax corporate income": 21203,
        "Volume": 13272543,
        "Close of Quarter": 20.0,
        "EPS": 4268.2,
        "Non-adjusted EPS": 5877,
        "PE": 3.4,
        "Book Price": 33.2
      }
    },
    {
      "quarter": "Q1 2014",
      "income status": {
        "Net sales": 513624,
        "Cost of goods sold": 359521,
        "Gross Profit": 154103,
        "Financial expenses": 1092,
        "Of which: Interest expense": 1157,
        "Cost of sales": 92560,
        "Enterprise cost management": 18555,
        "Total Operating Expenses": 112207,
        "Total revenue financing activities": 4380,
        "Net profit from business activities": 46276,
        "Profit": -3899,
        "Profit before tax": 42377,
        "Present corporate income tax expenses": 9972,
        "Deferred income taxes expenses": "N/A",
        "The interests of minority shareholders": "N/A",
        "Total Cost of profits": 9972,
        "Profit after tax corporate income": 32405,
        "Volume": 13272543,
        "Close of Quarter": 21.3,
        "EPS": 3877.5,
        "Non-adjusted EPS": 5339,
        "PE": 4.0,
        "Book Price": 32.0
      }
    },
    {
      "quarter": "Q4 2013",
      "income status": {
        "Net sales": 363069,
        "Cost of goods sold": 252568,
        "Gross Profit": 110502,
        "Financial expenses": 2437,
        "Of which: Interest expense": 1513,
        "Cost of sales": 51152,
        "Enterprise cost management": 24766,
        "Total Operating Expenses": 78355,
        "Total revenue financing activities": 1440,
        "Net profit from business activities": 33587,
        "Profit": -1551,
        "Profit before tax": 32035,
        "Present corporate income tax expenses": 9959,
        "Deferred income taxes expenses": "N/A",
        "The interests of minority shareholders": "N/A",
        "Total Cost of profits": 9959,
        "Profit after tax corporate income": 22076,
        "Volume": 13272543,
        "Close of Quarter": 20.8,
        "EPS": 3691.6,
        "Non-adjusted EPS": 5083,
        "PE": 4.1,
        "Book Price": 31.2
      }
    },
    {
      "quarter": "Q3 2013",
      "income status": {
        "Net sales": 364369,
        "Cost of goods sold": 253542,
        "Gross Profit": 110828,
        "Financial expenses": -276,
        "Of which: Interest expense": 958,
        "Cost of sales": 68924,
        "Enterprise cost management": 15696,
        "Total Operating Expenses": 84344,
        "Total revenue financing activities": 1614,
        "Net profit from business activities": 28098,
        "Profit": 3969,
        "Profit before tax": 32067,
        "Present corporate income tax expenses": 29749,
        "Deferred income taxes expenses": "N/A",
        "The interests of minority shareholders": "N/A",
        "Total Cost of profits": 29749,
        "Profit after tax corporate income": 2318,
        "Volume": 13272543,
        "Close of Quarter": 20.1,
        "EPS": 2617.4,
        "Non-adjusted EPS": 3604,
        "PE": 5.6,
        "Book Price": 30.7
      }
    },
    {
      "quarter": "Q2 2013",
      "income status": {
        "Net sales": 462376,
        "Cost of goods sold": 312538,
        "Gross Profit": 149838,
        "Financial expenses": 1040,
        "Of which: Interest expense": 209,
        "Cost of sales": 104413,
        "Enterprise cost management": 24481,
        "Total Operating Expenses": 129934,
        "Total revenue financing activities": 503,
        "Net profit from business activities": 20407,
        "Profit": -1076,
        "Profit before tax": 19331,
        "Present corporate income tax expenses": 5264,
        "Deferred income taxes expenses": "N/A",
        "The interests of minority shareholders": "N/A",
        "Total Cost of profits": 5264,
        "Profit after tax corporate income": 14067,
        "Volume": 13272543,
        "Close of Quarter": 22.9,
        "EPS": 4277.7,
        "Non-adjusted EPS": 5890,
        "PE": 3.9,
        "Book Price": 31.3
      }
    },
    {
      "quarter": "Q1 2013",
      "income status": {
        "Net sales": 421371,
        "Cost of goods sold": 292572,
        "Gross Profit": 128798,
        "Financial expenses": 2906,
        "Of which: Interest expense": 4320,
        "Cost of sales": 68126,
        "Enterprise cost management": 19910,
        "Total Operating Expenses": 90942,
        "Total revenue financing activities": 270,
        "Net profit from business activities": 38125,
        "Profit": 986,
        "Profit before tax": 39112,
        "Present corporate income tax expenses": 10105,
        "Deferred income taxes expenses": "N/A",
        "The interests of minority shareholders": "N/A",
        "Total Cost of profits": 10105,
        "Profit after tax corporate income": 29007,
        "Volume": 13272543,
        "Close of Quarter": 18.3,
        "EPS": 5084.5,
        "Non-adjusted EPS": 7001,
        "PE": 2.6,
        "Book Price": 30.7
      }
    },
    {
      "quarter": "Q4 2012",
      "income status": {
        "Net sales": 278750,
        "Cost of goods sold": 200669,
        "Gross Profit": 78080,
        "Financial expenses": 4633,
        "Of which: Interest expense": 4708,
        "Cost of sales": 44606,
        "Enterprise cost management": 23700,
        "Total Operating Expenses": 72939,
        "Total revenue financing activities": 514,
        "Net profit from business activities": 5655,
        "Profit": -2434,
        "Profit before tax": 3221,
        "Present corporate income tax expenses": 774,
        "Deferred income taxes expenses": "N/A",
        "The interests of minority shareholders": "N/A",
        "Total Cost of profits": 774,
        "Profit after tax corporate income": 2447,
        "Volume": 12962543,
        "Close of Quarter": 17.6,
        "EPS": 4833.9,
        "Non-adjusted EPS": 6815,
        "PE": 2.6,
        "Book Price": 29.0
      }
    },
    {
      "quarter": "Q3 2012",
      "income status": {
        "Net sales": 419008,
        "Cost of goods sold": 295608,
        "Gross Profit": 123400,
        "Financial expenses": 8208,
        "Of which: Interest expense": 8532,
        "Cost of sales": 48463,
        "Enterprise cost management": 25099,
        "Total Operating Expenses": 81770,
        "Total revenue financing activities": 1245,
        "Net profit from business activities": 42875,
        "Profit": 859,
        "Profit before tax": 43734,
        "Present corporate income tax expenses": 11084,
        "Deferred income taxes expenses": "N/A",
        "The interests of minority shareholders": "N/A",
        "Total Cost of profits": 11084,
        "Profit after tax corporate income": 32650,
        "Volume": 12962543,
        "Close of Quarter": 17.5,
        "EPS": 6036.8,
        "Non-adjusted EPS": 8511,
        "PE": 2.1,
        "Book Price": 29.6
      }
    },
    {
      "quarter": "Q2 2012",
      "income status": {
        "Net sales": 445916,
        "Cost of goods sold": 343094,
        "Gross Profit": 102823,
        "Financial expenses": 11147,
        "Of which: Interest expense": 7614,
        "Cost of sales": 39157,
        "Enterprise cost management": 18000,
        "Total Operating Expenses": 68304,
        "Total revenue financing activities": 2152,
        "Net profit from business activities": 36671,
        "Profit": 1954,
        "Profit before tax": 38625,
        "Present corporate income tax expenses": 9806,
        "Deferred income taxes expenses": "N/A",
        "The interests of minority shareholders": "N/A",
        "Total Cost of profits": 9806,
        "Profit after tax corporate income": 28819,
        "Volume": 12672543,
        "Close of Quarter": 17.0,
        "EPS": 6071.0,
        "Non-adjusted EPS": 8755,
        "PE": 1.9,
        "Book Price": 27.6
      }
    },
    {
      "quarter": "Q1 2012",
      "income status": {
        "Net sales": 306782,
        "Cost of goods sold": 226719,
        "Gross Profit": 80063,
        "Financial expenses": 3348,
        "Of which: Interest expense": 2020,
        "Cost of sales": 30712,
        "Enterprise cost management": 16862,
        "Total Operating Expenses": 50922,
        "Total revenue financing activities": 1012,
        "Net profit from business activities": 30153,
        "Profit": 2380,
        "Profit before tax": 32532,
        "Present corporate income tax expenses": 8106,
        "Deferred income taxes expenses": "N/A",
        "The interests of minority shareholders": "N/A",
        "Total Cost of profits": 8106,
        "Profit after tax corporate income": 24426,
        "Volume": 12672543,
        "Close of Quarter": 15.5,
        "EPS": 6428.1,
        "Non-adjusted EPS": 9270,
        "PE": 1.7,
        "Book Price": 27.7
      }
    },
    {
      "quarter": "Q4 2011",
      "income status": {
        "Net sales": 306782,
        "Cost of goods sold": 226719,
        "Gross Profit": 80063,
        "Financial expenses": 3348,
        "Of which: Interest expense": 2020,
        "Cost of sales": 30712,
        "Enterprise cost management": 16862,
        "Total Operating Expenses": 50922,
        "Total revenue financing activities": 1012,
        "Net profit from business activities": 30153,
        "Profit": 2380,
        "Profit before tax": 32532,
        "Present corporate income tax expenses": 8106,
        "Deferred income taxes expenses": "N/A",
        "The interests of minority shareholders": "N/A",
        "Total Cost of profits": 8106,
        "Profit after tax corporate income": 24426,
        "Volume": 12672543,
        "Close of Quarter": 16.9,
        "EPS": 6834.4,
        "Non-adjusted EPS": 9856,
        "PE": 1.7,
        "Book Price": 27.7
      }
    },
    {
      "quarter": "Q3 2011",
      "income status": {
        "Net sales": 387982,
        "Cost of goods sold": 282159,
        "Gross Profit": 105822,
        "Financial expenses": 5245,
        "Of which: Interest expense": 1433,
        "Cost of sales": 42797,
        "Enterprise cost management": 14645,
        "Total Operating Expenses": 62687,
        "Total revenue financing activities": 1166,
        "Net profit from business activities": 44301,
        "Profit": 244,
        "Profit before tax": 44545,
        "Present corporate income tax expenses": 11274,
        "Deferred income taxes expenses": "N/A",
        "The interests of minority shareholders": "N/A",
        "Total Cost of profits": 11274,
        "Profit after tax corporate income": 33271,
        "Volume": 9748234,
        "Close of Quarter": 14.1,
        "EPS": 6817.6,
        "Non-adjusted EPS": 12781,
        "PE": 1.1,
        "Book Price": 27.4
      }
    },
    {
      "quarter": "Q2 2011",
      "income status": {
        "Net sales": 311308,
        "Cost of goods sold": 215258,
        "Gross Profit": 96050,
        "Financial expenses": 1417,
        "Of which: Interest expense": 793,
        "Cost of sales": 38390,
        "Enterprise cost management": 11586,
        "Total Operating Expenses": 51393,
        "Total revenue financing activities": 2447,
        "Net profit from business activities": 47105,
        "Profit": 37,
        "Profit before tax": 47142,
        "Present corporate income tax expenses": 11795,
        "Deferred income taxes expenses": "N/A",
        "The interests of minority shareholders": "N/A",
        "Total Cost of profits": 11795,
        "Profit after tax corporate income": 35347,
        "Volume": 9748234,
        "Close of Quarter": 18.8,
        "EPS": 6264.4,
        "Non-adjusted EPS": 11744,
        "PE": 1.6,
        "Book Price": 25.6
      }
    },
    {
      "quarter": "Q1 2011",
      "income status": {
        "Net sales": 325939,
        "Cost of goods sold": 238297,
        "Gross Profit": 87643,
        "Financial expenses": 15215,
        "Of which: Interest expense": 3353,
        "Cost of sales": 21421,
        "Enterprise cost management": 9084,
        "Total Operating Expenses": 45720,
        "Total revenue financing activities": 518,
        "Net profit from business activities": 42441,
        "Profit": -51,
        "Profit before tax": 42390,
        "Present corporate income tax expenses": 10536,
        "Deferred income taxes expenses": "N/A",
        "The interests of minority shareholders": "N/A",
        "Total Cost of profits": 10536,
        "Profit after tax corporate income": 31854,
        "Volume": 9748234,
        "Close of Quarter": 18.6,
        "EPS": 5677.1,
        "Non-adjusted EPS": 10643,
        "PE": 1.7,
        "Book Price": 25.2
      }
    },
    {
      "quarter": "Q4 2010",
      "income status": {
        "Net sales": 301208,
        "Cost of goods sold": 230535,
        "Gross Profit": 70673,
        "Financial expenses": 4960,
        "Of which: Interest expense": 3615,
        "Cost of sales": 21907,
        "Enterprise cost management": 14903,
        "Total Operating Expenses": 41770,
        "Total revenue financing activities": 3513,
        "Net profit from business activities": 32416,
        "Profit": 253,
        "Profit before tax": 32669,
        "Present corporate income tax expenses": 8553,
        "Deferred income taxes expenses": "N/A",
        "The interests of minority shareholders": "N/A",
        "Total Cost of profits": 8553,
        "Profit after tax corporate income": 24116,
        "Volume": 9748234,
        "Close of Quarter": 20.1,
        "EPS": 5345.3,
        "Non-adjusted EPS": 10021,
        "PE": 2.0,
        "Book Price": 23.6
      }
    },
    {
      "quarter": "Q3 2010",
      "income status": {
        "Net sales": 242568,
        "Cost of goods sold": 182157,
        "Gross Profit": 60411,
        "Financial expenses": 7397,
        "Of which: Interest expense": 4587,
        "Cost of sales": 16331,
        "Enterprise cost management": 6769,
        "Total Operating Expenses": 30497,
        "Total revenue financing activities": 551,
        "Net profit from business activities": 30465,
        "Profit": 421,
        "Profit before tax": 30886,
        "Present corporate income tax expenses": 7721,
        "Deferred income taxes expenses": "N/A",
        "The interests of minority shareholders": "N/A",
        "Total Cost of profits": 7721,
        "Profit after tax corporate income": 23164,
        "Volume": 9748234,
        "Close of Quarter": 17.7,
        "EPS": 5752.3,
        "Non-adjusted EPS": 10784,
        "PE": 1.6,
        "Book Price": 22.8
      }
    },
    {
      "quarter": "Q2 2010",
      "income status": {
        "Net sales": 241174,
        "Cost of goods sold": 182184,
        "Gross Profit": 58990,
        "Financial expenses": 6848,
        "Of which: Interest expense": 3318,
        "Cost of sales": 16433,
        "Enterprise cost management": 7771,
        "Total Operating Expenses": 31052,
        "Total revenue financing activities": 5392,
        "Net profit from business activities": 33331,
        "Profit": -1,
        "Profit before tax": 33330,
        "Present corporate income tax expenses": 8709,
        "Deferred income taxes expenses": "N/A",
        "The interests of minority shareholders": "N/A",
        "Total Cost of profits": 8709,
        "Profit after tax corporate income": 24621,
        "Volume": 8123645,
        "Close of Quarter": 21.1,
        "EPS": 5125.7,
        "Non-adjusted EPS": 11531,
        "PE": 1.8,
        "Book Price": 22.2
      }
    },
    {
      "quarter": "Q1 2010",
      "income status": {
        "Net sales": 255380,
        "Cost of goods sold": 193791,
        "Gross Profit": 61589,
        "Financial expenses": 7958,
        "Of which: Interest expense": 1975,
        "Cost of sales": 13089,
        "Enterprise cost management": 5853,
        "Total Operating Expenses": 26900,
        "Total revenue financing activities": 311,
        "Net profit from business activities": 34999,
        "Profit": -618,
        "Profit before tax": 34381,
        "Present corporate income tax expenses": 8595,
        "Deferred income taxes expenses": "N/A",
        "The interests of minority shareholders": "N/A",
        "Total Cost of profits": 8595,
        "Profit after tax corporate income": 25786,
        "Volume": 8123645,
        "Close of Quarter": 17.8,
        "EPS": 5354.7,
        "Non-adjusted EPS": 12046,
        "PE": 1.5,
        "Book Price": 22.4
      }
    },
    {
      "quarter": "Q4 2009",
      "income status": {
        "Net sales": 213467,
        "Cost of goods sold": 157491,
        "Gross Profit": 55976,
        "Financial expenses": -2477,
        "Of which: Interest expense": 1546,
        "Cost of sales": 11476,
        "Enterprise cost management": 7770,
        "Total Operating Expenses": 16769,
        "Total revenue financing activities": 3657,
        "Net profit from business activities": 42864,
        "Profit": -277,
        "Profit before tax": 42588,
        "Present corporate income tax expenses": 11030,
        "Deferred income taxes expenses": "N/A",
        "The interests of minority shareholders": "N/A",
        "Total Cost of profits": 11030,
        "Profit after tax corporate income": 31557,
        "Volume": 8123645,
        "Close of Quarter": 16.6,
        "EPS": 5632.0,
        "Non-adjusted EPS": 12670,
        "PE": 1.3,
        "Book Price": 21.3
      }
    },
    {
      "quarter": "Q3 2009",
      "income status": {
        "Net sales": 149348,
        "Cost of goods sold": 109233,
        "Gross Profit": 40115,
        "Financial expenses": 3002,
        "Of which: Interest expense": 1578,
        "Cost of sales": 17819,
        "Enterprise cost management": 5019,
        "Total Operating Expenses": 25840,
        "Total revenue financing activities": 1173,
        "Net profit from business activities": 15447,
        "Profit": 162,
        "Profit before tax": 15609,
        "Present corporate income tax expenses": 3902,
        "Deferred income taxes expenses": "N/A",
        "The interests of minority shareholders": "N/A",
        "Total Cost of profits": 3902,
        "Profit after tax corporate income": 11707,
        "Volume": 8133855,
        "Close of Quarter": "N/A",
        "EPS": 4261.2,
        "Non-adjusted EPS": 9574,
        "PE": "N/A",
        "Book Price": 20.2
      }
    },
    {
      "quarter": "Q2 2009",
      "income status": {
        "Net sales": 231036,
        "Cost of goods sold": 164543,
        "Gross Profit": 66493,
        "Financial expenses": 3527,
        "Of which: Interest expense": 1557,
        "Cost of sales": 17065,
        "Enterprise cost management": 8426,
        "Total Operating Expenses": 29018,
        "Total revenue financing activities": 1288,
        "Net profit from business activities": 38763,
        "Profit": -197,
        "Profit before tax": 38565,
        "Present corporate income tax expenses": 9761,
        "Deferred income taxes expenses": "N/A",
        "The interests of minority shareholders": "N/A",
        "Total Cost of profits": 9761,
        "Profit after tax corporate income": 28804,
        "Volume": 8133855,
        "Close of Quarter": "N/A",
        "EPS": 4443.2,
        "Non-adjusted EPS": 9983,
        "PE": "N/A",
        "Book Price": 19.5
      }
    },
    {
      "quarter": "Q1 2009",
      "income status": {
        "Net sales": 223149,
        "Cost of goods sold": 161282,
        "Gross Profit": 61868,
        "Financial expenses": 6076,
        "Of which: Interest expense": 715,
        "Cost of sales": 10206,
        "Enterprise cost management": 4949,
        "Total Operating Expenses": 21231,
        "Total revenue financing activities": 512,
        "Net profit from business activities": 41149,
        "Profit": 31,
        "Profit before tax": 41180,
        "Present corporate income tax expenses": 10320,
        "Deferred income taxes expenses": "N/A",
        "The interests of minority shareholders": "N/A",
        "Total Cost of profits": 10320,
        "Profit after tax corporate income": 30861,
        "Volume": 8133855,
        "Close of Quarter": "N/A",
        "EPS": 3529,
        "Non-adjusted EPS": 7929,
        "PE": "N/A",
        "Book Price": "N/A"
      }
    },
    {
      "quarter": "Q4 2008",
      "income status": {
        "Net sales": 146732,
        "Cost of goods sold": 90950,
        "Gross Profit": 55782,
        "Financial expenses": 12437,
        "Of which: Interest expense": 1278,
        "Cost of sales": 16032,
        "Enterprise cost management": 9950,
        "Total Operating Expenses": 38419,
        "Total revenue financing activities": -1539,
        "Net profit from business activities": 15823,
        "Profit": -2344,
        "Profit before tax": 13480,
        "Present corporate income tax expenses": 6979,
        "Deferred income taxes expenses": "N/A",
        "The interests of minority shareholders": "N/A",
        "Total Cost of profits": 6979,
        "Profit after tax corporate income": 6501,
        "Volume": 8133855,
        "Close of Quarter": "N/A",
        "EPS": 1840.4,
        "Non-adjusted EPS": 4135,
        "PE": "N/A",
        "Book Price": "N/A"
      }
    },
    {
      "quarter": "Q3 2008",
      "income status": {
        "Net sales": 105694,
        "Cost of goods sold": 67565,
        "Gross Profit": 38129,
        "Financial expenses": 8286,
        "Of which: Interest expense": 1971,
        "Cost of sales": 11439,
        "Enterprise cost management": 3684,
        "Total Operating Expenses": 23409,
        "Total revenue financing activities": 4761,
        "Net profit from business activities": 19480,
        "Profit": 562,
        "Profit before tax": 20042,
        "Present corporate income tax expenses": 5010,
        "Deferred income taxes expenses": "N/A",
        "The interests of minority shareholders": "N/A",
        "Total Cost of profits": 5010,
        "Profit after tax corporate income": 15031,
        "Volume": 8133855,
        "Close of Quarter": "N/A",
        "EPS": 1484.8,
        "Non-adjusted EPS": 3336,
        "PE": "N/A",
        "Book Price": "N/A"
      }
    },
    {
      "quarter": "Q2 2008",
      "income status": {
        "Net sales": 176449,
        "Cost of goods sold": 135503,
        "Gross Profit": 40946,
        "Financial expenses": 4616,
        "Of which: Interest expense": 1711,
        "Cost of sales": 16382,
        "Enterprise cost management": 5322,
        "Total Operating Expenses": 26320,
        "Total revenue financing activities": 2104,
        "Net profit from business activities": 16729,
        "Profit": 79,
        "Profit before tax": 16808,
        "Present corporate income tax expenses": 4706,
        "Deferred income taxes expenses": "N/A",
        "The interests of minority shareholders": "N/A",
        "Total Cost of profits": 4706,
        "Profit after tax corporate income": 12102,
        "Volume": 8133855,
        "Close of Quarter": "N/A",
        "EPS": 662.3,
        "Non-adjusted EPS": 1488,
        "PE": "N/A",
        "Book Price": "N/A"
      }
    }
  ]
}