{
  "ticker": "ITA",
  "data": [
    {
      "quarter": "Q1 2017",
      "income status": {
        "Net sales": 148579,
        "Cost of goods sold": 82974,
        "Gross Profit": 65605,
        "Financial expenses": 22241,
        "Of which: Interest expense": 11758,
        "Cost of sales": 989,
        "Enterprise cost management": 16015,
        "Total Operating Expenses": 39245,
        "Total revenue financing activities": 3201,
        "Net profit from business activities": 29205,
        "Profit": 1912,
        "Profit before tax": 31117,
        "Present corporate income tax expenses": 7747,
        "Deferred income taxes expenses": -359,
        "The interests of minority shareholders": 337,
        "Total Cost of profits": 7725,
        "Profit after tax corporate income": 23392,
        "Volume": 837844851,
        "Close of Quarter": 4.0,
        "EPS": 71,
        "Non-adjusted EPS": 71,
        "PE": 56.8,
        "Book Price": 12.3
      }
    },
    {
      "quarter": "Q4 2016",
      "income status": {
        "Net sales": 42623,
        "Cost of goods sold": 21435,
        "Gross Profit": 21189,
        "Financial expenses": 6768,
        "Of which: Interest expense": 6768,
        "Cost of sales": 353,
        "Enterprise cost management": 11358,
        "Total Operating Expenses": 18479,
        "Total revenue financing activities": 23080,
        "Net profit from business activities": 25443,
        "Profit": -778,
        "Profit before tax": 24665,
        "Present corporate income tax expenses": 1645,
        "Deferred income taxes expenses": 145,
        "The interests of minority shareholders": 330,
        "Total Cost of profits": 2120,
        "Profit after tax corporate income": 22546,
        "Volume": 837844851,
        "Close of Quarter": 4.0,
        "EPS": 63,
        "Non-adjusted EPS": 63,
        "PE": 63.3,
        "Book Price": 12.3
      }
    },
    {
      "quarter": "Q3 2016",
      "income status": {
        "Net sales": 4588,
        "Cost of goods sold": 21580,
        "Gross Profit": -16992,
        "Financial expenses": 18784,
        "Of which: Interest expense": 18784,
        "Cost of sales": 321,
        "Enterprise cost management": 11816,
        "Total Operating Expenses": 30921,
        "Total revenue financing activities": 53338,
        "Net profit from business activities": 5033,
        "Profit": -1717,
        "Profit before tax": 3317,
        "Present corporate income tax expenses": 1689,
        "Deferred income taxes expenses": 349,
        "The interests of minority shareholders": 574,
        "Total Cost of profits": 2612,
        "Profit after tax corporate income": 704,
        "Volume": 837844851,
        "Close of Quarter": 4.2,
        "EPS": 30,
        "Non-adjusted EPS": 30,
        "PE": 139,
        "Book Price": 12.3
      }
    },
    {
      "quarter": "Q2 2016",
      "income status": {
        "Net sales": 87847,
        "Cost of goods sold": 43933,
        "Gross Profit": 43914,
        "Financial expenses": 33984,
        "Of which: Interest expense": 11535,
        "Cost of sales": 813,
        "Enterprise cost management": 13749,
        "Total Operating Expenses": 48546,
        "Total revenue financing activities": 4872,
        "Net profit from business activities": 3568,
        "Profit": 6727,
        "Profit before tax": 10294,
        "Present corporate income tax expenses": 3252,
        "Deferred income taxes expenses": -5845,
        "The interests of minority shareholders": 147,
        "Total Cost of profits": -2446,
        "Profit after tax corporate income": 12740,
        "Volume": 837844851,
        "Close of Quarter": 4.3,
        "EPS": 103,
        "Non-adjusted EPS": 103,
        "PE": 41.8,
        "Book Price": 12.3
      }
    },
    {
      "quarter": "Q1 2016",
      "income status": {
        "Net sales": 93243,
        "Cost of goods sold": 32988,
        "Gross Profit": 60255,
        "Financial expenses": 28329,
        "Of which: Interest expense": 27999,
        "Cost of sales": 231,
        "Enterprise cost management": 11301,
        "Total Operating Expenses": 39861,
        "Total revenue financing activities": 4292,
        "Net profit from business activities": 24577,
        "Profit": 1804,
        "Profit before tax": 26381,
        "Present corporate income tax expenses": 4707,
        "Deferred income taxes expenses": 4338,
        "The interests of minority shareholders": 283,
        "Total Cost of profits": 9328,
        "Profit after tax corporate income": 17052,
        "Volume": 837844851,
        "Close of Quarter": 4.8,
        "EPS": 164,
        "Non-adjusted EPS": 164,
        "PE": 29.3,
        "Book Price": 11.1
      }
    },
    {
      "quarter": "Q4 2015",
      "income status": {
        "Net sales": -7664,
        "Cost of goods sold": 10050,
        "Gross Profit": -17714,
        "Financial expenses": 291566,
        "Of which: Interest expense": 276583,
        "Cost of sales": 155,
        "Enterprise cost management": 15303,
        "Total Operating Expenses": 307024,
        "Total revenue financing activities": 134839,
        "Net profit from business activities": -190342,
        "Profit": 180672,
        "Profit before tax": -9669,
        "Present corporate income tax expenses": -5095,
        "Deferred income taxes expenses": -62,
        "The interests of minority shareholders": 555,
        "Total Cost of profits": -4602,
        "Profit after tax corporate income": -5067,
        "Volume": 837844851,
        "Close of Quarter": 5.6,
        "EPS": 203,
        "Non-adjusted EPS": 203,
        "PE": 27.6,
        "Book Price": 11.2
      }
    },
    {
      "quarter": "Q3 2015",
      "income status": {
        "Net sales": 137159,
        "Cost of goods sold": 47765,
        "Gross Profit": 89394,
        "Financial expenses": 38151,
        "Of which: Interest expense": 31494,
        "Cost of sales": 325,
        "Enterprise cost management": 1283,
        "Total Operating Expenses": 39759,
        "Total revenue financing activities": 20025,
        "Net profit from business activities": 69535,
        "Profit": 5288,
        "Profit before tax": 74823,
        "Present corporate income tax expenses": 17205,
        "Deferred income taxes expenses": -4381,
        "The interests of minority shareholders": 77,
        "Total Cost of profits": 12901,
        "Profit after tax corporate income": 61922,
        "Volume": 837844851,
        "Close of Quarter": 5.2,
        "EPS": 279,
        "Non-adjusted EPS": 279,
        "PE": 18.6,
        "Book Price": 11.1
      }
    },
    {
      "quarter": "Q2 2015",
      "income status": {
        "Net sales": 135636,
        "Cost of goods sold": 26708,
        "Gross Profit": 108927,
        "Financial expenses": 38637,
        "Of which: Interest expense": 24452,
        "Cost of sales": 1035,
        "Enterprise cost management": 21737,
        "Total Operating Expenses": 61409,
        "Total revenue financing activities": 24718,
        "Net profit from business activities": 71792,
        "Profit": 3869,
        "Profit before tax": 75660,
        "Present corporate income tax expenses": -4054,
        "Deferred income taxes expenses": 15843,
        "The interests of minority shareholders": -2,
        "Total Cost of profits": 11787,
        "Profit after tax corporate income": 63873,
        "Volume": 837844851,
        "Close of Quarter": 6.5,
        "EPS": 253,
        "Non-adjusted EPS": 253,
        "PE": 25.7,
        "Book Price": 11
      }
    },
    {
      "quarter": "Q1 2015",
      "income status": {
        "Net sales": 443777,
        "Cost of goods sold": 336918,
        "Gross Profit": 106859,
        "Financial expenses": 29609,
        "Of which: Interest expense": 19649,
        "Cost of sales": 704,
        "Enterprise cost management": 14429,
        "Total Operating Expenses": 44742,
        "Total revenue financing activities": 5743,
        "Net profit from business activities": 67732,
        "Profit": 39,
        "Profit before tax": 67771,
        "Present corporate income tax expenses": 16205,
        "Deferred income taxes expenses": 2040,
        "The interests of minority shareholders": 44,
        "Total Cost of profits": 18289,
        "Profit after tax corporate income": 49482,
        "Volume": 837844851,
        "Close of Quarter": 6.9,
        "EPS": 154,
        "Non-adjusted EPS": 154,
        "PE": 44.8,
        "Book Price": 11
      }
    },
    {
      "quarter": "Q4 2014",
      "income status": {
        "Net sales": 35087,
        "Cost of goods sold": 26896,
        "Gross Profit": 8192,
        "Financial expenses": 17626,
        "Of which: Interest expense": 16992,
        "Cost of sales": "N/A",
        "Enterprise cost management": 12557,
        "Total Operating Expenses": 30183,
        "Total revenue financing activities": 80287,
        "Net profit from business activities": 58295,
        "Profit": 3640,
        "Profit before tax": 61935,
        "Present corporate income tax expenses": 959,
        "Deferred income taxes expenses": 2561,
        "The interests of minority shareholders": -5,
        "Total Cost of profits": 3515,
        "Profit after tax corporate income": 58420,
        "Volume": 718467913,
        "Close of Quarter": 8,
        "EPS": 118.3,
        "Non-adjusted EPS": 138,
        "PE": 58.0,
        "Book Price": 9.5
      }
    },
    {
      "quarter": "Q3 2014",
      "income status": {
        "Net sales": 115498,
        "Cost of goods sold": 87190,
        "Gross Profit": 28308,
        "Financial expenses": 21157,
        "Of which: Interest expense": 21157,
        "Cost of sales": "N/A",
        "Enterprise cost management": 12461,
        "Total Operating Expenses": 33618,
        "Total revenue financing activities": 48450,
        "Net profit from business activities": 43248,
        "Profit": -61,
        "Profit before tax": 43187,
        "Present corporate income tax expenses": -1358,
        "Deferred income taxes expenses": 2217,
        "The interests of minority shareholders": 1858,
        "Total Cost of profits": 2717,
        "Profit after tax corporate income": 40471,
        "Volume": 718467913,
        "Close of Quarter": 8.8,
        "EPS": 72.0,
        "Non-adjusted EPS": 84,
        "PE": 104.8,
        "Book Price": 9.5
      }
    },
    {
      "quarter": "Q2 2014",
      "income status": {
        "Net sales": 101517,
        "Cost of goods sold": 1834,
        "Gross Profit": 99683,
        "Financial expenses": 23685,
        "Of which: Interest expense": 18319,
        "Cost of sales": 1171,
        "Enterprise cost management": 17558,
        "Total Operating Expenses": 42414,
        "Total revenue financing activities": -13842,
        "Net profit from business activities": 43208,
        "Profit": 10272,
        "Profit before tax": 53480,
        "Present corporate income tax expenses": 3109,
        "Deferred income taxes expenses": 12894,
        "The interests of minority shareholders": 56802,
        "Total Cost of profits": 72805,
        "Profit after tax corporate income": -19324,
        "Volume": 718467913,
        "Close of Quarter": 8,
        "EPS": 34.3,
        "Non-adjusted EPS": 40,
        "PE": 200,
        "Book Price": 9.4
      }
    },
    {
      "quarter": "Q1 2014",
      "income status": {
        "Net sales": 50582,
        "Cost of goods sold": 24092,
        "Gross Profit": 26490,
        "Financial expenses": 24073,
        "Of which: Interest expense": 23831,
        "Cost of sales": 196,
        "Enterprise cost management": 11054,
        "Total Operating Expenses": 35323,
        "Total revenue financing activities": 26949,
        "Net profit from business activities": 18148,
        "Profit": 3207,
        "Profit before tax": 21356,
        "Present corporate income tax expenses": 3233,
        "Deferred income taxes expenses": -1598,
        "The interests of minority shareholders": 177,
        "Total Cost of profits": 1812,
        "Profit after tax corporate income": 19543,
        "Volume": 718467913,
        "Close of Quarter": 10.1,
        "EPS": 60.0,
        "Non-adjusted EPS": 70,
        "PE": 144.3,
        "Book Price": 9.4
      }
    },
    {
      "quarter": "Q4 2013",
      "income status": {
        "Net sales": 41201,
        "Cost of goods sold": 40327,
        "Gross Profit": 874,
        "Financial expenses": 35136,
        "Of which: Interest expense": 19965,
        "Cost of sales": 1989,
        "Enterprise cost management": 22644,
        "Total Operating Expenses": 59769,
        "Total revenue financing activities": 86244,
        "Net profit from business activities": 27350,
        "Profit": -4120,
        "Profit before tax": 23182,
        "Present corporate income tax expenses": 3479,
        "Deferred income taxes expenses": -2194,
        "The interests of minority shareholders": 2361,
        "Total Cost of profits": 3646,
        "Profit after tax corporate income": 19537,
        "Volume": 618467913,
        "Close of Quarter": 6.6,
        "EPS": 39.1,
        "Non-adjusted EPS": 53,
        "PE": 124.5,
        "Book Price": 8.5
      }
    },
    {
      "quarter": "Q3 2013",
      "income status": {
        "Net sales": -18757,
        "Cost of goods sold": -3230,
        "Gross Profit": -15527,
        "Financial expenses": 18281,
        "Of which: Interest expense": 18281,
        "Cost of sales": "N/A",
        "Enterprise cost management": 8521,
        "Total Operating Expenses": 26802,
        "Total revenue financing activities": 56272,
        "Net profit from business activities": 13942,
        "Profit": 4506,
        "Profit before tax": 18347,
        "Present corporate income tax expenses": -3742,
        "Deferred income taxes expenses": 12669,
        "The interests of minority shareholders": 335,
        "Total Cost of profits": 9262,
        "Profit after tax corporate income": 9084,
        "Volume": 618467913,
        "Close of Quarter": 6.1,
        "EPS": 17.7,
        "Non-adjusted EPS": 24,
        "PE": 254.2,
        "Book Price": 8.4
      }
    },
    {
      "quarter": "Q2 2013",
      "income status": {
        "Net sales": 46967,
        "Cost of goods sold": 21719,
        "Gross Profit": 25248,
        "Financial expenses": 31576,
        "Of which: Interest expense": 20931,
        "Cost of sales": 1032,
        "Enterprise cost management": 17390,
        "Total Operating Expenses": 49998,
        "Total revenue financing activities": 15150,
        "Net profit from business activities": -9600,
        "Profit": 26168,
        "Profit before tax": 16552,
        "Present corporate income tax expenses": 7625,
        "Deferred income taxes expenses": 6567,
        "The interests of minority shareholders": 84,
        "Total Cost of profits": 14276,
        "Profit after tax corporate income": 2276,
        "Volume": 560253243,
        "Close of Quarter": 6.2,
        "EPS": 20.1,
        "Non-adjusted EPS": 30,
        "PE": 206,
        "Book Price": 8.4
      }
    },
    {
      "quarter": "Q1 2013",
      "income status": {
        "Net sales": -6764,
        "Cost of goods sold": -15420,
        "Gross Profit": 8655,
        "Financial expenses": 27166,
        "Of which: Interest expense": 26855,
        "Cost of sales": 323,
        "Enterprise cost management": 14239,
        "Total Operating Expenses": 41728,
        "Total revenue financing activities": 7601,
        "Net profit from business activities": -25472,
        "Profit": 751,
        "Profit before tax": -24755,
        "Present corporate income tax expenses": 1431,
        "Deferred income taxes expenses": -28265,
        "The interests of minority shareholders": 33,
        "Total Cost of profits": -26801,
        "Profit after tax corporate income": 2046,
        "Volume": 560253243,
        "Close of Quarter": 6,
        "EPS": 18.1,
        "Non-adjusted EPS": 27,
        "PE": 222.2,
        "Book Price": 8.4
      }
    },
    {
      "quarter": "Q4 2012",
      "income status": {
        "Net sales": 207382,
        "Cost of goods sold": 158416,
        "Gross Profit": 48966,
        "Financial expenses": 36229,
        "Of which: Interest expense": 35877,
        "Cost of sales": 74,
        "Enterprise cost management": 8691,
        "Total Operating Expenses": 44994,
        "Total revenue financing activities": 10320,
        "Net profit from business activities": 14293,
        "Profit": 1721,
        "Profit before tax": 16014,
        "Present corporate income tax expenses": -7533,
        "Deferred income taxes expenses": 22294,
        "The interests of minority shareholders": -61,
        "Total Cost of profits": 14700,
        "Profit after tax corporate income": 1313,
        "Volume": 444575211,
        "Close of Quarter": 4.3,
        "EPS": 21.2,
        "Non-adjusted EPS": 40,
        "PE": 106.8,
        "Book Price": 7
      }
    },
    {
      "quarter": "Q3 2012",
      "income status": {
        "Net sales": -232952,
        "Cost of goods sold": -287974,
        "Gross Profit": 55022,
        "Financial expenses": 23815,
        "Of which: Interest expense": 24580,
        "Cost of sales": 122,
        "Enterprise cost management": 6298,
        "Total Operating Expenses": 30235,
        "Total revenue financing activities": 7931,
        "Net profit from business activities": 32717,
        "Profit": 1806,
        "Profit before tax": 34447,
        "Present corporate income tax expenses": 2174,
        "Deferred income taxes expenses": 20857,
        "The interests of minority shareholders": 487,
        "Total Cost of profits": 23518,
        "Profit after tax corporate income": 10929,
        "Volume": 444575211,
        "Close of Quarter": 4.1,
        "EPS": 76.9,
        "Non-adjusted EPS": 145,
        "PE": 28.2,
        "Book Price": 7
      }
    },
    {
      "quarter": "Q2 2012",
      "income status": {
        "Net sales": 35160,
        "Cost of goods sold": 30509,
        "Gross Profit": 4651,
        "Financial expenses": 50777,
        "Of which: Interest expense": 49727,
        "Cost of sales": 990,
        "Enterprise cost management": 22646,
        "Total Operating Expenses": 74413,
        "Total revenue financing activities": 1606,
        "Net profit from business activities": -68156,
        "Profit": -1091,
        "Profit before tax": -17638,
        "Present corporate income tax expenses": 2971,
        "Deferred income taxes expenses": -21209,
        "The interests of minority shareholders": -411,
        "Total Cost of profits": -18649,
        "Profit after tax corporate income": 1011,
        "Volume": 444575211,
        "Close of Quarter": 6.3,
        "EPS": 85.4,
        "Non-adjusted EPS": 161,
        "PE": 38.9,
        "Book Price": 7
      }
    },
    {
      "quarter": "Q1 2012",
      "income status": {
        "Net sales": 34712,
        "Cost of goods sold": 17294,
        "Gross Profit": 17417,
        "Financial expenses": 14431,
        "Of which: Interest expense": 14289,
        "Cost of sales": 210,
        "Enterprise cost management": 18611,
        "Total Operating Expenses": 33252,
        "Total revenue financing activities": 19663,
        "Net profit from business activities": 3828,
        "Profit": 1496,
        "Profit before tax": 5358,
        "Present corporate income tax expenses": 2399,
        "Deferred income taxes expenses": -1799,
        "The interests of minority shareholders": 49,
        "Total Cost of profits": 649,
        "Profit after tax corporate income": 4709,
        "Volume": 341982569,
        "Close of Quarter": 7.7,
        "EPS": 109.8,
        "Non-adjusted EPS": 269,
        "PE": 28.6,
        "Book Price": 7.0
      }
    },
    {
      "quarter": "Q4 2011",
      "income status": {
        "Net sales": 67791,
        "Cost of goods sold": 41630,
        "Gross Profit": 26161,
        "Financial expenses": 30475,
        "Of which: Interest expense": 23036,
        "Cost of sales": "N/A",
        "Enterprise cost management": 7903,
        "Total Operating Expenses": 38378,
        "Total revenue financing activities": 45423,
        "Net profit from business activities": 33206,
        "Profit": 10240,
        "Profit before tax": 43436,
        "Present corporate income tax expenses": 12971,
        "Deferred income taxes expenses": -18751,
        "The interests of minority shareholders": 1406,
        "Total Cost of profits": -4374,
        "Profit after tax corporate income": 47810,
        "Volume": 341982569,
        "Close of Quarter": 4.6,
        "EPS": 141.2,
        "Non-adjusted EPS": 346,
        "PE": 13.2,
        "Book Price": 7.0
      }
    },
    {
      "quarter": "Q3 2011",
      "income status": {
        "Net sales": 81896,
        "Cost of goods sold": 36971,
        "Gross Profit": 44924,
        "Financial expenses": 64566,
        "Of which: Interest expense": 60997,
        "Cost of sales": 18,
        "Enterprise cost management": 13746,
        "Total Operating Expenses": 78330,
        "Total revenue financing activities": 38351,
        "Net profit from business activities": 4945,
        "Profit": 2732,
        "Profit before tax": 81771,
        "Present corporate income tax expenses": -4567,
        "Deferred income taxes expenses": -5997,
        "The interests of minority shareholders": 190,
        "Total Cost of profits": -10374,
        "Profit after tax corporate income": 18005,
        "Volume": 341982569,
        "Close of Quarter": 6.9,
        "EPS": 573.5,
        "Non-adjusted EPS": 1405,
        "PE": 4.9,
        "Book Price": 7.0
      }
    },
    {
      "quarter": "Q2 2011",
      "income status": {
        "Net sales": 142130,
        "Cost of goods sold": 55585,
        "Gross Profit": 86545,
        "Financial expenses": 38024,
        "Of which: Interest expense": 20765,
        "Cost of sales": 45,
        "Enterprise cost management": 47477,
        "Total Operating Expenses": 85546,
        "Total revenue financing activities": 19361,
        "Net profit from business activities": 20359,
        "Profit": 6153,
        "Profit before tax": 26402,
        "Present corporate income tax expenses": 9018,
        "Deferred income taxes expenses": -4058,
        "The interests of minority shareholders": 60,
        "Total Cost of profits": 5020,
        "Profit after tax corporate income": 21382,
        "Volume": 341982569,
        "Close of Quarter": 7.4,
        "EPS": 659.2,
        "Non-adjusted EPS": 1615,
        "PE": 4.6,
        "Book Price": 7.0
      }
    },
    {
      "quarter": "Q1 2011",
      "income status": {
        "Net sales": 100457,
        "Cost of goods sold": 33263,
        "Gross Profit": 67194,
        "Financial expenses": 14700,
        "Of which: Interest expense": 7587,
        "Cost of sales": 66,
        "Enterprise cost management": 15491,
        "Total Operating Expenses": 30257,
        "Total revenue financing activities": 3410,
        "Net profit from business activities": 40347,
        "Profit": 1006,
        "Profit before tax": 41242,
        "Present corporate income tax expenses": 1810,
        "Deferred income taxes expenses": 7419,
        "The interests of minority shareholders": 969,
        "Total Cost of profits": 10198,
        "Profit after tax corporate income": 31045,
        "Volume": 340695569,
        "Close of Quarter": 9.7,
        "EPS": 764.9,
        "Non-adjusted EPS": 1881,
        "PE": 5.1,
        "Book Price": 7.0
      }
    },
    {
      "quarter": "Q4 2010",
      "income status": {
        "Net sales": 960389,
        "Cost of goods sold": 688410,
        "Gross Profit": 271979,
        "Financial expenses": 18492,
        "Of which: Interest expense": 13788,
        "Cost of sales": 130,
        "Enterprise cost management": 16880,
        "Total Operating Expenses": 35502,
        "Total revenue financing activities": 241111,
        "Net profit from business activities": 477587,
        "Profit": 1697,
        "Profit before tax": 479284,
        "Present corporate income tax expenses": 25996,
        "Deferred income taxes expenses": 41149,
        "The interests of minority shareholders": 2247,
        "Total Cost of profits": 69392,
        "Profit after tax corporate income": 409892,
        "Volume": 340695569,
        "Close of Quarter": 11.6,
        "EPS": 836.0,
        "Non-adjusted EPS": 2056,
        "PE": 5.7,
        "Book Price": 6.9
      }
    },
    {
      "quarter": "Q3 2010",
      "income status": {
        "Net sales": 337338,
        "Cost of goods sold": 213229,
        "Gross Profit": 124109,
        "Financial expenses": 17208,
        "Of which: Interest expense": 14815,
        "Cost of sales": 475,
        "Enterprise cost management": 21304,
        "Total Operating Expenses": 38987,
        "Total revenue financing activities": 25782,
        "Net profit from business activities": 110904,
        "Profit": 5742,
        "Profit before tax": 116615,
        "Present corporate income tax expenses": 23026,
        "Deferred income taxes expenses": 1662,
        "The interests of minority shareholders": 1981,
        "Total Cost of profits": 26669,
        "Profit after tax corporate income": 89946,
        "Volume": 341236099,
        "Close of Quarter": 12.1,
        "EPS": 670.8,
        "Non-adjusted EPS": 1647,
        "PE": 7.4,
        "Book Price": 6.4
      }
    },
    {
      "quarter": "Q2 2010",
      "income status": {
        "Net sales": 795237,
        "Cost of goods sold": 742678,
        "Gross Profit": 52559,
        "Financial expenses": 9719,
        "Of which: Interest expense": 9538,
        "Cost of sales": 231,
        "Enterprise cost management": 23390,
        "Total Operating Expenses": 33340,
        "Total revenue financing activities": 99615,
        "Net profit from business activities": 118834,
        "Profit": 2282,
        "Profit before tax": 121086,
        "Present corporate income tax expenses": 12944,
        "Deferred income taxes expenses": -3415,
        "The interests of minority shareholders": 1571,
        "Total Cost of profits": 11100,
        "Profit after tax corporate income": 109985,
        "Volume": 213408325,
        "Close of Quarter": 15.5,
        "EPS": 691.8,
        "Non-adjusted EPS": 2716,
        "PE": 5.7,
        "Book Price": 6.3
      }
    },
    {
      "quarter": "Q1 2010",
      "income status": {
        "Net sales": 381723,
        "Cost of goods sold": 280054,
        "Gross Profit": 101668,
        "Financial expenses": 8729,
        "Of which: Interest expense": 5744,
        "Cost of sales": 181,
        "Enterprise cost management": 19569,
        "Total Operating Expenses": 28479,
        "Total revenue financing activities": 36038,
        "Net profit from business activities": 109228,
        "Profit": 3103,
        "Profit before tax": 112283,
        "Present corporate income tax expenses": 11746,
        "Deferred income taxes expenses": 8840,
        "The interests of minority shareholders": 1019,
        "Total Cost of profits": 21605,
        "Profit after tax corporate income": 90678,
        "Volume": 205947793,
        "Close of Quarter": 15.7,
        "EPS": 624.8,
        "Non-adjusted EPS": 2542,
        "PE": 6.2,
        "Book Price": 6.2
      }
    },
    {
      "quarter": "Q4 2009",
      "income status": {
        "Net sales": 281693,
        "Cost of goods sold": 174758,
        "Gross Profit": 106935,
        "Financial expenses": 21509,
        "Of which: Interest expense": "N/A",
        "Cost of sales": 2,
        "Enterprise cost management": 25498,
        "Total Operating Expenses": 47009,
        "Total revenue financing activities": 216838,
        "Net profit from business activities": 276764,
        "Profit": 21263,
        "Profit before tax": 297978,
        "Present corporate income tax expenses": 23829,
        "Deferred income taxes expenses": "N/A",
        "The interests of minority shareholders": 2716,
        "Total Cost of profits": 26545,
        "Profit after tax corporate income": 271433,
        "Volume": 205947793,
        "Close of Quarter": 15.3,
        "EPS": 560.7,
        "Non-adjusted EPS": 2281,
        "PE": 6.7,
        "Book Price": 6.1
      }
    },
    {
      "quarter": "Q3 2009",
      "income status": {
        "Net sales": 345865,
        "Cost of goods sold": 182327,
        "Gross Profit": 163538,
        "Financial expenses": 5534,
        "Of which: Interest expense": 5534,
        "Cost of sales": 383,
        "Enterprise cost management": 20056,
        "Total Operating Expenses": 25973,
        "Total revenue financing activities": 20144,
        "Net profit from business activities": 157708,
        "Profit": 202,
        "Profit before tax": 157910,
        "Present corporate income tax expenses": 20220,
        "Deferred income taxes expenses": 30117,
        "The interests of minority shareholders": 88,
        "Total Cost of profits": 50425,
        "Profit after tax corporate income": 107485,
        "Volume": 203843229,
        "Close of Quarter": 17.5,
        "EPS": 318.0,
        "Non-adjusted EPS": 1307,
        "PE": 13.4,
        "Book Price": 5.8
      }
    },
    {
      "quarter": "Q2 2009",
      "income status": {
        "Net sales": 430624,
        "Cost of goods sold": 384726,
        "Gross Profit": 45897,
        "Financial expenses": 31831,
        "Of which: Interest expense": 5111,
        "Cost of sales": 357,
        "Enterprise cost management": 17585,
        "Total Operating Expenses": 49773,
        "Total revenue financing activities": 81605,
        "Net profit from business activities": 77729,
        "Profit": -15582,
        "Profit before tax": 62098,
        "Present corporate income tax expenses": 4431,
        "Deferred income taxes expenses": 2501,
        "The interests of minority shareholders": 1150,
        "Total Cost of profits": 8082,
        "Profit after tax corporate income": 54017,
        "Volume": 135906948,
        "Close of Quarter": 15.0,
        "EPS": 277.2,
        "Non-adjusted EPS": 1709,
        "PE": 8.8,
        "Book Price": 5.6
      }
    },
    {
      "quarter": "Q1 2009",
      "income status": {
        "Net sales": 164029,
        "Cost of goods sold": 84974,
        "Gross Profit": 79055,
        "Financial expenses": 9788,
        "Of which: Interest expense": 7257,
        "Cost of sales": 373,
        "Enterprise cost management": 14586,
        "Total Operating Expenses": 24747,
        "Total revenue financing activities": 6446,
        "Net profit from business activities": 60754,
        "Profit": 243,
        "Profit before tax": 60997,
        "Present corporate income tax expenses": 5544,
        "Deferred income taxes expenses": 17658,
        "The interests of minority shareholders": 912,
        "Total Cost of profits": 24114,
        "Profit after tax corporate income": 36882,
        "Volume": 135906948,
        "Close of Quarter": 7.5,
        "EPS": 279.5,
        "Non-adjusted EPS": 1723,
        "PE": 4.3,
        "Book Price": 5.6
      }
    },
    {
      "quarter": "Q4 2008",
      "income status": {
        "Net sales": 421609,
        "Cost of goods sold": 333888,
        "Gross Profit": 87721,
        "Financial expenses": 10426,
        "Of which: Interest expense": 8138,
        "Cost of sales": 118,
        "Enterprise cost management": 31829,
        "Total Operating Expenses": 42373,
        "Total revenue financing activities": 43573,
        "Net profit from business activities": 88922,
        "Profit": 1689,
        "Profit before tax": 111712,
        "Present corporate income tax expenses": 6944,
        "Deferred income taxes expenses": 27517,
        "The interests of minority shareholders": 9239,
        "Total Cost of profits": 43700,
        "Profit after tax corporate income": 68011,
        "Volume": 132244765,
        "Close of Quarter": 7.8,
        "EPS": 355.9,
        "Non-adjusted EPS": 2255,
        "PE": 3.5,
        "Book Price": 5.5
      }
    },
    {
      "quarter": "Q3 2008",
      "income status": {
        "Net sales": 258805,
        "Cost of goods sold": 166493,
        "Gross Profit": 92311,
        "Financial expenses": 8751,
        "Of which: Interest expense": 8467,
        "Cost of sales": 167,
        "Enterprise cost management": 16275,
        "Total Operating Expenses": 25193,
        "Total revenue financing activities": 31468,
        "Net profit from business activities": 98586,
        "Profit": 202,
        "Profit before tax": 97161,
        "Present corporate income tax expenses": 6603,
        "Deferred income taxes expenses": 13235,
        "The interests of minority shareholders": 3949,
        "Total Cost of profits": 23787,
        "Profit after tax corporate income": 73375,
        "Volume": 114999730,
        "Close of Quarter": 13.8,
        "EPS": 449.1,
        "Non-adjusted EPS": 3272,
        "PE": 4.2,
        "Book Price": 5.5
      }
    },
    {
      "quarter": "Q2 2008",
      "income status": {
        "Net sales": 165584,
        "Cost of goods sold": 59192,
        "Gross Profit": 106392,
        "Financial expenses": 34294,
        "Of which: Interest expense": 6217,
        "Cost of sales": 417,
        "Enterprise cost management": 23818,
        "Total Operating Expenses": 58529,
        "Total revenue financing activities": 47648,
        "Net profit from business activities": 95511,
        "Profit": 1056,
        "Profit before tax": 76319,
        "Present corporate income tax expenses": -1913,
        "Deferred income taxes expenses": 16926,
        "The interests of minority shareholders": 5395,
        "Total Cost of profits": 20408,
        "Profit after tax corporate income": 55910,
        "Volume": 114999730,
        "Close of Quarter": 22.6,
        "EPS": 455.7,
        "Non-adjusted EPS": 3320,
        "PE": 6.8,
        "Book Price": 5.4
      }
    },
    {
      "quarter": "Q1 2008",
      "income status": {
        "Net sales": 255476,
        "Cost of goods sold": 115064,
        "Gross Profit": 140412,
        "Financial expenses": 43776,
        "Of which: Interest expense": 5319,
        "Cost of sales": 82,
        "Enterprise cost management": 17711,
        "Total Operating Expenses": 61569,
        "Total revenue financing activities": 40564,
        "Net profit from business activities": 119407,
        "Profit": 413,
        "Profit before tax": 119820,
        "Present corporate income tax expenses": 18609,
        "Deferred income taxes expenses": "N/A",
        "The interests of minority shareholders": 259,
        "Total Cost of profits": 18868,
        "Profit after tax corporate income": 100951,
        "Volume": 114999730,
        "Close of Quarter": 18.1,
        "EPS": 482.5,
        "Non-adjusted EPS": 3515,
        "PE": 5.2,
        "Book Price": 5.2
      }
    },
    {
      "quarter": "Q4 2007",
      "income status": {
        "Net sales": 286655,
        "Cost of goods sold": 82366,
        "Gross Profit": 204289,
        "Financial expenses": 6417,
        "Of which: Interest expense": 6391,
        "Cost of sales": 367,
        "Enterprise cost management": 26452,
        "Total Operating Expenses": 33236,
        "Total revenue financing activities": 6428,
        "Net profit from business activities": 177480,
        "Profit": 1118,
        "Profit before tax": 177678,
        "Present corporate income tax expenses": 27396,
        "Deferred income taxes expenses": -1680,
        "The interests of minority shareholders": 5898,
        "Total Cost of profits": 31614,
        "Profit after tax corporate income": 146064,
        "Volume": 80000000,
        "Close of Quarter": 27.8,
        "EPS": 451.2,
        "Non-adjusted EPS": 4725,
        "PE": 5.9,
        "Book Price": 3.9
      }
    },
    {
      "quarter": "Q3 2007",
      "income status": {
        "Net sales": 217445,
        "Cost of goods sold": 102469,
        "Gross Profit": 114976,
        "Financial expenses": 6951,
        "Of which: Interest expense": 6940,
        "Cost of sales": 67,
        "Enterprise cost management": 17244,
        "Total Operating Expenses": 24262,
        "Total revenue financing activities": 9866,
        "Net profit from business activities": 100581,
        "Profit": 320,
        "Profit before tax": 100901,
        "Present corporate income tax expenses": 19425,
        "Deferred income taxes expenses": "N/A",
        "The interests of minority shareholders": 2579,
        "Total Cost of profits": 22004,
        "Profit after tax corporate income": 78897,
        "Volume": 80000000,
        "Close of Quarter": 30.2,
        "EPS": 393.7,
        "Non-adjusted EPS": 4123,
        "PE": 7.3,
        "Book Price": 2.7
      }
    },
    {
      "quarter": "Q2 2007",
      "income status": {
        "Net sales": 234990,
        "Cost of goods sold": 118308,
        "Gross Profit": 116682,
        "Financial expenses": 14846,
        "Of which: Interest expense": 14846,
        "Cost of sales": 4,
        "Enterprise cost management": 11485,
        "Total Operating Expenses": 26335,
        "Total revenue financing activities": 8384,
        "Net profit from business activities": 98731,
        "Profit": 570,
        "Profit before tax": 102557,
        "Present corporate income tax expenses": 19169,
        "Deferred income taxes expenses": "N/A",
        "The interests of minority shareholders": 5060,
        "Total Cost of profits": 24229,
        "Profit after tax corporate income": 78329,
        "Volume": 60000000,
        "Close of Quarter": 26.4,
        "EPS": 336.6,
        "Non-adjusted EPS": 4700,
        "PE": 5.6,
        "Book Price": 1.6
      }
    },
    {
      "quarter": "Q1 2007",
      "income status": {
        "Net sales": 178184,
        "Cost of goods sold": 86757,
        "Gross Profit": 91427,
        "Financial expenses": 14979,
        "Of which: Interest expense": 11379,
        "Cost of sales": "N/A",
        "Enterprise cost management": 8274,
        "Total Operating Expenses": 23253,
        "Total revenue financing activities": 28972,
        "Net profit from business activities": 97147,
        "Profit": 34,
        "Profit before tax": 97181,
        "Present corporate income tax expenses": 18926,
        "Deferred income taxes expenses": "N/A",
        "The interests of minority shareholders": 3554,
        "Total Cost of profits": 22480,
        "Profit after tax corporate income": 74701,
        "Volume": 50000000,
        "Close of Quarter": 27.3,
        "EPS": 292.6,
        "Non-adjusted EPS": 4903,
        "PE": 5.6,
        "Book Price": 1.3
      }
    },
    {
      "quarter": "Q4 2006",
      "income status": {
        "Net sales": 207468,
        "Cost of goods sold": 84636,
        "Gross Profit": 122832,
        "Financial expenses": 6640,
        "Of which: Interest expense": "N/A",
        "Cost of sales": 7,
        "Enterprise cost management": 11501,
        "Total Operating Expenses": 18148,
        "Total revenue financing activities": 15570,
        "Net profit from business activities": 120255,
        "Profit": 997,
        "Profit before tax": 121252,
        "Present corporate income tax expenses": 23344,
        "Deferred income taxes expenses": "N/A",
        "The interests of minority shareholders": "N/A",
        "Total Cost of profits": 23344,
        "Profit after tax corporate income": 97908,
        "Volume": 45000000,
        "Close of Quarter": 14.1,
        "EPS": 212.4,
        "Non-adjusted EPS": 3954,
        "PE": 3.6,
        "Book Price": 0.7
      }
    },
    {
      "quarter": "Q3 2006",
      "income status": {
        "Net sales": 50816,
        "Cost of goods sold": 26958,
        "Gross Profit": 23858,
        "Financial expenses": 8188,
        "Of which: Interest expense": 8188,
        "Cost of sales": 24,
        "Enterprise cost management": 4131,
        "Total Operating Expenses": 12343,
        "Total revenue financing activities": 23072,
        "Net profit from business activities": 34587,
        "Profit": 328,
        "Profit before tax": 34915,
        "Present corporate income tax expenses": 3873,
        "Deferred income taxes expenses": "N/A",
        "The interests of minority shareholders": "N/A",
        "Total Cost of profits": 3873,
        "Profit after tax corporate income": 31042,
        "Volume": 45000000,
        "Close of Quarter": "N/A",
        "EPS": 95.5,
        "Non-adjusted EPS": 1778,
        "PE": "N/A",
        "Book Price": 0.2
      }
    },
    {
      "quarter": "Q2 2006",
      "income status": {
        "Net sales": 65106,
        "Cost of goods sold": 24339,
        "Gross Profit": 40767,
        "Financial expenses": 5592,
        "Of which: Interest expense": 5592,
        "Cost of sales": "N/A",
        "Enterprise cost management": 4764,
        "Total Operating Expenses": 10356,
        "Total revenue financing activities": 14899,
        "Net profit from business activities": 45309,
        "Profit": 1560,
        "Profit before tax": 46870,
        "Present corporate income tax expenses": 5350,
        "Deferred income taxes expenses": "N/A",
        "The interests of minority shareholders": "N/A",
        "Total Cost of profits": 5350,
        "Profit after tax corporate income": 41520,
        "Volume": 45000000,
        "Close of Quarter": "N/A",
        "EPS": 58.4,
        "Non-adjusted EPS": 1088,
        "PE": "N/A",
        "Book Price": 0.5
      }
    },
    {
      "quarter": "Q1 2006",
      "income status": {
        "Net sales": 34977,
        "Cost of goods sold": 19392,
        "Gross Profit": 15585,
        "Financial expenses": 4396,
        "Of which: Interest expense": 4396,
        "Cost of sales": 7,
        "Enterprise cost management": 4294,
        "Total Operating Expenses": 8697,
        "Total revenue financing activities": 2012,
        "Net profit from business activities": 8901,
        "Profit": "N/A",
        "Profit before tax": 8901,
        "Present corporate income tax expenses": 1446,
        "Deferred income taxes expenses": "N/A",
        "The interests of minority shareholders": "N/A",
        "Total Cost of profits": 1446,
        "Profit after tax corporate income": 7455,
        "Volume": 45000000,
        "Close of Quarter": "N/A",
        "EPS": 8.9,
        "Non-adjusted EPS": 166,
        "PE": "N/A",
        "Book Price": "N/A"
      }
    }
  ]
}