{
  "ticker": "HTC",
  "data": [
    {
      "quarter": "Q1 2017",
      "income status": {
        "Net sales": 693942,
        "Cost of goods sold": 667964,
        "Gross Profit": 25978,
        "Financial expenses": 2,
        "Of which: Interest expense": 161,
        "Cost of sales": 8958,
        "Enterprise cost management": 7011,
        "Total Operating Expenses": 15971,
        "Total revenue financing activities": 2788,
        "Net profit from business activities": 12600,
        "Profit": 744,
        "Profit before tax": 13344,
        "Present corporate income tax expenses": 2700,
        "Deferred income taxes expenses": 39,
        "The interests of minority shareholders": "N/A",
        "Total Cost of profits": 2739,
        "Profit after tax corporate income": 10605,
        "Volume": 11000000,
        "Close of Quarter": 32.4,
        "EPS": 6808,
        "Non-adjusted EPS": 6808,
        "PE": 4.8,
        "Book Price": 20.6
      }
    },
    {
      "quarter": "Q4 2016",
      "income status": {
        "Net sales": 290305,
        "Cost of goods sold": 263053,
        "Gross Profit": 27252,
        "Financial expenses": 494,
        "Of which: Interest expense": 11,
        "Cost of sales": 8635,
        "Enterprise cost management": 5760,
        "Total Operating Expenses": 14889,
        "Total revenue financing activities": 2407,
        "Net profit from business activities": 14509,
        "Profit": 281,
        "Profit before tax": 14790,
        "Present corporate income tax expenses": 3271,
        "Deferred income taxes expenses": 52,
        "The interests of minority shareholders": "N/A",
        "Total Cost of profits": 3323,
        "Profit after tax corporate income": 11467,
        "Volume": 10500000,
        "Close of Quarter": 28.9,
        "EPS": 6605.5,
        "Non-adjusted EPS": 6920,
        "PE": 4.2,
        "Book Price": 19.7
      }
    },
    {
      "quarter": "Q3 2016",
      "income status": {
        "Net sales": 487156,
        "Cost of goods sold": 457901,
        "Gross Profit": 29254,
        "Financial expenses": "N/A",
        "Of which: Interest expense": "N/A",
        "Cost of sales": 8544,
        "Enterprise cost management": 11150,
        "Total Operating Expenses": 19694,
        "Total revenue financing activities": 13015,
        "Net profit from business activities": 22370,
        "Profit": 26381,
        "Profit before tax": 48751,
        "Present corporate income tax expenses": 8279,
        "Deferred income taxes expenses": 41,
        "The interests of minority shareholders": "N/A",
        "Total Cost of profits": 8320,
        "Profit after tax corporate income": 40431,
        "Volume": 10500000,
        "Close of Quarter": 30.2,
        "EPS": 6269.5,
        "Non-adjusted EPS": 6568,
        "PE": 4.6,
        "Book Price": 18.7
      }
    },
    {
      "quarter": "Q2 2016",
      "income status": {
        "Net sales": 426824,
        "Cost of goods sold": 400017,
        "Gross Profit": 26807,
        "Financial expenses": 3,
        "Of which: Interest expense": "N/A",
        "Cost of sales": 8567,
        "Enterprise cost management": 7197,
        "Total Operating Expenses": 15767,
        "Total revenue financing activities": 2220,
        "Net profit from business activities": 13048,
        "Profit": 2323,
        "Profit before tax": 15372,
        "Present corporate income tax expenses": 2947,
        "Deferred income taxes expenses": 39,
        "The interests of minority shareholders": "N/A",
        "Total Cost of profits": 2986,
        "Profit after tax corporate income": 12386,
        "Volume": 5250000,
        "Close of Quarter": 31.3,
        "EPS": 3389.6,
        "Non-adjusted EPS": 7102,
        "PE": 4.4,
        "Book Price": 16.3
      }
    },
    {
      "quarter": "Q1 2016",
      "income status": {
        "Net sales": 164732,
        "Cost of goods sold": 142885,
        "Gross Profit": 21847,
        "Financial expenses": "N/A",
        "Of which: Interest expense": "N/A",
        "Cost of sales": 8095,
        "Enterprise cost management": 4944,
        "Total Operating Expenses": 13039,
        "Total revenue financing activities": 1799,
        "Net profit from business activities": 10582,
        "Profit": 1,
        "Profit before tax": 10583,
        "Present corporate income tax expenses": 2203,
        "Deferred income taxes expenses": "N/A",
        "The interests of minority shareholders": "N/A",
        "Total Cost of profits": 2203,
        "Profit after tax corporate income": 8380,
        "Volume": 5250000,
        "Close of Quarter": 18.5,
        "EPS": 3194.4,
        "Non-adjusted EPS": 6693,
        "PE": 2.8,
        "Book Price": 16.4
      }
    },
    {
      "quarter": "Q4 2015",
      "income status": {
        "Net sales": 193469,
        "Cost of goods sold": 172585,
        "Gross Profit": 20884,
        "Financial expenses": "N/A",
        "Of which: Interest expense": "N/A",
        "Cost of sales": 7063,
        "Enterprise cost management": 5501,
        "Total Operating Expenses": 12564,
        "Total revenue financing activities": 1698,
        "Net profit from business activities": 10014,
        "Profit": 3,
        "Profit before tax": 10017,
        "Present corporate income tax expenses": 2253,
        "Deferred income taxes expenses": "N/A",
        "The interests of minority shareholders": "N/A",
        "Total Cost of profits": 2253,
        "Profit after tax corporate income": 7764,
        "Volume": 5250000,
        "Close of Quarter": 18.2,
        "EPS": 3168.6,
        "Non-adjusted EPS": 6639,
        "PE": 2.7,
        "Book Price": 15.9
      }
    },
    {
      "quarter": "Q3 2015",
      "income status": {
        "Net sales": 325522,
        "Cost of goods sold": 303329,
        "Gross Profit": 22192,
        "Financial expenses": "N/A",
        "Of which: Interest expense": "N/A",
        "Cost of sales": 7912,
        "Enterprise cost management": 4747,
        "Total Operating Expenses": 12659,
        "Total revenue financing activities": 1645,
        "Net profit from business activities": 11185,
        "Profit": 81,
        "Profit before tax": 11266,
        "Present corporate income tax expenses": 1747,
        "Deferred income taxes expenses": 764,
        "The interests of minority shareholders": "N/A",
        "Total Cost of profits": 2511,
        "Profit after tax corporate income": 8755,
        "Volume": 5250000,
        "Close of Quarter": 18.4,
        "EPS": 3839.2,
        "Non-adjusted EPS": 8044,
        "PE": 2.3,
        "Book Price": 15.4
      }
    },
    {
      "quarter": "Q2 2015",
      "income status": {
        "Net sales": 490928,
        "Cost of goods sold": 465870,
        "Gross Profit": 25058,
        "Financial expenses": "N/A",
        "Of which: Interest expense": "N/A",
        "Cost of sales": 8568,
        "Enterprise cost management": 4881,
        "Total Operating Expenses": 13449,
        "Total revenue financing activities": 1385,
        "Net profit from business activities": 12991,
        "Profit": 228,
        "Profit before tax": 13219,
        "Present corporate income tax expenses": 2878,
        "Deferred income taxes expenses": 100,
        "The interests of minority shareholders": "N/A",
        "Total Cost of profits": 2978,
        "Profit after tax corporate income": 10241,
        "Volume": 5250000,
        "Close of Quarter": 14.1,
        "EPS": 3822.5,
        "Non-adjusted EPS": 8009,
        "PE": 1.8,
        "Book Price": 14.9
      }
    },
    {
      "quarter": "Q1 2015",
      "income status": {
        "Net sales": 243366,
        "Cost of goods sold": 221560,
        "Gross Profit": 21806,
        "Financial expenses": "N/A",
        "Of which: Interest expense": "N/A",
        "Cost of sales": 7660,
        "Enterprise cost management": 5096,
        "Total Operating Expenses": 12756,
        "Total revenue financing activities": 1388,
        "Net profit from business activities": 10442,
        "Profit": 9,
        "Profit before tax": 10451,
        "Present corporate income tax expenses": 2417,
        "Deferred income taxes expenses": -63,
        "The interests of minority shareholders": "N/A",
        "Total Cost of profits": 2354,
        "Profit after tax corporate income": 8097,
        "Volume": 5250000,
        "Close of Quarter": 17.5,
        "EPS": 3584.8,
        "Non-adjusted EPS": 7511,
        "PE": 2.3,
        "Book Price": 15.0
      }
    },
    {
      "quarter": "Q4 2014",
      "income status": {
        "Net sales": 217696,
        "Cost of goods sold": 196033,
        "Gross Profit": 21664,
        "Financial expenses": -132,
        "Of which: Interest expense": "N/A",
        "Cost of sales": 7143,
        "Enterprise cost management": 5077,
        "Total Operating Expenses": 12088,
        "Total revenue financing activities": 1651,
        "Net profit from business activities": 11227,
        "Profit": 6484,
        "Profit before tax": 17711,
        "Present corporate income tax expenses": 2764,
        "Deferred income taxes expenses": -194,
        "The interests of minority shareholders": "N/A",
        "Total Cost of profits": 2570,
        "Profit after tax corporate income": 15140,
        "Volume": 5250000,
        "Close of Quarter": 15.7,
        "EPS": 3627.8,
        "Non-adjusted EPS": 7601,
        "PE": 2.1,
        "Book Price": 14.4
      }
    },
    {
      "quarter": "Q3 2014",
      "income status": {
        "Net sales": 237270,
        "Cost of goods sold": 215992,
        "Gross Profit": 21278,
        "Financial expenses": -2,
        "Of which: Interest expense": "N/A",
        "Cost of sales": 7033,
        "Enterprise cost management": 4636,
        "Total Operating Expenses": 11667,
        "Total revenue financing activities": 1315,
        "Net profit from business activities": 10927,
        "Profit": 54,
        "Profit before tax": 10981,
        "Present corporate income tax expenses": 2522,
        "Deferred income taxes expenses": -112,
        "The interests of minority shareholders": "N/A",
        "Total Cost of profits": 2410,
        "Profit after tax corporate income": 8571,
        "Volume": 5250000,
        "Close of Quarter": 14.6,
        "EPS": 2815.0,
        "Non-adjusted EPS": 5898,
        "PE": 2.5,
        "Book Price": 14.6
      }
    },
    {
      "quarter": "Q2 2014",
      "income status": {
        "Net sales": 230728,
        "Cost of goods sold": 212113,
        "Gross Profit": 18616,
        "Financial expenses": -186,
        "Of which: Interest expense": "N/A",
        "Cost of sales": 6707,
        "Enterprise cost management": 4006,
        "Total Operating Expenses": 10527,
        "Total revenue financing activities": 1755,
        "Net profit from business activities": 9845,
        "Profit": 65,
        "Profit before tax": 9909,
        "Present corporate income tax expenses": 2470,
        "Deferred income taxes expenses": -187,
        "The interests of minority shareholders": "N/A",
        "Total Cost of profits": 2283,
        "Profit after tax corporate income": 7627,
        "Volume": 5250000,
        "Close of Quarter": 10.5,
        "EPS": 2605.0,
        "Non-adjusted EPS": 5458,
        "PE": 1.9,
        "Book Price": 14.1
      }
    },
    {
      "quarter": "Q1 2014",
      "income status": {
        "Net sales": 229311,
        "Cost of goods sold": 210036,
        "Gross Profit": 19274,
        "Financial expenses": 38,
        "Of which: Interest expense": 38,
        "Cost of sales": 5988,
        "Enterprise cost management": 4441,
        "Total Operating Expenses": 10467,
        "Total revenue financing activities": 741,
        "Net profit from business activities": 9548,
        "Profit": 1681,
        "Profit before tax": 11230,
        "Present corporate income tax expenses": 2747,
        "Deferred income taxes expenses": -84,
        "The interests of minority shareholders": "N/A",
        "Total Cost of profits": 2663,
        "Profit after tax corporate income": 8566,
        "Volume": 5250000,
        "Close of Quarter": 10.3,
        "EPS": 2405.5,
        "Non-adjusted EPS": 5040,
        "PE": 2.0,
        "Book Price": 14.2
      }
    },
    {
      "quarter": "Q4 2013",
      "income status": {
        "Net sales": 234208,
        "Cost of goods sold": 215864,
        "Gross Profit": 18344,
        "Financial expenses": -31,
        "Of which: Interest expense": 49,
        "Cost of sales": 5938,
        "Enterprise cost management": 4770,
        "Total Operating Expenses": 10677,
        "Total revenue financing activities": 681,
        "Net profit from business activities": 8348,
        "Profit": -18,
        "Profit before tax": 8330,
        "Present corporate income tax expenses": 2267,
        "Deferred income taxes expenses": -137,
        "The interests of minority shareholders": "N/A",
        "Total Cost of profits": 2130,
        "Profit after tax corporate income": 6201,
        "Volume": 5250000,
        "Close of Quarter": 8.6,
        "EPS": 2219.3,
        "Non-adjusted EPS": 4650,
        "PE": 1.9,
        "Book Price": 13.7
      }
    },
    {
      "quarter": "Q3 2013",
      "income status": {
        "Net sales": 259070,
        "Cost of goods sold": 240958,
        "Gross Profit": 18112,
        "Financial expenses": -43,
        "Of which: Interest expense": 22,
        "Cost of sales": 6824,
        "Enterprise cost management": 3679,
        "Total Operating Expenses": 10460,
        "Total revenue financing activities": 659,
        "Net profit from business activities": 8311,
        "Profit": 66,
        "Profit before tax": 8377,
        "Present corporate income tax expenses": 2113,
        "Deferred income taxes expenses": 3,
        "The interests of minority shareholders": "N/A",
        "Total Cost of profits": 2116,
        "Profit after tax corporate income": 6261,
        "Volume": 5250000,
        "Close of Quarter": 7.5,
        "EPS": 2169.2,
        "Non-adjusted EPS": 4545,
        "PE": 1.7,
        "Book Price": 13.3
      }
    },
    {
      "quarter": "Q2 2013",
      "income status": {
        "Net sales": 209785,
        "Cost of goods sold": 193906,
        "Gross Profit": 15879,
        "Financial expenses": 5,
        "Of which: Interest expense": "N/A",
        "Cost of sales": 6398,
        "Enterprise cost management": 3078,
        "Total Operating Expenses": 9481,
        "Total revenue financing activities": 837,
        "Net profit from business activities": 7235,
        "Profit": 26,
        "Profit before tax": 7261,
        "Present corporate income tax expenses": 1852,
        "Deferred income taxes expenses": -25,
        "The interests of minority shareholders": "N/A",
        "Total Cost of profits": 1827,
        "Profit after tax corporate income": 5434,
        "Volume": 5250000,
        "Close of Quarter": 8.0,
        "EPS": 2354.9,
        "Non-adjusted EPS": 4934,
        "PE": 1.6,
        "Book Price": 12.7
      }
    },
    {
      "quarter": "Q1 2013",
      "income status": {
        "Net sales": 239216,
        "Cost of goods sold": 221099,
        "Gross Profit": 18117,
        "Financial expenses": 62,
        "Of which: Interest expense": 12,
        "Cost of sales": 5557,
        "Enterprise cost management": 4530,
        "Total Operating Expenses": 10149,
        "Total revenue financing activities": 725,
        "Net profit from business activities": 8694,
        "Profit": 12,
        "Profit before tax": 8706,
        "Present corporate income tax expenses": 2186,
        "Deferred income taxes expenses": 3,
        "The interests of minority shareholders": "N/A",
        "Total Cost of profits": 2189,
        "Profit after tax corporate income": 6518,
        "Volume": 5250000,
        "Close of Quarter": 6.9,
        "EPS": 2306.2,
        "Non-adjusted EPS": 4832,
        "PE": 1.4,
        "Book Price": 13.0
      }
    },
    {
      "quarter": "Q4 2012",
      "income status": {
        "Net sales": 214217,
        "Cost of goods sold": 199428,
        "Gross Profit": 14790,
        "Financial expenses": -185,
        "Of which: Interest expense": "N/A",
        "Cost of sales": 5272,
        "Enterprise cost management": 4704,
        "Total Operating Expenses": 9791,
        "Total revenue financing activities": 1232,
        "Net profit from business activities": 6231,
        "Profit": 933,
        "Profit before tax": 7164,
        "Present corporate income tax expenses": 1513,
        "Deferred income taxes expenses": 3,
        "The interests of minority shareholders": "N/A",
        "Total Cost of profits": 1516,
        "Profit after tax corporate income": 5648,
        "Volume": 5250000,
        "Close of Quarter": 5.9,
        "EPS": 2185.9,
        "Non-adjusted EPS": 4580,
        "PE": 1.3,
        "Book Price": 12.4
      }
    },
    {
      "quarter": "Q3 2012",
      "income status": {
        "Net sales": 245188,
        "Cost of goods sold": 224210,
        "Gross Profit": 20978,
        "Financial expenses": 14,
        "Of which: Interest expense": 9,
        "Cost of sales": 6185,
        "Enterprise cost management": 5594,
        "Total Operating Expenses": 11793,
        "Total revenue financing activities": 983,
        "Net profit from business activities": 10167,
        "Profit": 6,
        "Profit before tax": 10174,
        "Present corporate income tax expenses": 1867,
        "Deferred income taxes expenses": 3,
        "The interests of minority shareholders": "N/A",
        "Total Cost of profits": 1870,
        "Profit after tax corporate income": 8304,
        "Volume": 5250000,
        "Close of Quarter": 5.5,
        "EPS": 2408.3,
        "Non-adjusted EPS": 5046,
        "PE": 1.1,
        "Book Price": 12.2
      }
    },
    {
      "quarter": "Q2 2012",
      "income status": {
        "Net sales": 197878,
        "Cost of goods sold": 184243,
        "Gross Profit": 13635,
        "Financial expenses": 32,
        "Of which: Interest expense": 24,
        "Cost of sales": 4890,
        "Enterprise cost management": 3544,
        "Total Operating Expenses": 8466,
        "Total revenue financing activities": 1358,
        "Net profit from business activities": 6526,
        "Profit": 22,
        "Profit before tax": 6549,
        "Present corporate income tax expenses": 1646,
        "Deferred income taxes expenses": 3,
        "The interests of minority shareholders": "N/A",
        "Total Cost of profits": 1649,
        "Profit after tax corporate income": 4900,
        "Volume": 5250000,
        "Close of Quarter": 5.0,
        "EPS": 2100,
        "Non-adjusted EPS": 4400,
        "PE": 1.2,
        "Book Price": 11.7
      }
    },
    {
      "quarter": "Q1 2012",
      "income status": {
        "Net sales": 199463,
        "Cost of goods sold": 185113,
        "Gross Profit": 14350,
        "Financial expenses": -62,
        "Of which: Interest expense": 21,
        "Cost of sales": 4859,
        "Enterprise cost management": 3698,
        "Total Operating Expenses": 8495,
        "Total revenue financing activities": 1072,
        "Net profit from business activities": 6927,
        "Profit": 13,
        "Profit before tax": 6940,
        "Present corporate income tax expenses": 1744,
        "Deferred income taxes expenses": 3,
        "The interests of minority shareholders": "N/A",
        "Total Cost of profits": 1747,
        "Profit after tax corporate income": 5193,
        "Volume": 5250000,
        "Close of Quarter": 4.6,
        "EPS": 2201.2,
        "Non-adjusted EPS": 4612,
        "PE": 1,
        "Book Price": 11.9
      }
    },
    {
      "quarter": "Q4 2011",
      "income status": {
        "Net sales": 175734,
        "Cost of goods sold": 161272,
        "Gross Profit": 14462,
        "Financial expenses": 101,
        "Of which: Interest expense": 21,
        "Cost of sales": 4790,
        "Enterprise cost management": 3838,
        "Total Operating Expenses": 8729,
        "Total revenue financing activities": 1858,
        "Net profit from business activities": 7591,
        "Profit": 3219,
        "Profit before tax": 10810,
        "Present corporate income tax expenses": 2714,
        "Deferred income taxes expenses": 3,
        "The interests of minority shareholders": "N/A",
        "Total Cost of profits": 2717,
        "Profit after tax corporate income": 8093,
        "Volume": 5250000,
        "Close of Quarter": 3.8,
        "EPS": 2311.0,
        "Non-adjusted EPS": 4842,
        "PE": 0.8,
        "Book Price": 11.7
      }
    },
    {
      "quarter": "Q3 2011",
      "income status": {
        "Net sales": 214374,
        "Cost of goods sold": 201734,
        "Gross Profit": 12640,
        "Financial expenses": 33,
        "Of which: Interest expense": 23,
        "Cost of sales": 5076,
        "Enterprise cost management": 2899,
        "Total Operating Expenses": 8008,
        "Total revenue financing activities": 1886,
        "Net profit from business activities": 6518,
        "Profit": 42,
        "Profit before tax": 6560,
        "Present corporate income tax expenses": 1643,
        "Deferred income taxes expenses": 3,
        "The interests of minority shareholders": "N/A",
        "Total Cost of profits": 1646,
        "Profit after tax corporate income": 4914,
        "Volume": 5250000,
        "Close of Quarter": 4.6,
        "EPS": 2263.7,
        "Non-adjusted EPS": 4743,
        "PE": 1.0,
        "Book Price": 10.9
      }
    },
    {
      "quarter": "Q2 2011",
      "income status": {
        "Net sales": 256280,
        "Cost of goods sold": 242591,
        "Gross Profit": 13689,
        "Financial expenses": 185,
        "Of which: Interest expense": "N/A",
        "Cost of sales": 5071,
        "Enterprise cost management": 3003,
        "Total Operating Expenses": 8259,
        "Total revenue financing activities": 2398,
        "Net profit from business activities": 7828,
        "Profit": 208,
        "Profit before tax": 8036,
        "Present corporate income tax expenses": 2021,
        "Deferred income taxes expenses": 3,
        "The interests of minority shareholders": "N/A",
        "Total Cost of profits": 2024,
        "Profit after tax corporate income": 6012,
        "Volume": 3500000,
        "Close of Quarter": 4.3,
        "EPS": 2375.2,
        "Non-adjusted EPS": 7465,
        "PE": 0.6,
        "Book Price": 10.7
      }
    },
    {
      "quarter": "Q1 2011",
      "income status": {
        "Net sales": 221726,
        "Cost of goods sold": 206883,
        "Gross Profit": 14843,
        "Financial expenses": 190,
        "Of which: Interest expense": "N/A",
        "Cost of sales": 4594,
        "Enterprise cost management": 3570,
        "Total Operating Expenses": 8354,
        "Total revenue financing activities": 2052,
        "Net profit from business activities": 8542,
        "Profit": -1,
        "Profit before tax": 8541,
        "Present corporate income tax expenses": 2138,
        "Deferred income taxes expenses": 3,
        "The interests of minority shareholders": "N/A",
        "Total Cost of profits": 2141,
        "Profit after tax corporate income": 6400,
        "Volume": 3500000,
        "Close of Quarter": 6.7,
        "EPS": 2325.9,
        "Non-adjusted EPS": 7310,
        "PE": 0.9,
        "Book Price": 11.1
      }
    },
    {
      "quarter": "Q4 2010",
      "income status": {
        "Net sales": 152382,
        "Cost of goods sold": 134580,
        "Gross Profit": 17802,
        "Financial expenses": 155,
        "Of which: Interest expense": "N/A",
        "Cost of sales": 5158,
        "Enterprise cost management": 5436,
        "Total Operating Expenses": 10749,
        "Total revenue financing activities": 3031,
        "Net profit from business activities": 10084,
        "Profit": -11,
        "Profit before tax": 10073,
        "Present corporate income tax expenses": 2494,
        "Deferred income taxes expenses": 3,
        "The interests of minority shareholders": "N/A",
        "Total Cost of profits": 2497,
        "Profit after tax corporate income": 7576,
        "Volume": 3500000,
        "Close of Quarter": 8.1,
        "EPS": 2177.3,
        "Non-adjusted EPS": 6843,
        "PE": 1.2,
        "Book Price": 10.5
      }
    },
    {
      "quarter": "Q3 2010",
      "income status": {
        "Net sales": 133013,
        "Cost of goods sold": 120047,
        "Gross Profit": 12965,
        "Financial expenses": 165,
        "Of which: Interest expense": "N/A",
        "Cost of sales": 5325,
        "Enterprise cost management": 3532,
        "Total Operating Expenses": 9022,
        "Total revenue financing activities": 3013,
        "Net profit from business activities": 6957,
        "Profit": 1300,
        "Profit before tax": 8257,
        "Present corporate income tax expenses": 2114,
        "Deferred income taxes expenses": 3,
        "The interests of minority shareholders": "N/A",
        "Total Cost of profits": 2117,
        "Profit after tax corporate income": 6140,
        "Volume": 3500000,
        "Close of Quarter": 7.9,
        "EPS": 2020.8,
        "Non-adjusted EPS": 6351,
        "PE": 1.3,
        "Book Price": 9.8
      }
    },
    {
      "quarter": "Q2 2010",
      "income status": {
        "Net sales": 144464,
        "Cost of goods sold": 131992,
        "Gross Profit": 12472,
        "Financial expenses": "N/A",
        "Of which: Interest expense": "N/A",
        "Cost of sales": 5300,
        "Enterprise cost management": 3057,
        "Total Operating Expenses": 8357,
        "Total revenue financing activities": 3363,
        "Net profit from business activities": 7478,
        "Profit": -178,
        "Profit before tax": 7299,
        "Present corporate income tax expenses": 1826,
        "Deferred income taxes expenses": 3,
        "The interests of minority shareholders": "N/A",
        "Total Cost of profits": 1829,
        "Profit after tax corporate income": 5470,
        "Volume": 3500000,
        "Close of Quarter": 10.1,
        "EPS": 2119.1,
        "Non-adjusted EPS": 6660,
        "PE": 1.5,
        "Book Price": 9.5
      }
    },
    {
      "quarter": "Q1 2010",
      "income status": {
        "Net sales": 139682,
        "Cost of goods sold": 128432,
        "Gross Profit": 11250,
        "Financial expenses": "N/A",
        "Of which: Interest expense": "N/A",
        "Cost of sales": 4601,
        "Enterprise cost management": 2944,
        "Total Operating Expenses": 7545,
        "Total revenue financing activities": 2645,
        "Net profit from business activities": 6350,
        "Profit": 11,
        "Profit before tax": 6361,
        "Present corporate income tax expenses": 1593,
        "Deferred income taxes expenses": 3,
        "The interests of minority shareholders": "N/A",
        "Total Cost of profits": 1596,
        "Profit after tax corporate income": 4765,
        "Volume": 3500000,
        "Close of Quarter": "N/A",
        "EPS": 2434.4,
        "Non-adjusted EPS": 7651,
        "PE": "N/A",
        "Book Price": 9.8
      }
    },
    {
      "quarter": "Q4 2009",
      "income status": {
        "Net sales": 138687,
        "Cost of goods sold": 126057,
        "Gross Profit": 12631,
        "Financial expenses": "N/A",
        "Of which: Interest expense": "N/A",
        "Cost of sales": 4631,
        "Enterprise cost management": 4008,
        "Total Operating Expenses": 8639,
        "Total revenue financing activities": 3104,
        "Net profit from business activities": 7095,
        "Profit": 28,
        "Profit before tax": 7123,
        "Present corporate income tax expenses": 1266,
        "Deferred income taxes expenses": 3,
        "The interests of minority shareholders": "N/A",
        "Total Cost of profits": 1269,
        "Profit after tax corporate income": 5854,
        "Volume": 3500000,
        "Close of Quarter": "N/A",
        "EPS": 2634.9,
        "Non-adjusted EPS": 8281,
        "PE": "N/A",
        "Book Price": "N/A"
      }
    },
    {
      "quarter": "Q3 2009",
      "income status": {
        "Net sales": 140964,
        "Cost of goods sold": 125723,
        "Gross Profit": 15241,
        "Financial expenses": -2,
        "Of which: Interest expense": "N/A",
        "Cost of sales": 4854,
        "Enterprise cost management": 4132,
        "Total Operating Expenses": 8984,
        "Total revenue financing activities": 2464,
        "Net profit from business activities": 8720,
        "Profit": 32,
        "Profit before tax": 8753,
        "Present corporate income tax expenses": 1538,
        "Deferred income taxes expenses": -6,
        "The interests of minority shareholders": "N/A",
        "Total Cost of profits": 1532,
        "Profit after tax corporate income": 7220,
        "Volume": 3500000,
        "Close of Quarter": "N/A",
        "EPS": 2102.6,
        "Non-adjusted EPS": 6608,
        "PE": "N/A",
        "Book Price": 9.8
      }
    },
    {
      "quarter": "Q2 2009",
      "income status": {
        "Net sales": 121477,
        "Cost of goods sold": 102849,
        "Gross Profit": 18628,
        "Financial expenses": 4,
        "Of which: Interest expense": "N/A",
        "Cost of sales": 4247,
        "Enterprise cost management": 5680,
        "Total Operating Expenses": 9931,
        "Total revenue financing activities": 2114,
        "Net profit from business activities": 10812,
        "Profit": 24,
        "Profit before tax": 10835,
        "Present corporate income tax expenses": 1895,
        "Deferred income taxes expenses": 3,
        "The interests of minority shareholders": "N/A",
        "Total Cost of profits": 1898,
        "Profit after tax corporate income": 8938,
        "Volume": 3500000,
        "Close of Quarter": "N/A",
        "EPS": 1446.1,
        "Non-adjusted EPS": 4545,
        "PE": "N/A",
        "Book Price": 8.8
      }
    },
    {
      "quarter": "Q1 2009",
      "income status": {
        "Net sales": 114184,
        "Cost of goods sold": 100100,
        "Gross Profit": 14084,
        "Financial expenses": 28,
        "Of which: Interest expense": 28,
        "Cost of sales": 3868,
        "Enterprise cost management": 4086,
        "Total Operating Expenses": 7982,
        "Total revenue financing activities": 2328,
        "Net profit from business activities": 8430,
        "Profit": 19,
        "Profit before tax": 8450,
        "Present corporate income tax expenses": 1477,
        "Deferred income taxes expenses": 3,
        "The interests of minority shareholders": "N/A",
        "Total Cost of profits": 1480,
        "Profit after tax corporate income": 6970,
        "Volume": 3500000,
        "Close of Quarter": "N/A",
        "EPS": 633.5,
        "Non-adjusted EPS": 1991,
        "PE": "N/A",
        "Book Price": 8.4
      }
    }
  ]
}