{
  "ticker": "BHS",
  "data": [
    {
      "quarter": "Q1 2017",
      "income status": {
        "Net sales": 1363828,
        "Cost of goods sold": 1222227,
        "Gross Profit": 141601,
        "Financial expenses": 54978,
        "Of which: Interest expense": 46935,
        "Cost of sales": 43338,
        "Enterprise cost management": 53092,
        "Total Operating Expenses": 151408,
        "Total revenue financing activities": 79516,
        "Net profit from business activities": 71676,
        "Profit": 2883,
        "Profit before tax": 74559,
        "Present corporate income tax expenses": 15441,
        "Deferred income taxes expenses": 797,
        "The interests of minority shareholders": 61,
        "Total Cost of profits": 16299,
        "Profit after tax corporate income": 58260,
        "Volume": 129511198,
        "Close of Quarter": 12.3,
        "EPS": 2184,
        "Non-adjusted EPS": 2184,
        "PE": 5.6,
        "Book Price": 18
      }
    },
    {
      "quarter": "Q4 2016",
      "income status": {
        "Net sales": 1571160,
        "Cost of goods sold": 1377852,
        "Gross Profit": 193308,
        "Financial expenses": 49396,
        "Of which: Interest expense": 12612,
        "Cost of sales": 54755,
        "Enterprise cost management": 47055,
        "Total Operating Expenses": 151206,
        "Total revenue financing activities": 78177,
        "Net profit from business activities": 121875,
        "Profit": -588,
        "Profit before tax": 121288,
        "Present corporate income tax expenses": 18354,
        "Deferred income taxes expenses": -503,
        "The interests of minority shareholders": 194,
        "Total Cost of profits": 18045,
        "Profit after tax corporate income": 103243,
        "Volume": 129511198,
        "Close of Quarter": 10.7,
        "EPS": 2232,
        "Non-adjusted EPS": 2232,
        "PE": 4.8,
        "Book Price": 17.6
      }
    },
    {
      "quarter": "Q3 2016",
      "income status": {
        "Net sales": 923825,
        "Cost of goods sold": 791230,
        "Gross Profit": 132595,
        "Financial expenses": 50569,
        "Of which: Interest expense": 49527,
        "Cost of sales": 35675,
        "Enterprise cost management": 40846,
        "Total Operating Expenses": 127090,
        "Total revenue financing activities": 31182,
        "Net profit from business activities": 46483,
        "Profit": 239,
        "Profit before tax": 46722,
        "Present corporate income tax expenses": 6156,
        "Deferred income taxes expenses": -261,
        "The interests of minority shareholders": 340,
        "Total Cost of profits": 6235,
        "Profit after tax corporate income": 40486,
        "Volume": 129511198,
        "Close of Quarter": 13.4,
        "EPS": 1948,
        "Non-adjusted EPS": 1948,
        "PE": 6.9,
        "Book Price": 16.9
      }
    },
    {
      "quarter": "Q2 2016",
      "income status": {
        "Net sales": 1138182,
        "Cost of goods sold": 955360,
        "Gross Profit": 182823,
        "Financial expenses": 48404,
        "Of which: Interest expense": 42906,
        "Cost of sales": 30291,
        "Enterprise cost management": 44769,
        "Total Operating Expenses": 123464,
        "Total revenue financing activities": 19672,
        "Net profit from business activities": 84417,
        "Profit": 391,
        "Profit before tax": 84808,
        "Present corporate income tax expenses": 9494,
        "Deferred income taxes expenses": -5886,
        "The interests of minority shareholders": 300,
        "Total Cost of profits": 3908,
        "Profit after tax corporate income": 80900,
        "Volume": 123343998,
        "Close of Quarter": 14.2,
        "EPS": 1914.3,
        "Non-adjusted EPS": 2010,
        "PE": 7.0,
        "Book Price": 16.6
      }
    },
    {
      "quarter": "Q1 2016",
      "income status": {
        "Net sales": 1175605,
        "Cost of goods sold": 1010903,
        "Gross Profit": 164702,
        "Financial expenses": 37894,
        "Of which: Interest expense": 35730,
        "Cost of sales": 29856,
        "Enterprise cost management": 42934,
        "Total Operating Expenses": 110684,
        "Total revenue financing activities": 21569,
        "Net profit from business activities": 75503,
        "Profit": 1010,
        "Profit before tax": 76513,
        "Present corporate income tax expenses": 12238,
        "Deferred income taxes expenses": -182,
        "The interests of minority shareholders": 57,
        "Total Cost of profits": 12113,
        "Profit after tax corporate income": 64400,
        "Volume": 123343998,
        "Close of Quarter": 13.6,
        "EPS": 1444.8,
        "Non-adjusted EPS": 1517,
        "PE": 9.0,
        "Book Price": 15.6
      }
    },
    {
      "quarter": "Q4 2015",
      "income status": {
        "Net sales": 973426,
        "Cost of goods sold": 839973,
        "Gross Profit": 133453,
        "Financial expenses": 11043,
        "Of which: Interest expense": 21287,
        "Cost of sales": 18801,
        "Enterprise cost management": 39459,
        "Total Operating Expenses": 69303,
        "Total revenue financing activities": 20017,
        "Net profit from business activities": 84272,
        "Profit": 608,
        "Profit before tax": 84880,
        "Present corporate income tax expenses": 19121,
        "Deferred income taxes expenses": -733,
        "The interests of minority shareholders": 15,
        "Total Cost of profits": 18403,
        "Profit after tax corporate income": 66477,
        "Volume": 123343998,
        "Close of Quarter": 14.7,
        "EPS": 1229.5,
        "Non-adjusted EPS": 1291,
        "PE": 11.4,
        "Book Price": 15.1
      }
    },
    {
      "quarter": "Q3 2015",
      "income status": {
        "Net sales": 1079073,
        "Cost of goods sold": 957959,
        "Gross Profit": 121114,
        "Financial expenses": 26400,
        "Of which: Interest expense": 12690,
        "Cost of sales": 27243,
        "Enterprise cost management": 27712,
        "Total Operating Expenses": 81355,
        "Total revenue financing activities": 6836,
        "Net profit from business activities": 46566,
        "Profit": 3320,
        "Profit before tax": 49886,
        "Present corporate income tax expenses": 8434,
        "Deferred income taxes expenses": 5300,
        "The interests of minority shareholders": "N/A",
        "Total Cost of profits": 13734,
        "Profit after tax corporate income": 36152,
        "Volume": 62994918,
        "Close of Quarter": 11.6,
        "EPS": 870.7,
        "Non-adjusted EPS": 1790,
        "PE": 6.5,
        "Book Price": 7.3
      }
    },
    {
      "quarter": "Q2 2015",
      "income status": {
        "Net sales": 865256,
        "Cost of goods sold": 768510,
        "Gross Profit": 96745,
        "Financial expenses": 19931,
        "Of which: Interest expense": 16218,
        "Cost of sales": 19541,
        "Enterprise cost management": 42938,
        "Total Operating Expenses": 82410,
        "Total revenue financing activities": 12391,
        "Net profit from business activities": 26822,
        "Profit": 75,
        "Profit before tax": 26897,
        "Present corporate income tax expenses": 14273,
        "Deferred income taxes expenses": -7416,
        "The interests of minority shareholders": "N/A",
        "Total Cost of profits": 6857,
        "Profit after tax corporate income": 20040,
        "Volume": 62994918,
        "Close of Quarter": 9.9,
        "EPS": 717.5,
        "Non-adjusted EPS": 1475,
        "PE": 6.7,
        "Book Price": 7
      }
    },
    {
      "quarter": "Q1 2015",
      "income status": {
        "Net sales": 759415,
        "Cost of goods sold": 647962,
        "Gross Profit": 111453,
        "Financial expenses": 21940,
        "Of which: Interest expense": 16289,
        "Cost of sales": 26129,
        "Enterprise cost management": 26696,
        "Total Operating Expenses": 74765,
        "Total revenue financing activities": 10649,
        "Net profit from business activities": 47313,
        "Profit": 238,
        "Profit before tax": 47550,
        "Present corporate income tax expenses": 10966,
        "Deferred income taxes expenses": "N/A",
        "The interests of minority shareholders": "N/A",
        "Total Cost of profits": 10966,
        "Profit after tax corporate income": 36584,
        "Volume": 62994918,
        "Close of Quarter": 7.5,
        "EPS": 756.4,
        "Non-adjusted EPS": 1555,
        "PE": 4.8,
        "Book Price": 6.9
      }
    },
    {
      "quarter": "Q4 2014",
      "income status": {
        "Net sales": 786739,
        "Cost of goods sold": 724807,
        "Gross Profit": 61932,
        "Financial expenses": 12264,
        "Of which: Interest expense": 15929,
        "Cost of sales": 18443,
        "Enterprise cost management": 23384,
        "Total Operating Expenses": 54091,
        "Total revenue financing activities": 14172,
        "Net profit from business activities": 21873,
        "Profit": 2701,
        "Profit before tax": 24574,
        "Present corporate income tax expenses": 4577,
        "Deferred income taxes expenses": "N/A",
        "The interests of minority shareholders": "N/A",
        "Total Cost of profits": 4577,
        "Profit after tax corporate income": 19997,
        "Volume": 62994918,
        "Close of Quarter": 8.4,
        "EPS": 631.4,
        "Non-adjusted EPS": 1298,
        "PE": 6.5,
        "Book Price": 6.6
      }
    },
    {
      "quarter": "Q3 2014",
      "income status": {
        "Net sales": 556639,
        "Cost of goods sold": 486024,
        "Gross Profit": 70615,
        "Financial expenses": 20775,
        "Of which: Interest expense": 18761,
        "Cost of sales": 17364,
        "Enterprise cost management": 22580,
        "Total Operating Expenses": 60719,
        "Total revenue financing activities": 10651,
        "Net profit from business activities": 20619,
        "Profit": 364,
        "Profit before tax": 20982,
        "Present corporate income tax expenses": 4679,
        "Deferred income taxes expenses": "N/A",
        "The interests of minority shareholders": "N/A",
        "Total Cost of profits": 4679,
        "Profit after tax corporate income": 16304,
        "Volume": 62994918,
        "Close of Quarter": 8.0,
        "EPS": 732.5,
        "Non-adjusted EPS": 1506,
        "PE": 5.3,
        "Book Price": 6.7
      }
    },
    {
      "quarter": "Q2 2014",
      "income status": {
        "Net sales": 647956,
        "Cost of goods sold": 565609,
        "Gross Profit": 82347,
        "Financial expenses": 22865,
        "Of which: Interest expense": 23320,
        "Cost of sales": 22115,
        "Enterprise cost management": 20997,
        "Total Operating Expenses": 65977,
        "Total revenue financing activities": 15823,
        "Net profit from business activities": 32331,
        "Profit": -140,
        "Profit before tax": 32191,
        "Present corporate income tax expenses": 6819,
        "Deferred income taxes expenses": 306,
        "The interests of minority shareholders": "N/A",
        "Total Cost of profits": 7125,
        "Profit after tax corporate income": 25066,
        "Volume": 61495039,
        "Close of Quarter": 8.1,
        "EPS": 607.3,
        "Non-adjusted EPS": 1279,
        "PE": 6.3,
        "Book Price": 6.6
      }
    },
    {
      "quarter": "Q1 2014",
      "income status": {
        "Net sales": 610509,
        "Cost of goods sold": 517292,
        "Gross Profit": 93217,
        "Financial expenses": 30038,
        "Of which: Interest expense": 21821,
        "Cost of sales": 22791,
        "Enterprise cost management": 31152,
        "Total Operating Expenses": 83981,
        "Total revenue financing activities": 16301,
        "Net profit from business activities": 25516,
        "Profit": 1082,
        "Profit before tax": 26597,
        "Present corporate income tax expenses": 6184,
        "Deferred income taxes expenses": "N/A",
        "The interests of minority shareholders": "N/A",
        "Total Cost of profits": 6184,
        "Profit after tax corporate income": 20414,
        "Volume": 61495039,
        "Close of Quarter": 8.4,
        "EPS": 292.0,
        "Non-adjusted EPS": 615,
        "PE": 13.6,
        "Book Price": 6.7
      }
    },
    {
      "quarter": "Q4 2013",
      "income status": {
        "Net sales": 829014,
        "Cost of goods sold": 740111,
        "Gross Profit": 88904,
        "Financial expenses": 24336,
        "Of which: Interest expense": 20997,
        "Cost of sales": 19920,
        "Enterprise cost management": 17899,
        "Total Operating Expenses": 62155,
        "Total revenue financing activities": 17221,
        "Net profit from business activities": 43971,
        "Profit": 467,
        "Profit before tax": 44252,
        "Present corporate income tax expenses": 10587,
        "Deferred income taxes expenses": 586,
        "The interests of minority shareholders": "N/A",
        "Total Cost of profits": 11173,
        "Profit after tax corporate income": 33079,
        "Volume": 29997580,
        "Close of Quarter": 8.4,
        "EPS": 300.0,
        "Non-adjusted EPS": 1295,
        "PE": 6.5,
        "Book Price": 6.5
      }
    },
    {
      "quarter": "Q3 2013",
      "income status": {
        "Net sales": 867537,
        "Cost of goods sold": 822678,
        "Gross Profit": 44858,
        "Financial expenses": 23443,
        "Of which: Interest expense": 22457,
        "Cost of sales": 22998,
        "Enterprise cost management": 11579,
        "Total Operating Expenses": 58020,
        "Total revenue financing activities": 13449,
        "Net profit from business activities": 286,
        "Profit": 69,
        "Profit before tax": 355,
        "Present corporate income tax expenses": 249,
        "Deferred income taxes expenses": "N/A",
        "The interests of minority shareholders": "N/A",
        "Total Cost of profits": 249,
        "Profit after tax corporate income": 106,
        "Volume": 29997580,
        "Close of Quarter": 7.3,
        "EPS": 403.3,
        "Non-adjusted EPS": 1741,
        "PE": 4.2,
        "Book Price": 4.0
      }
    },
    {
      "quarter": "Q2 2013",
      "income status": {
        "Net sales": 480318,
        "Cost of goods sold": 434769,
        "Gross Profit": 45549,
        "Financial expenses": 43083,
        "Of which: Interest expense": 41603,
        "Cost of sales": 24688,
        "Enterprise cost management": 9560,
        "Total Operating Expenses": 77331,
        "Total revenue financing activities": 10651,
        "Net profit from business activities": -21131,
        "Profit": 292,
        "Profit before tax": -20839,
        "Present corporate income tax expenses": -6829,
        "Deferred income taxes expenses": 1799,
        "The interests of minority shareholders": "N/A",
        "Total Cost of profits": -5030,
        "Profit after tax corporate income": -15809,
        "Volume": 29997580,
        "Close of Quarter": 8.6,
        "EPS": 621.2,
        "Non-adjusted EPS": 2682,
        "PE": 3.2,
        "Book Price": 4.0
      }
    },
    {
      "quarter": "Q1 2013",
      "income status": {
        "Net sales": 751172,
        "Cost of goods sold": 688449,
        "Gross Profit": 62723,
        "Financial expenses": 19964,
        "Of which: Interest expense": 20299,
        "Cost of sales": 23463,
        "Enterprise cost management": 3591,
        "Total Operating Expenses": 47018,
        "Total revenue financing activities": 12582,
        "Net profit from business activities": 28287,
        "Profit": 17,
        "Profit before tax": 28303,
        "Present corporate income tax expenses": 6829,
        "Deferred income taxes expenses": "N/A",
        "The interests of minority shareholders": "N/A",
        "Total Cost of profits": 6829,
        "Profit after tax corporate income": 21474,
        "Volume": 29997580,
        "Close of Quarter": 8.9,
        "EPS": 833.6,
        "Non-adjusted EPS": 3599,
        "PE": 2.5,
        "Book Price": 4.6
      }
    },
    {
      "quarter": "Q4 2012",
      "income status": {
        "Net sales": 1007096,
        "Cost of goods sold": 897380,
        "Gross Profit": 109716,
        "Financial expenses": 23065,
        "Of which: Interest expense": 22117,
        "Cost of sales": 19514,
        "Enterprise cost management": 21083,
        "Total Operating Expenses": 63662,
        "Total revenue financing activities": 33386,
        "Net profit from business activities": 79441,
        "Profit": 2304,
        "Profit before tax": 81744,
        "Present corporate income tax expenses": 34916,
        "Deferred income taxes expenses": 362,
        "The interests of minority shareholders": "N/A",
        "Total Cost of profits": 35278,
        "Profit after tax corporate income": 46466,
        "Volume": 29997580,
        "Close of Quarter": 8.6,
        "EPS": 920.5,
        "Non-adjusted EPS": 3974,
        "PE": 2.2,
        "Book Price": 4.4
      }
    },
    {
      "quarter": "Q3 2012",
      "income status": {
        "Net sales": 654476,
        "Cost of goods sold": 581261,
        "Gross Profit": 73215,
        "Financial expenses": 13962,
        "Of which: Interest expense": 13657,
        "Cost of sales": 19635,
        "Enterprise cost management": 10345,
        "Total Operating Expenses": 43942,
        "Total revenue financing activities": 3717,
        "Net profit from business activities": 32990,
        "Profit": 82,
        "Profit before tax": 33072,
        "Present corporate income tax expenses": 4740,
        "Deferred income taxes expenses": "N/A",
        "The interests of minority shareholders": "N/A",
        "Total Cost of profits": 4740,
        "Profit after tax corporate income": 28332,
        "Volume": 29997580,
        "Close of Quarter": 8.6,
        "EPS": 1079.4,
        "Non-adjusted EPS": 4660,
        "PE": 1.8,
        "Book Price": 4.4
      }
    },
    {
      "quarter": "Q2 2012",
      "income status": {
        "Net sales": 692156,
        "Cost of goods sold": 649189,
        "Gross Profit": 42967,
        "Financial expenses": 7787,
        "Of which: Interest expense": 7600,
        "Cost of sales": 14042,
        "Enterprise cost management": 8877,
        "Total Operating Expenses": 30706,
        "Total revenue financing activities": 1348,
        "Net profit from business activities": 13609,
        "Profit": -60,
        "Profit before tax": 13549,
        "Present corporate income tax expenses": 1867,
        "Deferred income taxes expenses": "N/A",
        "The interests of minority shareholders": "N/A",
        "Total Cost of profits": 1867,
        "Profit after tax corporate income": 11682,
        "Volume": 29997580,
        "Close of Quarter": 9.0,
        "EPS": 1151.4,
        "Non-adjusted EPS": 4971,
        "PE": 1.8,
        "Book Price": 4.2
      }
    },
    {
      "quarter": "Q1 2012",
      "income status": {
        "Net sales": 690518,
        "Cost of goods sold": 636439,
        "Gross Profit": 54078,
        "Financial expenses": 5659,
        "Of which: Interest expense": 7663,
        "Cost of sales": 19219,
        "Enterprise cost management": 9127,
        "Total Operating Expenses": 34005,
        "Total revenue financing activities": 17679,
        "Net profit from business activities": 37752,
        "Profit": -19,
        "Profit before tax": 37732,
        "Present corporate income tax expenses": 5002,
        "Deferred income taxes expenses": "N/A",
        "The interests of minority shareholders": "N/A",
        "Total Cost of profits": 5002,
        "Profit after tax corporate income": 32730,
        "Volume": 29997580,
        "Close of Quarter": 8.8,
        "EPS": 1090.9,
        "Non-adjusted EPS": 4710,
        "PE": 1.9,
        "Book Price": 4.5
      }
    },
    {
      "quarter": "Q4 2011",
      "income status": {
        "Net sales": 938688,
        "Cost of goods sold": 862567,
        "Gross Profit": 76121,
        "Financial expenses": 8517,
        "Of which: Interest expense": 7464,
        "Cost of sales": 11842,
        "Enterprise cost management": 11931,
        "Total Operating Expenses": 32290,
        "Total revenue financing activities": 16383,
        "Net profit from business activities": 60214,
        "Profit": 10053,
        "Profit before tax": 70267,
        "Present corporate income tax expenses": 3235,
        "Deferred income taxes expenses": "N/A",
        "The interests of minority shareholders": "N/A",
        "Total Cost of profits": 3235,
        "Profit after tax corporate income": 67032,
        "Volume": 29997580,
        "Close of Quarter": 7.9,
        "EPS": 1136.8,
        "Non-adjusted EPS": 4908,
        "PE": 1.6,
        "Book Price": 4.2
      }
    },
    {
      "quarter": "Q3 2011",
      "income status": {
        "Net sales": 517922,
        "Cost of goods sold": 450175,
        "Gross Profit": 67747,
        "Financial expenses": 16306,
        "Of which: Interest expense": "N/A",
        "Cost of sales": 5450,
        "Enterprise cost management": 7393,
        "Total Operating Expenses": 29149,
        "Total revenue financing activities": 3011,
        "Net profit from business activities": 41609,
        "Profit": 768,
        "Profit before tax": 42377,
        "Present corporate income tax expenses": 4703,
        "Deferred income taxes expenses": "N/A",
        "The interests of minority shareholders": "N/A",
        "Total Cost of profits": 4703,
        "Profit after tax corporate income": 37674,
        "Volume": 18531620,
        "Close of Quarter": 8.2,
        "EPS": 1076.9,
        "Non-adjusted EPS": 7526,
        "PE": 1.1,
        "Book Price": 4.1
      }
    },
    {
      "quarter": "Q2 2011",
      "income status": {
        "Net sales": 495642,
        "Cost of goods sold": 451392,
        "Gross Profit": 44250,
        "Financial expenses": 33399,
        "Of which: Interest expense": 30057,
        "Cost of sales": 4640,
        "Enterprise cost management": 7182,
        "Total Operating Expenses": 45221,
        "Total revenue financing activities": 5224,
        "Net profit from business activities": 4253,
        "Profit": 45,
        "Profit before tax": 4297,
        "Present corporate income tax expenses": 432,
        "Deferred income taxes expenses": "N/A",
        "The interests of minority shareholders": "N/A",
        "Total Cost of profits": 432,
        "Profit after tax corporate income": 3865,
        "Volume": 18531620,
        "Close of Quarter": 8.1,
        "EPS": 1063.4,
        "Non-adjusted EPS": 7432,
        "PE": 1.1,
        "Book Price": 3.8
      }
    },
    {
      "quarter": "Q1 2011",
      "income status": {
        "Net sales": 612371,
        "Cost of goods sold": 530834,
        "Gross Profit": 81537,
        "Financial expenses": 22133,
        "Of which: Interest expense": 16286,
        "Cost of sales": 10811,
        "Enterprise cost management": 15937,
        "Total Operating Expenses": 48881,
        "Total revenue financing activities": 10405,
        "Net profit from business activities": 43062,
        "Profit": 16,
        "Profit before tax": 43077,
        "Present corporate income tax expenses": 4415,
        "Deferred income taxes expenses": "N/A",
        "The interests of minority shareholders": "N/A",
        "Total Cost of profits": 4415,
        "Profit after tax corporate income": 38662,
        "Volume": 18531620,
        "Close of Quarter": 7.2,
        "EPS": 1192.7,
        "Non-adjusted EPS": 8335,
        "PE": 0.9,
        "Book Price": 4.0
      }
    },
    {
      "quarter": "Q4 2010",
      "income status": {
        "Net sales": 650022,
        "Cost of goods sold": 574111,
        "Gross Profit": 75911,
        "Financial expenses": 10146,
        "Of which: Interest expense": 9429,
        "Cost of sales": 5239,
        "Enterprise cost management": 6859,
        "Total Operating Expenses": 22244,
        "Total revenue financing activities": 11884,
        "Net profit from business activities": 65550,
        "Profit": 114,
        "Profit before tax": 65665,
        "Present corporate income tax expenses": 6399,
        "Deferred income taxes expenses": "N/A",
        "The interests of minority shareholders": "N/A",
        "Total Cost of profits": 6399,
        "Profit after tax corporate income": 59265,
        "Volume": 18531620,
        "Close of Quarter": 8.1,
        "EPS": 1126.3,
        "Non-adjusted EPS": 7871,
        "PE": 1.0,
        "Book Price": 3.8
      }
    },
    {
      "quarter": "Q3 2010",
      "income status": {
        "Net sales": 510269,
        "Cost of goods sold": 443411,
        "Gross Profit": 66858,
        "Financial expenses": 16476,
        "Of which: Interest expense": 11715,
        "Cost of sales": 6623,
        "Enterprise cost management": 5521,
        "Total Operating Expenses": 28620,
        "Total revenue financing activities": 464,
        "Net profit from business activities": 38702,
        "Profit": 44,
        "Profit before tax": 38746,
        "Present corporate income tax expenses": 2805,
        "Deferred income taxes expenses": "N/A",
        "The interests of minority shareholders": "N/A",
        "Total Cost of profits": 2805,
        "Profit after tax corporate income": 35941,
        "Volume": 18531620,
        "Close of Quarter": 8.1,
        "EPS": 989.3,
        "Non-adjusted EPS": 6914,
        "PE": 1.2,
        "Book Price": 3.6
      }
    },
    {
      "quarter": "Q2 2010",
      "income status": {
        "Net sales": 392051,
        "Cost of goods sold": 351385,
        "Gross Profit": 40666,
        "Financial expenses": 1426,
        "Of which: Interest expense": 10637,
        "Cost of sales": 6915,
        "Enterprise cost management": 8353,
        "Total Operating Expenses": 16694,
        "Total revenue financing activities": 2328,
        "Net profit from business activities": 26300,
        "Profit": 11,
        "Profit before tax": 26310,
        "Present corporate income tax expenses": 5715,
        "Deferred income taxes expenses": "N/A",
        "The interests of minority shareholders": "N/A",
        "Total Cost of profits": 5715,
        "Profit after tax corporate income": 20595,
        "Volume": 18531620,
        "Close of Quarter": 7.9,
        "EPS": 947.4,
        "Non-adjusted EPS": 6621,
        "PE": 1.2,
        "Book Price": 3.5
      }
    },
    {
      "quarter": "Q1 2010",
      "income status": {
        "Net sales": 452177,
        "Cost of goods sold": 386905,
        "Gross Profit": 65271,
        "Financial expenses": 18317,
        "Of which: Interest expense": 11124,
        "Cost of sales": 7226,
        "Enterprise cost management": 7886,
        "Total Operating Expenses": 33429,
        "Total revenue financing activities": 3110,
        "Net profit from business activities": 34952,
        "Profit": -6,
        "Profit before tax": 34946,
        "Present corporate income tax expenses": 4878,
        "Deferred income taxes expenses": "N/A",
        "The interests of minority shareholders": "N/A",
        "Total Cost of profits": 4878,
        "Profit after tax corporate income": 30068,
        "Volume": 18531620,
        "Close of Quarter": 7.3,
        "EPS": 1116.5,
        "Non-adjusted EPS": 7803,
        "PE": 0.9,
        "Book Price": 3.3
      }
    },
    {
      "quarter": "Q4 2009",
      "income status": {
        "Net sales": 532836,
        "Cost of goods sold": 473304,
        "Gross Profit": 59532,
        "Financial expenses": 10248,
        "Of which: Interest expense": 5592,
        "Cost of sales": 4997,
        "Enterprise cost management": 5442,
        "Total Operating Expenses": 20687,
        "Total revenue financing activities": 7691,
        "Net profit from business activities": 46536,
        "Profit": 54,
        "Profit before tax": 46589,
        "Present corporate income tax expenses": 5066,
        "Deferred income taxes expenses": "N/A",
        "The interests of minority shareholders": "N/A",
        "Total Cost of profits": 5066,
        "Profit after tax corporate income": 41524,
        "Volume": 18531620,
        "Close of Quarter": 6.5,
        "EPS": 931.1,
        "Non-adjusted EPS": 6507,
        "PE": 1.0,
        "Book Price": 3.3
      }
    },
    {
      "quarter": "Q3 2009",
      "income status": {
        "Net sales": 191318,
        "Cost of goods sold": 140135,
        "Gross Profit": 51184,
        "Financial expenses": 6009,
        "Of which: Interest expense": 4299,
        "Cost of sales": 5227,
        "Enterprise cost management": 9276,
        "Total Operating Expenses": 20512,
        "Total revenue financing activities": 2301,
        "Net profit from business activities": 32974,
        "Profit": 1,
        "Profit before tax": 32976,
        "Present corporate income tax expenses": 6587,
        "Deferred income taxes expenses": -4114,
        "The interests of minority shareholders": "N/A",
        "Total Cost of profits": 2473,
        "Profit after tax corporate income": 30502,
        "Volume": 18531620,
        "Close of Quarter": 8.5,
        "EPS": 419.1,
        "Non-adjusted EPS": 2929,
        "PE": 2.9,
        "Book Price": 3.2
      }
    },
    {
      "quarter": "Q2 2009",
      "income status": {
        "Net sales": 261485,
        "Cost of goods sold": 226049,
        "Gross Profit": 35436,
        "Financial expenses": -18282,
        "Of which: Interest expense": 6180,
        "Cost of sales": 4784,
        "Enterprise cost management": 7682,
        "Total Operating Expenses": -5816,
        "Total revenue financing activities": 1274,
        "Net profit from business activities": 42525,
        "Profit": -22,
        "Profit before tax": 42503,
        "Present corporate income tax expenses": "N/A",
        "Deferred income taxes expenses": "N/A",
        "The interests of minority shareholders": "N/A",
        "Total Cost of profits": 0,
        "Profit after tax corporate income": 42503,
        "Volume": 18531620,
        "Close of Quarter": 4.1,
        "EPS": -85.7,
        "Non-adjusted EPS": -599,
        "PE": -6.9,
        "Book Price": 2.9
      }
    },
    {
      "quarter": "Q1 2009",
      "income status": {
        "Net sales": 203809,
        "Cost of goods sold": 188090,
        "Gross Profit": 15719,
        "Financial expenses": 5299,
        "Of which: Interest expense": 2091,
        "Cost of sales": 3783,
        "Enterprise cost management": 3107,
        "Total Operating Expenses": 12189,
        "Total revenue financing activities": 2315,
        "Net profit from business activities": 5844,
        "Profit": 210,
        "Profit before tax": 6054,
        "Present corporate income tax expenses": "N/A",
        "Deferred income taxes expenses": "N/A",
        "The interests of minority shareholders": "N/A",
        "Total Cost of profits": 0,
        "Profit after tax corporate income": 6054,
        "Volume": 18531620,
        "Close of Quarter": 3.2,
        "EPS": -368.5,
        "Non-adjusted EPS": -2575,
        "PE": -1.3,
        "Book Price": 2.6
      }
    },
    {
      "quarter": "Q4 2008",
      "income status": {
        "Net sales": 216027,
        "Cost of goods sold": 209112,
        "Gross Profit": 6916,
        "Financial expenses": 18528,
        "Of which: Interest expense": 10794,
        "Cost of sales": 6353,
        "Enterprise cost management": 8016,
        "Total Operating Expenses": 32897,
        "Total revenue financing activities": 1317,
        "Net profit from business activities": -24665,
        "Profit": -115,
        "Profit before tax": -24780,
        "Present corporate income tax expenses": 1254,
        "Deferred income taxes expenses": -1254,
        "The interests of minority shareholders": "N/A",
        "Total Cost of profits": 0,
        "Profit after tax corporate income": -24780,
        "Volume": 18531620,
        "Close of Quarter": 3.6,
        "EPS": -334.1,
        "Non-adjusted EPS": -2335,
        "PE": -1.6,
        "Book Price": 2.6
      }
    },
    {
      "quarter": "Q3 2008",
      "income status": {
        "Net sales": 174828,
        "Cost of goods sold": 163996,
        "Gross Profit": 10832,
        "Financial expenses": 43603,
        "Of which: Interest expense": 7997,
        "Cost of sales": 4434,
        "Enterprise cost management": 4318,
        "Total Operating Expenses": 52355,
        "Total revenue financing activities": 6632,
        "Net profit from business activities": -34891,
        "Profit": 8,
        "Profit before tax": -34883,
        "Present corporate income tax expenses": "N/A",
        "Deferred income taxes expenses": "N/A",
        "The interests of minority shareholders": "N/A",
        "Total Cost of profits": 0,
        "Profit after tax corporate income": -34883,
        "Volume": 18531620,
        "Close of Quarter": 3.6,
        "EPS": -88.6,
        "Non-adjusted EPS": -619,
        "PE": -5.7,
        "Book Price": 2.8
      }
    },
    {
      "quarter": "Q2 2008",
      "income status": {
        "Net sales": 169901,
        "Cost of goods sold": 162116,
        "Gross Profit": 7786,
        "Financial expenses": 3994,
        "Of which: Interest expense": 3698,
        "Cost of sales": 3712,
        "Enterprise cost management": 2340,
        "Total Operating Expenses": 10046,
        "Total revenue financing activities": 8140,
        "Net profit from business activities": 5879,
        "Profit": 3,
        "Profit before tax": 5882,
        "Present corporate income tax expenses": "N/A",
        "Deferred income taxes expenses": "N/A",
        "The interests of minority shareholders": "N/A",
        "Total Cost of profits": 0,
        "Profit after tax corporate income": 5882,
        "Volume": 18531620,
        "Close of Quarter": 5.1,
        "EPS": 264.4,
        "Non-adjusted EPS": 1848,
        "PE": 2.8,
        "Book Price": 3.0
      }
    },
    {
      "quarter": "Q1 2008",
      "income status": {
        "Net sales": 229331,
        "Cost of goods sold": 204544,
        "Gross Profit": 24787,
        "Financial expenses": 9797,
        "Of which: Interest expense": 4867,
        "Cost of sales": 4735,
        "Enterprise cost management": 4975,
        "Total Operating Expenses": 19507,
        "Total revenue financing activities": 4894,
        "Net profit from business activities": 10174,
        "Profit": 330,
        "Profit before tax": 10504,
        "Present corporate income tax expenses": "N/A",
        "Deferred income taxes expenses": "N/A",
        "The interests of minority shareholders": "N/A",
        "Total Cost of profits": 0,
        "Profit after tax corporate income": 10504,
        "Volume": 16847727,
        "Close of Quarter": 5.9,
        "EPS": 354.8,
        "Non-adjusted EPS": 2727,
        "PE": 2.2,
        "Book Price": 3.0
      }
    },
    {
      "quarter": "Q4 2007",
      "income status": {
        "Net sales": 181423,
        "Cost of goods sold": 166510,
        "Gross Profit": 14913,
        "Financial expenses": 3671,
        "Of which: Interest expense": "N/A",
        "Cost of sales": 3962,
        "Enterprise cost management": 7120,
        "Total Operating Expenses": 14753,
        "Total revenue financing activities": 6598,
        "Net profit from business activities": 6758,
        "Profit": 274,
        "Profit before tax": 7032,
        "Present corporate income tax expenses": "N/A",
        "Deferred income taxes expenses": "N/A",
        "The interests of minority shareholders": "N/A",
        "Total Cost of profits": 0,
        "Profit after tax corporate income": 7032,
        "Volume": 16847727,
        "Close of Quarter": 9.8,
        "EPS": 354.8,
        "Non-adjusted EPS": 2727,
        "PE": 3.6,
        "Book Price": 2.9
      }
    },
    {
      "quarter": "Q3 2007",
      "income status": {
        "Net sales": 148385,
        "Cost of goods sold": 133514,
        "Gross Profit": 14871,
        "Financial expenses": 3311,
        "Of which: Interest expense": 3283,
        "Cost of sales": 3033,
        "Enterprise cost management": 2538,
        "Total Operating Expenses": 8882,
        "Total revenue financing activities": 4824,
        "Net profit from business activities": 10813,
        "Profit": 13,
        "Profit before tax": 10826,
        "Present corporate income tax expenses": "N/A",
        "Deferred income taxes expenses": "N/A",
        "The interests of minority shareholders": "N/A",
        "Total Cost of profits": 0,
        "Profit after tax corporate income": 10826,
        "Volume": 16847727,
        "Close of Quarter": 9.7,
        "EPS": 336.9,
        "Non-adjusted EPS": 2590,
        "PE": 3.7,
        "Book Price": 2.9
      }
    },
    {
      "quarter": "Q2 2007",
      "income status": {
        "Net sales": 139159,
        "Cost of goods sold": 111876,
        "Gross Profit": 27283,
        "Financial expenses": 3552,
        "Of which: Interest expense": 3550,
        "Cost of sales": 3178,
        "Enterprise cost management": 3240,
        "Total Operating Expenses": 9970,
        "Total revenue financing activities": 312,
        "Net profit from business activities": 17625,
        "Profit": -35,
        "Profit before tax": 17590,
        "Present corporate income tax expenses": "N/A",
        "Deferred income taxes expenses": "N/A",
        "The interests of minority shareholders": "N/A",
        "Total Cost of profits": 0,
        "Profit after tax corporate income": 17590,
        "Volume": 16847727,
        "Close of Quarter": 8.2,
        "EPS": 318.3,
        "Non-adjusted EPS": 2447,
        "PE": 3.3,
        "Book Price": 2.9
      }
    },
    {
      "quarter": "Q1 2007",
      "income status": {
        "Net sales": 229331,
        "Cost of goods sold": 204544,
        "Gross Profit": 24787,
        "Financial expenses": 9797,
        "Of which: Interest expense": 4867,
        "Cost of sales": 4735,
        "Enterprise cost management": 4975,
        "Total Operating Expenses": 19507,
        "Total revenue financing activities": 4894,
        "Net profit from business activities": 10174,
        "Profit": 330,
        "Profit before tax": 10504,
        "Present corporate income tax expenses": "N/A",
        "Deferred income taxes expenses": "N/A",
        "The interests of minority shareholders": "N/A",
        "Total Cost of profits": 0,
        "Profit after tax corporate income": 10504,
        "Volume": 16200000,
        "Close of Quarter": 10.1,
        "EPS": 261.3,
        "Non-adjusted EPS": 2089,
        "PE": 4.8,
        "Book Price": 2.7
      }
    },
    {
      "quarter": "Q4 2006",
      "income status": {
        "Net sales": 216250,
        "Cost of goods sold": 204519,
        "Gross Profit": 11731,
        "Financial expenses": 5300,
        "Of which: Interest expense": "N/A",
        "Cost of sales": 3743,
        "Enterprise cost management": 3858,
        "Total Operating Expenses": 12901,
        "Total revenue financing activities": 6535,
        "Net profit from business activities": 5365,
        "Profit": 2,
        "Profit before tax": 5367,
        "Present corporate income tax expenses": 644,
        "Deferred income taxes expenses": "N/A",
        "The interests of minority shareholders": "N/A",
        "Total Cost of profits": 644,
        "Profit after tax corporate income": 4722,
        "Volume": 16200000,
        "Close of Quarter": 8.8,
        "EPS": 351.1,
        "Non-adjusted EPS": 2807,
        "PE": 3.1,
        "Book Price": 2.7
      }
    },
    {
      "quarter": "Q3 2006",
      "income status": {
        "Net sales": 203554,
        "Cost of goods sold": 179374,
        "Gross Profit": 24180,
        "Financial expenses": 7797,
        "Of which: Interest expense": 7797,
        "Cost of sales": 3718,
        "Enterprise cost management": 3693,
        "Total Operating Expenses": 15208,
        "Total revenue financing activities": 164,
        "Net profit from business activities": 9136,
        "Profit": -48,
        "Profit before tax": 9088,
        "Present corporate income tax expenses": 682,
        "Deferred income taxes expenses": "N/A",
        "The interests of minority shareholders": "N/A",
        "Total Cost of profits": 682,
        "Profit after tax corporate income": 8407,
        "Volume": 16200000,
        "Close of Quarter": "N/A",
        "EPS": 314.6,
        "Non-adjusted EPS": 2515,
        "PE": "N/A",
        "Book Price": 1.0
      }
    },
    {
      "quarter": "Q2 2006",
      "income status": {
        "Net sales": 166846,
        "Cost of goods sold": 141757,
        "Gross Profit": 25089,
        "Financial expenses": 7507,
        "Of which: Interest expense": 7507,
        "Cost of sales": 3553,
        "Enterprise cost management": 3181,
        "Total Operating Expenses": 14241,
        "Total revenue financing activities": 176,
        "Net profit from business activities": 11025,
        "Profit": 4,
        "Profit before tax": 11029,
        "Present corporate income tax expenses": 827,
        "Deferred income taxes expenses": "N/A",
        "The interests of minority shareholders": "N/A",
        "Total Cost of profits": 827,
        "Profit after tax corporate income": 10202,
        "Volume": 16200000,
        "Close of Quarter": "N/A",
        "EPS": 249.7,
        "Non-adjusted EPS": 1996,
        "PE": "N/A",
        "Book Price": "N/A"
      }
    },
    {
      "quarter": "Q1 2006",
      "income status": {
        "Net sales": 179474,
        "Cost of goods sold": 142038,
        "Gross Profit": 37435,
        "Financial expenses": 6264,
        "Of which: Interest expense": 6264,
        "Cost of sales": 4216,
        "Enterprise cost management": 4090,
        "Total Operating Expenses": 14570,
        "Total revenue financing activities": 3121,
        "Net profit from business activities": "N/A",
        "Profit": "N/A",
        "Profit before tax": 26043,
        "Present corporate income tax expenses": "N/A",
        "Deferred income taxes expenses": "N/A",
        "The interests of minority shareholders": 1953,
        "Total Cost of profits": 1953,
        "Profit after tax corporate income": 22137,
        "Volume": 16200000,
        "Close of Quarter": "N/A",
        "EPS": 170.9,
        "Non-adjusted EPS": 1366,
        "PE": "N/A",
        "Book Price": "N/A"
      }
    }
  ]
}