{
  "ticker": "VSG",
  "data": [
    {
      "quarter": "Q2 2016",
      "income status": {
        "Net sales": 16370,
        "Cost of goods sold": 20533,
        "Gross Profit": -4164,
        "Financial expenses": 8396,
        "Of which: Interest expense": 8394,
        "Cost of sales": "N/A",
        "Enterprise cost management": 1693,
        "Total Operating Expenses": 10089,
        "Total revenue financing activities": 28,
        "Net profit from business activities": -14224,
        "Profit": 30,
        "Profit before tax": -14195,
        "Present corporate income tax expenses": "N/A",
        "Deferred income taxes expenses": "N/A",
        "The interests of minority shareholders": "N/A",
        "Total Cost of profits": 0,
        "Profit after tax corporate income": -14195,
        "Volume": 11044000,
        "Close of Quarter": 1.1,
        "EPS": -5619,
        "Non-adjusted EPS": -5619,
        "PE": -0.2,
        "Book Price": -21.8
      }
    },
    {
      "quarter": "Q1 2016",
      "income status": {
        "Net sales": 15918,
        "Cost of goods sold": 22135,
        "Gross Profit": -6217,
        "Financial expenses": 7681,
        "Of which: Interest expense": 7665,
        "Cost of sales": "N/A",
        "Enterprise cost management": 1257,
        "Total Operating Expenses": 8938,
        "Total revenue financing activities": 9,
        "Net profit from business activities": -15147,
        "Profit": "N/A",
        "Profit before tax": -15147,
        "Present corporate income tax expenses": "N/A",
        "Deferred income taxes expenses": "N/A",
        "The interests of minority shareholders": "N/A",
        "Total Cost of profits": 0,
        "Profit after tax corporate income": -15147,
        "Volume": 11044000,
        "Close of Quarter": 1.4,
        "EPS": -5100,
        "Non-adjusted EPS": -5100,
        "PE": -0.3,
        "Book Price": -20.6
      }
    },
    {
      "quarter": "Q3 2015",
      "income status": {
        "Net sales": 17307,
        "Cost of goods sold": 22705,
        "Gross Profit": -5398,
        "Financial expenses": 8378,
        "Of which: Interest expense": 5886,
        "Cost of sales": "N/A",
        "Enterprise cost management": 1384,
        "Total Operating Expenses": 9762,
        "Total revenue financing activities": 78,
        "Net profit from business activities": -15082,
        "Profit": "N/A",
        "Profit before tax": -15082,
        "Present corporate income tax expenses": "N/A",
        "Deferred income taxes expenses": "N/A",
        "The interests of minority shareholders": "N/A",
        "Total Cost of profits": 0,
        "Profit after tax corporate income": -15082,
        "Volume": 11044000,
        "Close of Quarter": 1.1,
        "EPS": -6368,
        "Non-adjusted EPS": -6368,
        "PE": -0.2,
        "Book Price": -15.4
      }
    },
    {
      "quarter": "Q2 2015",
      "income status": {
        "Net sales": 15669,
        "Cost of goods sold": 24191,
        "Gross Profit": -8523,
        "Financial expenses": 8200,
        "Of which: Interest expense": 5707,
        "Cost of sales": "N/A",
        "Enterprise cost management": 1055,
        "Total Operating Expenses": 9255,
        "Total revenue financing activities": 103,
        "Net profit from business activities": -17675,
        "Profit": 44,
        "Profit before tax": -17631,
        "Present corporate income tax expenses": "N/A",
        "Deferred income taxes expenses": "N/A",
        "The interests of minority shareholders": "N/A",
        "Total Cost of profits": 0,
        "Profit after tax corporate income": -17631,
        "Volume": 11044000,
        "Close of Quarter": 1.3,
        "EPS": -6454,
        "Non-adjusted EPS": -6454,
        "PE": -0.2,
        "Book Price": -14.3
      }
    },
    {
      "quarter": "Q1 2015",
      "income status": {
        "Net sales": 16635,
        "Cost of goods sold": 18395,
        "Gross Profit": -1759,
        "Financial expenses": 8085,
        "Of which: Interest expense": 5584,
        "Cost of sales": 3,
        "Enterprise cost management": 1271,
        "Total Operating Expenses": 9359,
        "Total revenue financing activities": 26,
        "Net profit from business activities": -11093,
        "Profit": 2627,
        "Profit before tax": -8466,
        "Present corporate income tax expenses": "N/A",
        "Deferred income taxes expenses": "N/A",
        "The interests of minority shareholders": "N/A",
        "Total Cost of profits": 0,
        "Profit after tax corporate income": -8466,
        "Volume": 11044000,
        "Close of Quarter": 1.3,
        "EPS": -6316,
        "Non-adjusted EPS": -6316,
        "PE": -0.2,
        "Book Price": -12.9
      }
    },
    {
      "quarter": "Q4 2014",
      "income status": {
        "Net sales": 17737,
        "Cost of goods sold": 29777,
        "Gross Profit": -12040,
        "Financial expenses": 15547,
        "Of which: Interest expense": 5666,
        "Cost of sales": 13,
        "Enterprise cost management": 2437,
        "Total Operating Expenses": 17997,
        "Total revenue financing activities": 443,
        "Net profit from business activities": -29594,
        "Profit": 448,
        "Profit before tax": -29146,
        "Present corporate income tax expenses": "N/A",
        "Deferred income taxes expenses": "N/A",
        "The interests of minority shareholders": "N/A",
        "Total Cost of profits": 0,
        "Profit after tax corporate income": -29146,
        "Volume": 11044000,
        "Close of Quarter": 1.3,
        "EPS": -6922,
        "Non-adjusted EPS": -6922,
        "PE": -0.2,
        "Book Price": -12.4
      }
    },
    {
      "quarter": "Q3 2014",
      "income status": {
        "Net sales": 18118,
        "Cost of goods sold": 24366,
        "Gross Profit": -6248,
        "Financial expenses": 9173,
        "Of which: Interest expense": 5725,
        "Cost of sales": 45,
        "Enterprise cost management": 1179,
        "Total Operating Expenses": 10397,
        "Total revenue financing activities": 78,
        "Net profit from business activities": -16567,
        "Profit": 532,
        "Profit before tax": -16035,
        "Present corporate income tax expenses": "N/A",
        "Deferred income taxes expenses": "N/A",
        "The interests of minority shareholders": "N/A",
        "Total Cost of profits": 0,
        "Profit after tax corporate income": -16035,
        "Volume": 11044000,
        "Close of Quarter": 1.6,
        "EPS": -6555,
        "Non-adjusted EPS": -6555,
        "PE": -0.2,
        "Book Price": -10
      }
    },
    {
      "quarter": "Q2 2014",
      "income status": {
        "Net sales": 17872,
        "Cost of goods sold": 24266,
        "Gross Profit": -6394,
        "Financial expenses": 9054,
        "Of which: Interest expense": 5622,
        "Cost of sales": 73,
        "Enterprise cost management": 1275,
        "Total Operating Expenses": 10402,
        "Total revenue financing activities": 39,
        "Net profit from business activities": -16758,
        "Profit": 655,
        "Profit before tax": -16103,
        "Present corporate income tax expenses": "N/A",
        "Deferred income taxes expenses": "N/A",
        "The interests of minority shareholders": "N/A",
        "Total Cost of profits": 0,
        "Profit after tax corporate income": -16103,
        "Volume": 11044000,
        "Close of Quarter": 1.6,
        "EPS": -6495,
        "Non-adjusted EPS": -6495,
        "PE": -0.3,
        "Book Price": -8.9
      }
    },
    {
      "quarter": "Q1 2014",
      "income status": {
        "Net sales": 15346,
        "Cost of goods sold": 20191,
        "Gross Profit": -4845,
        "Financial expenses": 8996,
        "Of which: Interest expense": 5567,
        "Cost of sales": 129,
        "Enterprise cost management": 1071,
        "Total Operating Expenses": 10196,
        "Total revenue financing activities": -120,
        "Net profit from business activities": -15160,
        "Profit": "N/A",
        "Profit before tax": -15160,
        "Present corporate income tax expenses": "N/A",
        "Deferred income taxes expenses": "N/A",
        "The interests of minority shareholders": "N/A",
        "Total Cost of profits": 0,
        "Profit after tax corporate income": -15160,
        "Volume": 11044000,
        "Close of Quarter": 2.6,
        "EPS": -6827,
        "Non-adjusted EPS": -6827,
        "PE": -0.4,
        "Book Price": -7.8
      }
    },
    {
      "quarter": "Q4 2013",
      "income status": {
        "Net sales": 17449,
        "Cost of goods sold": 26073,
        "Gross Profit": -8624,
        "Financial expenses": 15169,
        "Of which: Interest expense": 5745,
        "Cost of sales": 52,
        "Enterprise cost management": 1580,
        "Total Operating Expenses": 16801,
        "Total revenue financing activities": 174,
        "Net profit from business activities": -25250,
        "Profit": 158,
        "Profit before tax": -25092,
        "Present corporate income tax expenses": "N/A",
        "Deferred income taxes expenses": "N/A",
        "The interests of minority shareholders": "N/A",
        "Total Cost of profits": 0,
        "Profit after tax corporate income": -25092,
        "Volume": 11044000,
        "Close of Quarter": 1.2,
        "EPS": -6384,
        "Non-adjusted EPS": -6384,
        "PE": -0.2,
        "Book Price": -6.7
      }
    },
    {
      "quarter": "Q3 2013",
      "income status": {
        "Net sales": 18896,
        "Cost of goods sold": 23983,
        "Gross Profit": -5087,
        "Financial expenses": 9172,
        "Of which: Interest expense": 5739,
        "Cost of sales": 55,
        "Enterprise cost management": 1090,
        "Total Operating Expenses": 10317,
        "Total revenue financing activities": 26,
        "Net profit from business activities": -15378,
        "Profit": "N/A",
        "Profit before tax": -15378,
        "Present corporate income tax expenses": "N/A",
        "Deferred income taxes expenses": "N/A",
        "The interests of minority shareholders": "N/A",
        "Total Cost of profits": 0,
        "Profit after tax corporate income": -15378,
        "Volume": 11044000,
        "Close of Quarter": 0.6,
        "EPS": -5909,
        "Non-adjusted EPS": -5909,
        "PE": -0.1,
        "Book Price": -4.7
      }
    },
    {
      "quarter": "Q2 2013",
      "income status": {
        "Net sales": 17011,
        "Cost of goods sold": 26300,
        "Gross Profit": -9290,
        "Financial expenses": 9174,
        "Of which: Interest expense": 5742,
        "Cost of sales": 62,
        "Enterprise cost management": 1260,
        "Total Operating Expenses": 10496,
        "Total revenue financing activities": 101,
        "Net profit from business activities": -19685,
        "Profit": -85,
        "Profit before tax": -19771,
        "Present corporate income tax expenses": "N/A",
        "Deferred income taxes expenses": "N/A",
        "The interests of minority shareholders": "N/A",
        "Total Cost of profits": 0,
        "Profit after tax corporate income": -19771,
        "Volume": 11044000,
        "Close of Quarter": 0.8,
        "EPS": -5897,
        "Non-adjusted EPS": -5897,
        "PE": -0.1,
        "Book Price": -3.7
      }
    },
    {
      "quarter": "Q1 2013",
      "income status": {
        "Net sales": 19101,
        "Cost of goods sold": 19392,
        "Gross Profit": -291,
        "Financial expenses": 9013,
        "Of which: Interest expense": 9013,
        "Cost of sales": 40,
        "Enterprise cost management": 1038,
        "Total Operating Expenses": 10091,
        "Total revenue financing activities": 115,
        "Net profit from business activities": -10268,
        "Profit": "N/A",
        "Profit before tax": -10268,
        "Present corporate income tax expenses": "N/A",
        "Deferred income taxes expenses": "N/A",
        "The interests of minority shareholders": "N/A",
        "Total Cost of profits": 0,
        "Profit after tax corporate income": -10268,
        "Volume": 11044000,
        "Close of Quarter": 1.2,
        "EPS": -5701,
        "Non-adjusted EPS": -5701,
        "PE": -0.2,
        "Book Price": -2.2
      }
    },
    {
      "quarter": "Q4 2012",
      "income status": {
        "Net sales": 18308,
        "Cost of goods sold": 27428,
        "Gross Profit": -9120,
        "Financial expenses": 9100,
        "Of which: Interest expense": 6304,
        "Cost of sales": 48,
        "Enterprise cost management": 1870,
        "Total Operating Expenses": 11018,
        "Total revenue financing activities": 691,
        "Net profit from business activities": -19446,
        "Profit": -395,
        "Profit before tax": -19841,
        "Present corporate income tax expenses": "N/A",
        "Deferred income taxes expenses": "N/A",
        "The interests of minority shareholders": "N/A",
        "Total Cost of profits": 0,
        "Profit after tax corporate income": -19841,
        "Volume": 11044000,
        "Close of Quarter": 1,
        "EPS": -5309,
        "Non-adjusted EPS": -5309,
        "PE": -0.2,
        "Book Price": -1.5
      }
    },
    {
      "quarter": "Q3 2012",
      "income status": {
        "Net sales": 19483,
        "Cost of goods sold": 22980,
        "Gross Profit": -3497,
        "Financial expenses": 9155,
        "Of which: Interest expense": 6304,
        "Cost of sales": 65,
        "Enterprise cost management": 1100,
        "Total Operating Expenses": 10320,
        "Total revenue financing activities": 27,
        "Net profit from business activities": -13790,
        "Profit": -1455,
        "Profit before tax": -15245,
        "Present corporate income tax expenses": "N/A",
        "Deferred income taxes expenses": "N/A",
        "The interests of minority shareholders": "N/A",
        "Total Cost of profits": 0,
        "Profit after tax corporate income": -15245,
        "Volume": 11044000,
        "Close of Quarter": 1.2,
        "EPS": -4555,
        "Non-adjusted EPS": -4555,
        "PE": -0.3,
        "Book Price": -0.1
      }
    },
    {
      "quarter": "Q2 2012",
      "income status": {
        "Net sales": 19414,
        "Cost of goods sold": 26104,
        "Gross Profit": -6690,
        "Financial expenses": 9737,
        "Of which: Interest expense": 6304,
        "Cost of sales": 107,
        "Enterprise cost management": 1155,
        "Total Operating Expenses": 10999,
        "Total revenue financing activities": 82,
        "Net profit from business activities": -17607,
        "Profit": "N/A",
        "Profit before tax": -17607,
        "Present corporate income tax expenses": "N/A",
        "Deferred income taxes expenses": "N/A",
        "The interests of minority shareholders": "N/A",
        "Total Cost of profits": 0,
        "Profit after tax corporate income": -17607,
        "Volume": 11044000,
        "Close of Quarter": 1.5,
        "EPS": -3675,
        "Non-adjusted EPS": -3675,
        "PE": -0.4,
        "Book Price": 1
      }
    },
    {
      "quarter": "Q1 2012",
      "income status": {
        "Net sales": 25012,
        "Cost of goods sold": 21167,
        "Gross Profit": 3845,
        "Financial expenses": 8480,
        "Of which: Interest expense": 5047,
        "Cost of sales": 190,
        "Enterprise cost management": 1188,
        "Total Operating Expenses": 9858,
        "Total revenue financing activities": 75,
        "Net profit from business activities": -5938,
        "Profit": "N/A",
        "Profit before tax": -5938,
        "Present corporate income tax expenses": "N/A",
        "Deferred income taxes expenses": "N/A",
        "The interests of minority shareholders": "N/A",
        "Total Cost of profits": 0,
        "Profit after tax corporate income": -5938,
        "Volume": 11044000,
        "Close of Quarter": 1.9,
        "EPS": -3553,
        "Non-adjusted EPS": -3553,
        "PE": -0.5,
        "Book Price": 2.3
      }
    },
    {
      "quarter": "Q4 2011",
      "income status": {
        "Net sales": 28562,
        "Cost of goods sold": 30433,
        "Gross Profit": -1871,
        "Financial expenses": 8065,
        "Of which: Interest expense": 5429,
        "Cost of sales": 289,
        "Enterprise cost management": 1602,
        "Total Operating Expenses": 9956,
        "Total revenue financing activities": 93,
        "Net profit from business activities": -11734,
        "Profit": 220,
        "Profit before tax": -11513,
        "Present corporate income tax expenses": "N/A",
        "Deferred income taxes expenses": "N/A",
        "The interests of minority shareholders": "N/A",
        "Total Cost of profits": 0,
        "Profit after tax corporate income": -11513,
        "Volume": 11044000,
        "Close of Quarter": 1.7,
        "EPS": -3363,
        "Non-adjusted EPS": -3363,
        "PE": -0.5,
        "Book Price": 2.6
      }
    },
    {
      "quarter": "Q3 2011",
      "income status": {
        "Net sales": 28855,
        "Cost of goods sold": 25125,
        "Gross Profit": 3730,
        "Financial expenses": 8018,
        "Of which: Interest expense": 6172,
        "Cost of sales": 298,
        "Enterprise cost management": 1615,
        "Total Operating Expenses": 9931,
        "Total revenue financing activities": 70,
        "Net profit from business activities": -6131,
        "Profit": 606,
        "Profit before tax": -5525,
        "Present corporate income tax expenses": "N/A",
        "Deferred income taxes expenses": "N/A",
        "The interests of minority shareholders": "N/A",
        "Total Cost of profits": 0,
        "Profit after tax corporate income": -5525,
        "Volume": 11044000,
        "Close of Quarter": 2.9,
        "EPS": -3789,
        "Non-adjusted EPS": -3789,
        "PE": -0.8,
        "Book Price": 3.7
      }
    },
    {
      "quarter": "Q2 2011",
      "income status": {
        "Net sales": 27469,
        "Cost of goods sold": 27184,
        "Gross Profit": 285,
        "Financial expenses": 15630,
        "Of which: Interest expense": 6926,
        "Cost of sales": 249,
        "Enterprise cost management": 1250,
        "Total Operating Expenses": 17129,
        "Total revenue financing activities": 580,
        "Net profit from business activities": -16263,
        "Profit": 5,
        "Profit before tax": -16259,
        "Present corporate income tax expenses": "N/A",
        "Deferred income taxes expenses": "N/A",
        "The interests of minority shareholders": "N/A",
        "Total Cost of profits": 0,
        "Profit after tax corporate income": -16259,
        "Volume": 11044000,
        "Close of Quarter": 3,
        "EPS": -3604,
        "Non-adjusted EPS": -3604,
        "PE": -0.8,
        "Book Price": 4.1
      }
    },
    {
      "quarter": "Q1 2011",
      "income status": {
        "Net sales": 26694,
        "Cost of goods sold": 21251,
        "Gross Profit": 5443,
        "Financial expenses": 8043,
        "Of which: Interest expense": 6129,
        "Cost of sales": 320,
        "Enterprise cost management": 1469,
        "Total Operating Expenses": 9832,
        "Total revenue financing activities": 545,
        "Net profit from business activities": -3844,
        "Profit": "N/A",
        "Profit before tax": -3844,
        "Present corporate income tax expenses": "N/A",
        "Deferred income taxes expenses": "N/A",
        "The interests of minority shareholders": "N/A",
        "Total Cost of profits": 0,
        "Profit after tax corporate income": -3844,
        "Volume": 11044000,
        "Close of Quarter": 4.6,
        "EPS": -3384,
        "Non-adjusted EPS": -3384,
        "PE": -1.4,
        "Book Price": 7.9
      }
    },
    {
      "quarter": "Q4 2010",
      "income status": {
        "Net sales": 26776,
        "Cost of goods sold": 31221,
        "Gross Profit": -4445,
        "Financial expenses": 10455,
        "Of which: Interest expense": "N/A",
        "Cost of sales": 446,
        "Enterprise cost management": 1708,
        "Total Operating Expenses": 12609,
        "Total revenue financing activities": 600,
        "Net profit from business activities": -16454,
        "Profit": 240,
        "Profit before tax": -16214,
        "Present corporate income tax expenses": "N/A",
        "Deferred income taxes expenses": "N/A",
        "The interests of minority shareholders": "N/A",
        "Total Cost of profits": 0,
        "Profit after tax corporate income": -16214,
        "Volume": 11044000,
        "Close of Quarter": 7,
        "EPS": -3681,
        "Non-adjusted EPS": -3681,
        "PE": -1.9,
        "Book Price": 8.1
      }
    },
    {
      "quarter": "Q3 2010",
      "income status": {
        "Net sales": 27472,
        "Cost of goods sold": 24229,
        "Gross Profit": 3243,
        "Financial expenses": 5459,
        "Of which: Interest expense": 5361,
        "Cost of sales": 297,
        "Enterprise cost management": 1662,
        "Total Operating Expenses": 7418,
        "Total revenue financing activities": 690,
        "Net profit from business activities": -3485,
        "Profit": "N/A",
        "Profit before tax": -3485,
        "Present corporate income tax expenses": "N/A",
        "Deferred income taxes expenses": "N/A",
        "The interests of minority shareholders": "N/A",
        "Total Cost of profits": 0,
        "Profit after tax corporate income": -3485,
        "Volume": 11044000,
        "Close of Quarter": 8.5,
        "EPS": -2280,
        "Non-adjusted EPS": -2280,
        "PE": -3.7,
        "Book Price": 12.6
      }
    },
    {
      "quarter": "Q2 2010",
      "income status": {
        "Net sales": 20176,
        "Cost of goods sold": 24618,
        "Gross Profit": -4442,
        "Financial expenses": 8190,
        "Of which: Interest expense": 6360,
        "Cost of sales": 244,
        "Enterprise cost management": 1406,
        "Total Operating Expenses": 9840,
        "Total revenue financing activities": 447,
        "Net profit from business activities": -13835,
        "Profit": 2,
        "Profit before tax": -13833,
        "Present corporate income tax expenses": "N/A",
        "Deferred income taxes expenses": "N/A",
        "The interests of minority shareholders": "N/A",
        "Total Cost of profits": 0,
        "Profit after tax corporate income": -13833,
        "Volume": 11044000,
        "Close of Quarter": 13.8,
        "EPS": -2222,
        "Non-adjusted EPS": -2222,
        "PE": -6.2,
        "Book Price": 12.9
      }
    },
    {
      "quarter": "Q1 2010",
      "income status": {
        "Net sales": 23551,
        "Cost of goods sold": 22852,
        "Gross Profit": 699,
        "Financial expenses": 6031,
        "Of which: Interest expense": 5091,
        "Cost of sales": 187,
        "Enterprise cost management": 1630,
        "Total Operating Expenses": 7848,
        "Total revenue financing activities": 25,
        "Net profit from business activities": -7124,
        "Profit": "N/A",
        "Profit before tax": -7124,
        "Present corporate income tax expenses": "N/A",
        "Deferred income taxes expenses": "N/A",
        "The interests of minority shareholders": "N/A",
        "Total Cost of profits": 0,
        "Profit after tax corporate income": -7124,
        "Volume": 11044000,
        "Close of Quarter": 10.4,
        "EPS": -964,
        "Non-adjusted EPS": -964,
        "PE": -10.8,
        "Book Price": 14.2
      }
    },
    {
      "quarter": "Q4 2009",
      "income status": {
        "Net sales": 31126,
        "Cost of goods sold": 26072,
        "Gross Profit": 5054,
        "Financial expenses": 7075,
        "Of which: Interest expense": "N/A",
        "Cost of sales": 219,
        "Enterprise cost management": 1819,
        "Total Operating Expenses": 9113,
        "Total revenue financing activities": 478,
        "Net profit from business activities": -3581,
        "Profit": 2705,
        "Profit before tax": -876,
        "Present corporate income tax expenses": -143,
        "Deferred income taxes expenses": "N/A",
        "The interests of minority shareholders": "N/A",
        "Total Cost of profits": -143,
        "Profit after tax corporate income": -734,
        "Volume": 11044000,
        "Close of Quarter": 11.3,
        "EPS": 2,
        "Non-adjusted EPS": 2,
        "PE": 5650,
        "Book Price": 14.9
      }
    },
    {
      "quarter": "Q3 2009",
      "income status": {
        "Net sales": 26606,
        "Cost of goods sold": 23608,
        "Gross Profit": 2998,
        "Financial expenses": 5237,
        "Of which: Interest expense": 5237,
        "Cost of sales": 177,
        "Enterprise cost management": 1411,
        "Total Operating Expenses": 6825,
        "Total revenue financing activities": 280,
        "Net profit from business activities": -3547,
        "Profit": 95,
        "Profit before tax": -3452,
        "Present corporate income tax expenses": -598,
        "Deferred income taxes expenses": "N/A",
        "The interests of minority shareholders": "N/A",
        "Total Cost of profits": -598,
        "Profit after tax corporate income": -2854,
        "Volume": 11044000,
        "Close of Quarter": 12.8,
        "EPS": -613,
        "Non-adjusted EPS": -613,
        "PE": -20.9,
        "Book Price": 14.9
      }
    },
    {
      "quarter": "Q2 2009",
      "income status": {
        "Net sales": 31994,
        "Cost of goods sold": 24985,
        "Gross Profit": 7009,
        "Financial expenses": 5838,
        "Of which: Interest expense": 5635,
        "Cost of sales": 203,
        "Enterprise cost management": 1269,
        "Total Operating Expenses": 7310,
        "Total revenue financing activities": 387,
        "Net profit from business activities": 86,
        "Profit": "N/A",
        "Profit before tax": 86,
        "Present corporate income tax expenses": 20,
        "Deferred income taxes expenses": "N/A",
        "The interests of minority shareholders": "N/A",
        "Total Cost of profits": 20,
        "Profit after tax corporate income": 66,
        "Volume": 11044000,
        "Close of Quarter": 12.4,
        "EPS": 23,
        "Non-adjusted EPS": 23,
        "PE": 539.1,
        "Book Price": 15.2
      }
    },
    {
      "quarter": "Q1 2009",
      "income status": {
        "Net sales": 29043,
        "Cost of goods sold": 22047,
        "Gross Profit": 6996,
        "Financial expenses": 5628,
        "Of which: Interest expense": 5563,
        "Cost of sales": 141,
        "Enterprise cost management": 1448,
        "Total Operating Expenses": 7217,
        "Total revenue financing activities": 287,
        "Net profit from business activities": 66,
        "Profit": 4243,
        "Profit before tax": 4309,
        "Present corporate income tax expenses": 761,
        "Deferred income taxes expenses": "N/A",
        "The interests of minority shareholders": "N/A",
        "Total Cost of profits": 761,
        "Profit after tax corporate income": 3548,
        "Volume": 11044000,
        "Close of Quarter": 8.6,
        "EPS": 277,
        "Non-adjusted EPS": 277,
        "PE": 31.1,
        "Book Price": 15.2
      }
    },
    {
      "quarter": "Q4 2008",
      "income status": {
        "Net sales": 39135,
        "Cost of goods sold": 30174,
        "Gross Profit": 8960,
        "Financial expenses": 16469,
        "Of which: Interest expense": "N/A",
        "Cost of sales": 271,
        "Enterprise cost management": 1662,
        "Total Operating Expenses": 18402,
        "Total revenue financing activities": 1093,
        "Net profit from business activities": -8349,
        "Profit": 1075,
        "Profit before tax": -7274,
        "Present corporate income tax expenses": 261,
        "Deferred income taxes expenses": "N/A",
        "The interests of minority shareholders": "N/A",
        "Total Cost of profits": 261,
        "Profit after tax corporate income": -7535,
        "Volume": 11044000,
        "Close of Quarter": 10,
        "EPS": -44,
        "Non-adjusted EPS": -44,
        "PE": -227.3,
        "Book Price": 14.8
      }
    },
    {
      "quarter": "Q3 2008",
      "income status": {
        "Net sales": 40297,
        "Cost of goods sold": 26135,
        "Gross Profit": 14163,
        "Financial expenses": 7348,
        "Of which: Interest expense": "N/A",
        "Cost of sales": 222,
        "Enterprise cost management": 2001,
        "Total Operating Expenses": 9571,
        "Total revenue financing activities": 1184,
        "Net profit from business activities": 5776,
        "Profit": 18,
        "Profit before tax": 5794,
        "Present corporate income tax expenses": 1622,
        "Deferred income taxes expenses": "N/A",
        "The interests of minority shareholders": "N/A",
        "Total Cost of profits": 1622,
        "Profit after tax corporate income": 4172,
        "Volume": 11044000,
        "Close of Quarter": 16.5,
        "EPS": 638,
        "Non-adjusted EPS": 638,
        "PE": 25.9,
        "Book Price": 16.5
      }
    },
    {
      "quarter": "Q2 2008",
      "income status": {
        "Net sales": 32063,
        "Cost of goods sold": 20185,
        "Gross Profit": 11878,
        "Financial expenses": 7262,
        "Of which: Interest expense": "N/A",
        "Cost of sales": 222,
        "Enterprise cost management": 1668,
        "Total Operating Expenses": 9152,
        "Total revenue financing activities": 1210,
        "Net profit from business activities": 3936,
        "Profit": 34,
        "Profit before tax": 3969,
        "Present corporate income tax expenses": 1092,
        "Deferred income taxes expenses": "N/A",
        "The interests of minority shareholders": "N/A",
        "Total Cost of profits": 1092,
        "Profit after tax corporate income": 2878,
        "Volume": 11044000,
        "Close of Quarter": "N/A",
        "EPS": 261,
        "Non-adjusted EPS": 261,
        "PE": "N/A",
        "Book Price": 16.2
      }
    }
  ]
}