{
  "ticker": "IFS",
  "data": [
    {
      "quarter": "Q1 2017",
      "income status": {
        "Net sales": 272664,
        "Cost of goods sold": 181786,
        "Gross Profit": 90878,
        "Financial expenses": 2815,
        "Of which: Interest expense": 1204,
        "Cost of sales": 63126,
        "Enterprise cost management": 8231,
        "Total Operating Expenses": 74172,
        "Total revenue financing activities": 1740,
        "Net profit from business activities": 18447,
        "Profit": -540,
        "Profit before tax": 17907,
        "Present corporate income tax expenses": "N/A",
        "Deferred income taxes expenses": -209,
        "The interests of minority shareholders": 51,
        "Total Cost of profits": -158,
        "Profit after tax corporate income": 18065,
        "Volume": 87140984,
        "Close of Quarter": 6,
        "EPS": 844,
        "Non-adjusted EPS": 844,
        "PE": 7.1,
        "Book Price": 2.6
      }
    },
    {
      "quarter": "Q4 2016",
      "income status": {
        "Net sales": 435665,
        "Cost of goods sold": 304595,
        "Gross Profit": 131069,
        "Financial expenses": 26137,
        "Of which: Interest expense": 1163,
        "Cost of sales": 100468,
        "Enterprise cost management": 12275,
        "Total Operating Expenses": 138880,
        "Total revenue financing activities": 20222,
        "Net profit from business activities": 12410,
        "Profit": -1347,
        "Profit before tax": 11063,
        "Present corporate income tax expenses": "N/A",
        "Deferred income taxes expenses": -209,
        "The interests of minority shareholders": 15,
        "Total Cost of profits": -194,
        "Profit after tax corporate income": 11257,
        "Volume": 87140984,
        "Close of Quarter": 8.6,
        "EPS": 509,
        "Non-adjusted EPS": 509,
        "PE": 16.9,
        "Book Price": 2.4
      }
    },
    {
      "quarter": "Q3 2016",
      "income status": {
        "Net sales": 312390,
        "Cost of goods sold": 208261,
        "Gross Profit": 104129,
        "Financial expenses": 2340,
        "Of which: Interest expense": 1459,
        "Cost of sales": 66497,
        "Enterprise cost management": 9862,
        "Total Operating Expenses": 78699,
        "Total revenue financing activities": 1264,
        "Net profit from business activities": 26694,
        "Profit": -1330,
        "Profit before tax": 25364,
        "Present corporate income tax expenses": "N/A",
        "Deferred income taxes expenses": -209,
        "The interests of minority shareholders": 44,
        "Total Cost of profits": -165,
        "Profit after tax corporate income": 25529,
        "Volume": 87140984,
        "Close of Quarter": 9.5,
        "EPS": -21,
        "Non-adjusted EPS": -21,
        "PE": -452.4,
        "Book Price": 2.3
      }
    },
    {
      "quarter": "Q2 2016",
      "income status": {
        "Net sales": 335428,
        "Cost of goods sold": 234585,
        "Gross Profit": 100844,
        "Financial expenses": 3353,
        "Of which: Interest expense": 1443,
        "Cost of sales": 69042,
        "Enterprise cost management": 10588,
        "Total Operating Expenses": 82983,
        "Total revenue financing activities": 1970,
        "Net profit from business activities": 19830,
        "Profit": -1289,
        "Profit before tax": 18541,
        "Present corporate income tax expenses": "N/A",
        "Deferred income taxes expenses": -209,
        "The interests of minority shareholders": 30,
        "Total Cost of profits": -179,
        "Profit after tax corporate income": 18719,
        "Volume": 87140984,
        "Close of Quarter": 9.5,
        "EPS": -458,
        "Non-adjusted EPS": -458,
        "PE": -20.7,
        "Book Price": 2
      }
    },
    {
      "quarter": "Q1 2016",
      "income status": {
        "Net sales": 247028,
        "Cost of goods sold": 170011,
        "Gross Profit": 77017,
        "Financial expenses": 4515,
        "Of which: Interest expense": 1293,
        "Cost of sales": 58610,
        "Enterprise cost management": 9781,
        "Total Operating Expenses": 72906,
        "Total revenue financing activities": 6335,
        "Net profit from business activities": 10447,
        "Profit": -21746,
        "Profit before tax": -11299,
        "Present corporate income tax expenses": "N/A",
        "Deferred income taxes expenses": -206,
        "The interests of minority shareholders": 27,
        "Total Cost of profits": -179,
        "Profit after tax corporate income": -11120,
        "Volume": 87140984,
        "Close of Quarter": 9.5,
        "EPS": 362,
        "Non-adjusted EPS": 362,
        "PE": 26.2,
        "Book Price": 1.8
      }
    },
    {
      "quarter": "Q4 2015",
      "income status": {
        "Net sales": 436513,
        "Cost of goods sold": 315551,
        "Gross Profit": 120963,
        "Financial expenses": 3781,
        "Of which: Interest expense": 1717,
        "Cost of sales": 129278,
        "Enterprise cost management": 15201,
        "Total Operating Expenses": 148260,
        "Total revenue financing activities": 857,
        "Net profit from business activities": -26440,
        "Profit": -5546,
        "Profit before tax": -31987,
        "Present corporate income tax expenses": 2728,
        "Deferred income taxes expenses": 97,
        "The interests of minority shareholders": 119,
        "Total Cost of profits": 2944,
        "Profit after tax corporate income": -34931,
        "Volume": 87140984,
        "Close of Quarter": 9.5,
        "EPS": -1012,
        "Non-adjusted EPS": -1012,
        "PE": -9.4,
        "Book Price": 1.9
      }
    },
    {
      "quarter": "Q3 2015",
      "income status": {
        "Net sales": 272541,
        "Cost of goods sold": 178552,
        "Gross Profit": 93989,
        "Financial expenses": 18639,
        "Of which: Interest expense": 1525,
        "Cost of sales": 85424,
        "Enterprise cost management": 10286,
        "Total Operating Expenses": 114349,
        "Total revenue financing activities": 5729,
        "Net profit from business activities": -14631,
        "Profit": 2291,
        "Profit before tax": -12340,
        "Present corporate income tax expenses": "N/A",
        "Deferred income taxes expenses": 97,
        "The interests of minority shareholders": 117,
        "Total Cost of profits": 214,
        "Profit after tax corporate income": -12555,
        "Volume": 87140984,
        "Close of Quarter": 9.5,
        "EPS": -752,
        "Non-adjusted EPS": -752,
        "PE": -12.6,
        "Book Price": 0.5
      }
    },
    {
      "quarter": "Q1 2013",
      "income status": {
        "Net sales": 223154,
        "Cost of goods sold": 148703,
        "Gross Profit": 74451,
        "Financial expenses": 2187,
        "Of which: Interest expense": 2187,
        "Cost of sales": 75665,
        "Enterprise cost management": 9400,
        "Total Operating Expenses": 87252,
        "Total revenue financing activities": 310,
        "Net profit from business activities": -12492,
        "Profit": 106185,
        "Profit before tax": 93693,
        "Present corporate income tax expenses": "N/A",
        "Deferred income taxes expenses": 120,
        "The interests of minority shareholders": 3453,
        "Total Cost of profits": 3573,
        "Profit after tax corporate income": 90120,
        "Volume": 87140984,
        "Close of Quarter": 9.8,
        "EPS": -534,
        "Non-adjusted EPS": -534,
        "PE": -18.4,
        "Book Price": 0.3
      }
    },
    {
      "quarter": "Q4 2012",
      "income status": {
        "Net sales": 212086,
        "Cost of goods sold": 165026,
        "Gross Profit": 47060,
        "Financial expenses": 2781,
        "Of which: Interest expense": 2259,
        "Cost of sales": 83534,
        "Enterprise cost management": 9296,
        "Total Operating Expenses": 95611,
        "Total revenue financing activities": 636,
        "Net profit from business activities": -47915,
        "Profit": -39524,
        "Profit before tax": -87439,
        "Present corporate income tax expenses": 1609,
        "Deferred income taxes expenses": 43028,
        "The interests of minority shareholders": -1281,
        "Total Cost of profits": 43356,
        "Profit after tax corporate income": -130795,
        "Volume": 87140984,
        "Close of Quarter": 14.9,
        "EPS": -1614,
        "Non-adjusted EPS": -1614,
        "PE": -9.2,
        "Book Price": -0.7
      }
    },
    {
      "quarter": "Q3 2012",
      "income status": {
        "Net sales": 178765,
        "Cost of goods sold": 139237,
        "Gross Profit": 39528,
        "Financial expenses": 2026,
        "Of which: Interest expense": 2026,
        "Cost of sales": 42715,
        "Enterprise cost management": 7708,
        "Total Operating Expenses": 52449,
        "Total revenue financing activities": 34,
        "Net profit from business activities": -12887,
        "Profit": -1744,
        "Profit before tax": -14631,
        "Present corporate income tax expenses": -2540,
        "Deferred income taxes expenses": 120,
        "The interests of minority shareholders": 68,
        "Total Cost of profits": -2352,
        "Profit after tax corporate income": -12279,
        "Volume": 87140984,
        "Close of Quarter": 12.1,
        "EPS": -600,
        "Non-adjusted EPS": -600,
        "PE": -20.2,
        "Book Price": 0.8
      }
    },
    {
      "quarter": "Q2 2012",
      "income status": {
        "Net sales": 258279,
        "Cost of goods sold": 193273,
        "Gross Profit": 65006,
        "Financial expenses": 2635,
        "Of which: Interest expense": 1617,
        "Cost of sales": 52182,
        "Enterprise cost management": 7243,
        "Total Operating Expenses": 62060,
        "Total revenue financing activities": 182,
        "Net profit from business activities": 3129,
        "Profit": 6102,
        "Profit before tax": 9231,
        "Present corporate income tax expenses": 2540,
        "Deferred income taxes expenses": 240,
        "The interests of minority shareholders": -12,
        "Total Cost of profits": 2768,
        "Profit after tax corporate income": 6463,
        "Volume": 87140984,
        "Close of Quarter": 4.8,
        "EPS": -641,
        "Non-adjusted EPS": -641,
        "PE": -7.5,
        "Book Price": 1
      }
    },
    {
      "quarter": "Q1 2012",
      "income status": {
        "Net sales": 204658,
        "Cost of goods sold": 162619,
        "Gross Profit": 42039,
        "Financial expenses": 2106,
        "Of which: Interest expense": 2000,
        "Cost of sales": 36655,
        "Enterprise cost management": 7259,
        "Total Operating Expenses": 46020,
        "Total revenue financing activities": 273,
        "Net profit from business activities": -3709,
        "Profit": -244,
        "Profit before tax": -3953,
        "Present corporate income tax expenses": "N/A",
        "Deferred income taxes expenses": "N/A",
        "The interests of minority shareholders": 88,
        "Total Cost of profits": 88,
        "Profit after tax corporate income": -4041,
        "Volume": 87140984,
        "Close of Quarter": 4.7,
        "EPS": -845,
        "Non-adjusted EPS": -845,
        "PE": -5.6,
        "Book Price": 0.9
      }
    },
    {
      "quarter": "Q4 2011",
      "income status": {
        "Net sales": 196276,
        "Cost of goods sold": 188582,
        "Gross Profit": 7694,
        "Financial expenses": 4681,
        "Of which: Interest expense": 3843,
        "Cost of sales": 34820,
        "Enterprise cost management": 9631,
        "Total Operating Expenses": 49132,
        "Total revenue financing activities": 2945,
        "Net profit from business activities": -38493,
        "Profit": -3957,
        "Profit before tax": -42448,
        "Present corporate income tax expenses": "N/A",
        "Deferred income taxes expenses": "N/A",
        "The interests of minority shareholders": "N/A",
        "Total Cost of profits": 0,
        "Profit after tax corporate income": -42448,
        "Volume": 87140984,
        "Close of Quarter": 4.7,
        "EPS": -654,
        "Non-adjusted EPS": -654,
        "PE": -7.2,
        "Book Price": 1
      }
    },
    {
      "quarter": "Q3 2011",
      "income status": {
        "Net sales": 189242,
        "Cost of goods sold": 155635,
        "Gross Profit": 33607,
        "Financial expenses": 9302,
        "Of which: Interest expense": 7994,
        "Cost of sales": 32743,
        "Enterprise cost management": 6160,
        "Total Operating Expenses": 48205,
        "Total revenue financing activities": 449,
        "Net profit from business activities": -14149,
        "Profit": -1915,
        "Profit before tax": -16064,
        "Present corporate income tax expenses": "N/A",
        "Deferred income taxes expenses": -238,
        "The interests of minority shareholders": "N/A",
        "Total Cost of profits": -238,
        "Profit after tax corporate income": -15826,
        "Volume": 87140984,
        "Close of Quarter": 5.4,
        "EPS": -449,
        "Non-adjusted EPS": -449,
        "PE": -12.0,
        "Book Price": 1.4
      }
    },
    {
      "quarter": "Q2 2011",
      "income status": {
        "Net sales": 235274,
        "Cost of goods sold": 193307,
        "Gross Profit": 41967,
        "Financial expenses": 14404,
        "Of which: Interest expense": 8360,
        "Cost of sales": 42269,
        "Enterprise cost management": 10710,
        "Total Operating Expenses": 67383,
        "Total revenue financing activities": 11232,
        "Net profit from business activities": -14184,
        "Profit": 1280,
        "Profit before tax": -12904,
        "Present corporate income tax expenses": "N/A",
        "Deferred income taxes expenses": -1560,
        "The interests of minority shareholders": "N/A",
        "Total Cost of profits": -1560,
        "Profit after tax corporate income": -11344,
        "Volume": 87140984,
        "Close of Quarter": 11.8,
        "EPS": -244,
        "Non-adjusted EPS": -244,
        "PE": -48.4,
        "Book Price": 1.6
      }
    },
    {
      "quarter": "Q1 2011",
      "income status": {
        "Net sales": 263816,
        "Cost of goods sold": 202188,
        "Gross Profit": 61628,
        "Financial expenses": 26081,
        "Of which: Interest expense": 8648,
        "Cost of sales": 41373,
        "Enterprise cost management": 11213,
        "Total Operating Expenses": 78667,
        "Total revenue financing activities": 31323,
        "Net profit from business activities": 14284,
        "Profit": -95,
        "Profit before tax": 14189,
        "Present corporate income tax expenses": "N/A",
        "Deferred income taxes expenses": 1567,
        "The interests of minority shareholders": "N/A",
        "Total Cost of profits": 1567,
        "Profit after tax corporate income": 12622,
        "Volume": 87140984,
        "Close of Quarter": 15.5,
        "EPS": 12,
        "Non-adjusted EPS": 12,
        "PE": 1291.7,
        "Book Price": 1.8
      }
    },
    {
      "quarter": "Q4 2010",
      "income status": {
        "Net sales": 274971,
        "Cost of goods sold": 193033,
        "Gross Profit": 81938,
        "Financial expenses": 14666,
        "Of which: Interest expense": 9592,
        "Cost of sales": 75614,
        "Enterprise cost management": 14942,
        "Total Operating Expenses": 105222,
        "Total revenue financing activities": -278,
        "Net profit from business activities": -23562,
        "Profit": -1115,
        "Profit before tax": -24677,
        "Present corporate income tax expenses": 625,
        "Deferred income taxes expenses": -1087,
        "The interests of minority shareholders": 344,
        "Total Cost of profits": -118,
        "Profit after tax corporate income": -24559,
        "Volume": 87140984,
        "Close of Quarter": 9.4,
        "EPS": 79,
        "Non-adjusted EPS": 79,
        "PE": 119.0,
        "Book Price": 1.5
      }
    },
    {
      "quarter": "Q3 2010",
      "income status": {
        "Net sales": 227149,
        "Cost of goods sold": 179091,
        "Gross Profit": 48058,
        "Financial expenses": 28084,
        "Of which: Interest expense": 9312,
        "Cost of sales": 32969,
        "Enterprise cost management": 9052,
        "Total Operating Expenses": 70105,
        "Total revenue financing activities": 27587,
        "Net profit from business activities": 5540,
        "Profit": 760,
        "Profit before tax": 6300,
        "Present corporate income tax expenses": 625,
        "Deferred income taxes expenses": 3381,
        "The interests of minority shareholders": 235,
        "Total Cost of profits": 4241,
        "Profit after tax corporate income": 2059,
        "Volume": 87140984,
        "Close of Quarter": 9.4,
        "EPS": 550,
        "Non-adjusted EPS": 550,
        "PE": 17.1,
        "Book Price": 2.7
      }
    },
    {
      "quarter": "Q2 2010",
      "income status": {
        "Net sales": 251688,
        "Cost of goods sold": 196490,
        "Gross Profit": 55198,
        "Financial expenses": 10146,
        "Of which: Interest expense": "N/A",
        "Cost of sales": 22460,
        "Enterprise cost management": 15694,
        "Total Operating Expenses": 48300,
        "Total revenue financing activities": 3976,
        "Net profit from business activities": 10874,
        "Profit": 40,
        "Profit before tax": 10914,
        "Present corporate income tax expenses": "N/A",
        "Deferred income taxes expenses": "N/A",
        "The interests of minority shareholders": 9,
        "Total Cost of profits": 9,
        "Profit after tax corporate income": 10905,
        "Volume": 87140984,
        "Close of Quarter": 12,
        "EPS": 537,
        "Non-adjusted EPS": 537,
        "PE": 22.4,
        "Book Price": 1.7
      }
    },
    {
      "quarter": "Q1 2010",
      "income status": {
        "Net sales": 261264,
        "Cost of goods sold": 206032,
        "Gross Profit": 55232,
        "Financial expenses": 8461,
        "Of which: Interest expense": "N/A",
        "Cost of sales": 19269,
        "Enterprise cost management": 10538,
        "Total Operating Expenses": 38268,
        "Total revenue financing activities": 1702,
        "Net profit from business activities": 18666,
        "Profit": -107,
        "Profit before tax": 18559,
        "Present corporate income tax expenses": "N/A",
        "Deferred income taxes expenses": "N/A",
        "The interests of minority shareholders": 98,
        "Total Cost of profits": 98,
        "Profit after tax corporate income": 18461,
        "Volume": 87140984,
        "Close of Quarter": 8.9,
        "EPS": 69,
        "Non-adjusted EPS": 69,
        "PE": 129.0,
        "Book Price": 1.9
      }
    },
    {
      "quarter": "Q4 2009",
      "income status": {
        "Net sales": 256282,
        "Cost of goods sold": 201569,
        "Gross Profit": 54713,
        "Financial expenses": 11991,
        "Of which: Interest expense": "N/A",
        "Cost of sales": 25981,
        "Enterprise cost management": 11027,
        "Total Operating Expenses": 48999,
        "Total revenue financing activities": 9357,
        "Net profit from business activities": 15071,
        "Profit": 1472,
        "Profit before tax": 16543,
        "Present corporate income tax expenses": "N/A",
        "Deferred income taxes expenses": "N/A",
        "The interests of minority shareholders": 5,
        "Total Cost of profits": 5,
        "Profit after tax corporate income": 16538,
        "Volume": 87140984,
        "Close of Quarter": 9.4,
        "EPS": 14,
        "Non-adjusted EPS": 14,
        "PE": 671.4,
        "Book Price": 1.6
      }
    },
    {
      "quarter": "Q3 2009",
      "income status": {
        "Net sales": 191842,
        "Cost of goods sold": 146943,
        "Gross Profit": 44900,
        "Financial expenses": 19593,
        "Of which: Interest expense": "N/A",
        "Cost of sales": 16251,
        "Enterprise cost management": 10679,
        "Total Operating Expenses": 46523,
        "Total revenue financing activities": 1873,
        "Net profit from business activities": 250,
        "Profit": 66,
        "Profit before tax": 316,
        "Present corporate income tax expenses": "N/A",
        "Deferred income taxes expenses": "N/A",
        "The interests of minority shareholders": -555,
        "Total Cost of profits": -555,
        "Profit after tax corporate income": 871,
        "Volume": 87140984,
        "Close of Quarter": 10.9,
        "EPS": -2915,
        "Non-adjusted EPS": -2915,
        "PE": -3.7,
        "Book Price": 1.4
      }
    },
    {
      "quarter": "Q2 2009",
      "income status": {
        "Net sales": 262374,
        "Cost of goods sold": 207983,
        "Gross Profit": 54391,
        "Financial expenses": 64704,
        "Of which: Interest expense": -17945,
        "Cost of sales": 20425,
        "Enterprise cost management": 10645,
        "Total Operating Expenses": 95774,
        "Total revenue financing activities": 10939,
        "Net profit from business activities": -30444,
        "Profit": 516,
        "Profit before tax": -29928,
        "Present corporate income tax expenses": "N/A",
        "Deferred income taxes expenses": "N/A",
        "The interests of minority shareholders": -68,
        "Total Cost of profits": -68,
        "Profit after tax corporate income": -29860,
        "Volume": 87140984,
        "Close of Quarter": 10.9,
        "EPS": -3008,
        "Non-adjusted EPS": -3008,
        "PE": -3.6,
        "Book Price": "N/A"
      }
    },
    {
      "quarter": "Q1 2009",
      "income status": {
        "Net sales": 238642,
        "Cost of goods sold": 177561,
        "Gross Profit": 61081,
        "Financial expenses": 19546,
        "Of which: Interest expense": 17945,
        "Cost of sales": 20532,
        "Enterprise cost management": 10047,
        "Total Operating Expenses": 50125,
        "Total revenue financing activities": 2627,
        "Net profit from business activities": 13583,
        "Profit": -263,
        "Profit before tax": 13320,
        "Present corporate income tax expenses": "N/A",
        "Deferred income taxes expenses": "N/A",
        "The interests of minority shareholders": -367,
        "Total Cost of profits": -367,
        "Profit after tax corporate income": 13687,
        "Volume": 87140984,
        "Close of Quarter": 6.5,
        "EPS": -2633,
        "Non-adjusted EPS": -2633,
        "PE": -2.5,
        "Book Price": 2.4
      }
    },
    {
      "quarter": "Q4 2008",
      "income status": {
        "Net sales": 241836,
        "Cost of goods sold": 280299,
        "Gross Profit": -38463,
        "Financial expenses": 11292,
        "Of which: Interest expense": 11292,
        "Cost of sales": 30014,
        "Enterprise cost management": 19213,
        "Total Operating Expenses": 60519,
        "Total revenue financing activities": 12226,
        "Net profit from business activities": -86757,
        "Profit": -151073,
        "Profit before tax": -237830,
        "Present corporate income tax expenses": -2359,
        "Deferred income taxes expenses": "N/A",
        "The interests of minority shareholders": 3267,
        "Total Cost of profits": 908,
        "Profit after tax corporate income": -238739,
        "Volume": 87140984,
        "Close of Quarter": 7.7,
        "EPS": -2596,
        "Non-adjusted EPS": -2596,
        "PE": -3.0,
        "Book Price": 1.9
      }
    },
    {
      "quarter": "Q3 2008",
      "income status": {
        "Net sales": 189437,
        "Cost of goods sold": 164207,
        "Gross Profit": 25230,
        "Financial expenses": 16861,
        "Of which: Interest expense": 16861,
        "Cost of sales": 13743,
        "Enterprise cost management": 12453,
        "Total Operating Expenses": 43057,
        "Total revenue financing activities": 9255,
        "Net profit from business activities": -8572,
        "Profit": 494,
        "Profit before tax": -8078,
        "Present corporate income tax expenses": -325,
        "Deferred income taxes expenses": "N/A",
        "The interests of minority shareholders": -548,
        "Total Cost of profits": -873,
        "Profit after tax corporate income": -7205,
        "Volume": 87140984,
        "Close of Quarter": 12.7,
        "EPS": 388,
        "Non-adjusted EPS": 388,
        "PE": 32.7,
        "Book Price": 4.6
      }
    },
    {
      "quarter": "Q2 2008",
      "income status": {
        "Net sales": 226445,
        "Cost of goods sold": 175546,
        "Gross Profit": 50898,
        "Financial expenses": 20979,
        "Of which: Interest expense": 20979,
        "Cost of sales": 20601,
        "Enterprise cost management": 14432,
        "Total Operating Expenses": 56012,
        "Total revenue financing activities": 5654,
        "Net profit from business activities": 540,
        "Profit": 2742,
        "Profit before tax": 3282,
        "Present corporate income tax expenses": 315,
        "Deferred income taxes expenses": "N/A",
        "The interests of minority shareholders": 128,
        "Total Cost of profits": 443,
        "Profit after tax corporate income": 2839,
        "Volume": 87140984,
        "Close of Quarter": 12.1,
        "EPS": 651,
        "Non-adjusted EPS": 651,
        "PE": 18.6,
        "Book Price": 4.6
      }
    },
    {
      "quarter": "Q1 2008",
      "income status": {
        "Net sales": 195366,
        "Cost of goods sold": 149007,
        "Gross Profit": 46359,
        "Financial expenses": 8898,
        "Of which: Interest expense": 8898,
        "Cost of sales": 8070,
        "Enterprise cost management": 10243,
        "Total Operating Expenses": 27211,
        "Total revenue financing activities": 61,
        "Net profit from business activities": 19208,
        "Profit": 6,
        "Profit before tax": 19214,
        "Present corporate income tax expenses": 2369,
        "Deferred income taxes expenses": "N/A",
        "The interests of minority shareholders": -26,
        "Total Cost of profits": 2343,
        "Profit after tax corporate income": 16871,
        "Volume": 87140984,
        "Close of Quarter": 23,
        "EPS": 818,
        "Non-adjusted EPS": 818,
        "PE": 28.1,
        "Book Price": 4.5
      }
    },
    {
      "quarter": "Q4 2007",
      "income status": {
        "Net sales": 196996,
        "Cost of goods sold": 149480,
        "Gross Profit": 47516,
        "Financial expenses": 6644,
        "Of which: Interest expense": "N/A",
        "Cost of sales": 14103,
        "Enterprise cost management": 9694,
        "Total Operating Expenses": 30441,
        "Total revenue financing activities": 1914,
        "Net profit from business activities": 18988,
        "Profit": 1450,
        "Profit before tax": 20438,
        "Present corporate income tax expenses": -830,
        "Deferred income taxes expenses": "N/A",
        "The interests of minority shareholders": "N/A",
        "Total Cost of profits": -830,
        "Profit after tax corporate income": 21268,
        "Volume": 87140984,
        "Close of Quarter": 37.5,
        "EPS": 833,
        "Non-adjusted EPS": 833,
        "PE": 45.0,
        "Book Price": 4.6
      }
    },
    {
      "quarter": "Q3 2007",
      "income status": {
        "Net sales": 154716,
        "Cost of goods sold": 119307,
        "Gross Profit": 35410,
        "Financial expenses": 4801,
        "Of which: Interest expense": "N/A",
        "Cost of sales": 8900,
        "Enterprise cost management": 5758,
        "Total Operating Expenses": 19459,
        "Total revenue financing activities": 2048,
        "Net profit from business activities": 17999,
        "Profit": 35,
        "Profit before tax": 18034,
        "Present corporate income tax expenses": 2254,
        "Deferred income taxes expenses": "N/A",
        "The interests of minority shareholders": "N/A",
        "Total Cost of profits": 2254,
        "Profit after tax corporate income": 15780,
        "Volume": 87140984,
        "Close of Quarter": 40.5,
        "EPS": 796,
        "Non-adjusted EPS": 796,
        "PE": 50.9,
        "Book Price": 4.7
      }
    },
    {
      "quarter": "Q2 2007",
      "income status": {
        "Net sales": 164058,
        "Cost of goods sold": 130127,
        "Gross Profit": 33932,
        "Financial expenses": 2973,
        "Of which: Interest expense": "N/A",
        "Cost of sales": 8565,
        "Enterprise cost management": 4927,
        "Total Operating Expenses": 16465,
        "Total revenue financing activities": 2191,
        "Net profit from business activities": 19657,
        "Profit": 210,
        "Profit before tax": 19867,
        "Present corporate income tax expenses": 2483,
        "Deferred income taxes expenses": "N/A",
        "The interests of minority shareholders": "N/A",
        "Total Cost of profits": 2483,
        "Profit after tax corporate income": 17384,
        "Volume": 87140984,
        "Close of Quarter": 51,
        "EPS": 824,
        "Non-adjusted EPS": 824,
        "PE": 61.9,
        "Book Price": 4.7
      }
    },
    {
      "quarter": "Q1 2007",
      "income status": {
        "Net sales": 207501,
        "Cost of goods sold": 171025,
        "Gross Profit": 36476,
        "Financial expenses": 3119,
        "Of which: Interest expense": "N/A",
        "Cost of sales": 7970,
        "Enterprise cost management": 6606,
        "Total Operating Expenses": 17695,
        "Total revenue financing activities": 1893,
        "Net profit from business activities": 20674,
        "Profit": 122,
        "Profit before tax": 20796,
        "Present corporate income tax expenses": 2599,
        "Deferred income taxes expenses": "N/A",
        "The interests of minority shareholders": "N/A",
        "Total Cost of profits": 2599,
        "Profit after tax corporate income": 18196,
        "Volume": 87140984,
        "Close of Quarter": 51,
        "EPS": 743,
        "Non-adjusted EPS": 743,
        "PE": 68.6,
        "Book Price": 4.5
      }
    },
    {
      "quarter": "Q4 2006",
      "income status": {
        "Net sales": 149762,
        "Cost of goods sold": 114013,
        "Gross Profit": 35749,
        "Financial expenses": 2029,
        "Of which: Interest expense": "N/A",
        "Cost of sales": 7444,
        "Enterprise cost management": 7343,
        "Total Operating Expenses": 16816,
        "Total revenue financing activities": 35,
        "Net profit from business activities": 18967,
        "Profit": 444,
        "Profit before tax": 19411,
        "Present corporate income tax expenses": 1411,
        "Deferred income taxes expenses": "N/A",
        "The interests of minority shareholders": "N/A",
        "Total Cost of profits": 1411,
        "Profit after tax corporate income": 18001,
        "Volume": 87140984,
        "Close of Quarter": 43,
        "EPS": 1218,
        "Non-adjusted EPS": 1218,
        "PE": 35.3,
        "Book Price": 4.6
      }
    },
    {
      "quarter": "Q3 2006",
      "income status": {
        "Net sales": 152512,
        "Cost of goods sold": 116267,
        "Gross Profit": 36245,
        "Financial expenses": 2057,
        "Of which: Interest expense": "N/A",
        "Cost of sales": 7557,
        "Enterprise cost management": 7435,
        "Total Operating Expenses": 17049,
        "Total revenue financing activities": 37,
        "Net profit from business activities": 19233,
        "Profit": 482,
        "Profit before tax": 19715,
        "Present corporate income tax expenses": 1478,
        "Deferred income taxes expenses": "N/A",
        "The interests of minority shareholders": "N/A",
        "Total Cost of profits": 1478,
        "Profit after tax corporate income": 18237,
        "Volume": 87140984,
        "Close of Quarter": "N/A",
        "EPS": 1011,
        "Non-adjusted EPS": 1011,
        "PE": "N/A",
        "Book Price": 4.3
      }
    },
    {
      "quarter": "Q2 2006",
      "income status": {
        "Net sales": 159149,
        "Cost of goods sold": 131616,
        "Gross Profit": 27532,
        "Financial expenses": 3094,
        "Of which: Interest expense": 3094,
        "Cost of sales": 5525,
        "Enterprise cost management": 5579,
        "Total Operating Expenses": 14198,
        "Total revenue financing activities": 250,
        "Net profit from business activities": 13583,
        "Profit": "N/A",
        "Profit before tax": 13800,
        "Present corporate income tax expenses": 3478,
        "Deferred income taxes expenses": "N/A",
        "The interests of minority shareholders": "N/A",
        "Total Cost of profits": 3478,
        "Profit after tax corporate income": 10322,
        "Volume": 87140984,
        "Close of Quarter": "N/A",
        "EPS": 802,
        "Non-adjusted EPS": 802,
        "PE": "N/A",
        "Book Price": 4
      }
    },
    {
      "quarter": "Q1 2006",
      "income status": {
        "Net sales": 641686,
        "Cost of goods sold": 516725,
        "Gross Profit": 124961,
        "Financial expenses": 11820,
        "Of which: Interest expense": "N/A",
        "Cost of sales": 28297,
        "Enterprise cost management": 25302,
        "Total Operating Expenses": 65419,
        "Total revenue financing activities": 6621,
        "Net profit from business activities": 66164,
        "Profit": 7754,
        "Profit before tax": 73917,
        "Present corporate income tax expenses": 14376,
        "Deferred income taxes expenses": "N/A",
        "The interests of minority shareholders": "N/A",
        "Total Cost of profits": 14376,
        "Profit after tax corporate income": 59542,
        "Volume": 87140984,
        "Close of Quarter": "N/A",
        "EPS": 683,
        "Non-adjusted EPS": 683,
        "PE": "N/A",
        "Book Price": 4.6
      }
    }
  ]
}