{
  "ticker": "CDC",
  "data": [
    {
      "quarter": "Q1 2017",
      "income status": {
        "Net sales": 72250,
        "Cost of goods sold": 55633,
        "Gross Profit": 16617,
        "Financial expenses": 2819,
        "Of which: Interest expense": 2015,
        "Cost of sales": 702,
        "Enterprise cost management": 3111,
        "Total Operating Expenses": 6632,
        "Total revenue financing activities": 14,
        "Net profit from business activities": 9999,
        "Profit": 35,
        "Profit before tax": 10034,
        "Present corporate income tax expenses": 2018,
        "Deferred income taxes expenses": "N/A",
        "The interests of minority shareholders": 1,
        "Total Cost of profits": 2019,
        "Profit after tax corporate income": 8015,
        "Volume": 15706406,
        "Close of Quarter": 13.8,
        "EPS": 1346,
        "Non-adjusted EPS": 1346,
        "PE": 10.2,
        "Book Price": 18.6
      }
    },
    {
      "quarter": "Q4 2016",
      "income status": {
        "Net sales": 92540,
        "Cost of goods sold": 88793,
        "Gross Profit": 3748,
        "Financial expenses": 30749,
        "Of which: Interest expense": 1941,
        "Cost of sales": 753,
        "Enterprise cost management": 2893,
        "Total Operating Expenses": 34395,
        "Total revenue financing activities": 37452,
        "Net profit from business activities": 6805,
        "Profit": -193,
        "Profit before tax": 6612,
        "Present corporate income tax expenses": 1323,
        "Deferred income taxes expenses": "N/A",
        "The interests of minority shareholders": 2,
        "Total Cost of profits": 1325,
        "Profit after tax corporate income": 5287,
        "Volume": 15706406,
        "Close of Quarter": 12.6,
        "EPS": 1040,
        "Non-adjusted EPS": 1040,
        "PE": 12.1,
        "Book Price": 16.7
      }
    },
    {
      "quarter": "Q3 2016",
      "income status": {
        "Net sales": 41195,
        "Cost of goods sold": 36366,
        "Gross Profit": 4828,
        "Financial expenses": 34705,
        "Of which: Interest expense": 2281,
        "Cost of sales": 720,
        "Enterprise cost management": 3026,
        "Total Operating Expenses": 38451,
        "Total revenue financing activities": 36828,
        "Net profit from business activities": 3205,
        "Profit": 2024,
        "Profit before tax": 5229,
        "Present corporate income tax expenses": 1046,
        "Deferred income taxes expenses": "N/A",
        "The interests of minority shareholders": 4,
        "Total Cost of profits": 1050,
        "Profit after tax corporate income": 4179,
        "Volume": 15706406,
        "Close of Quarter": 12.5,
        "EPS": 1262,
        "Non-adjusted EPS": 1262,
        "PE": 9.9,
        "Book Price": 16.4
      }
    },
    {
      "quarter": "Q2 2016",
      "income status": {
        "Net sales": 58975,
        "Cost of goods sold": 47730,
        "Gross Profit": 11245,
        "Financial expenses": 2804,
        "Of which: Interest expense": 2613,
        "Cost of sales": 1183,
        "Enterprise cost management": 3141,
        "Total Operating Expenses": 7128,
        "Total revenue financing activities": 758,
        "Net profit from business activities": 4875,
        "Profit": -296,
        "Profit before tax": 4579,
        "Present corporate income tax expenses": 916,
        "Deferred income taxes expenses": "N/A",
        "The interests of minority shareholders": "N/A",
        "Total Cost of profits": 916,
        "Profit after tax corporate income": 3663,
        "Volume": 15706406,
        "Close of Quarter": 9.3,
        "EPS": 1139,
        "Non-adjusted EPS": 1139,
        "PE": 8.1,
        "Book Price": 17.1
      }
    },
    {
      "quarter": "Q1 2016",
      "income status": {
        "Net sales": 91678,
        "Cost of goods sold": 80513,
        "Gross Profit": 11166,
        "Financial expenses": 3002,
        "Of which: Interest expense": 2984,
        "Cost of sales": 716,
        "Enterprise cost management": 3870,
        "Total Operating Expenses": 7588,
        "Total revenue financing activities": 488,
        "Net profit from business activities": 4066,
        "Profit": -57,
        "Profit before tax": 4009,
        "Present corporate income tax expenses": 807,
        "Deferred income taxes expenses": "N/A",
        "The interests of minority shareholders": -2,
        "Total Cost of profits": 805,
        "Profit after tax corporate income": 3204,
        "Volume": 15706406,
        "Close of Quarter": 9.3,
        "EPS": 1168,
        "Non-adjusted EPS": 1168,
        "PE": 7.9,
        "Book Price": 16.9
      }
    },
    {
      "quarter": "Q4 2015",
      "income status": {
        "Net sales": 87265,
        "Cost of goods sold": 73685,
        "Gross Profit": 13579,
        "Financial expenses": 3165,
        "Of which: Interest expense": 3171,
        "Cost of sales": 951,
        "Enterprise cost management": 4421,
        "Total Operating Expenses": 8537,
        "Total revenue financing activities": 559,
        "Net profit from business activities": 5601,
        "Profit": 100,
        "Profit before tax": 5702,
        "Present corporate income tax expenses": -2972,
        "Deferred income taxes expenses": "N/A",
        "The interests of minority shareholders": -96,
        "Total Cost of profits": -3068,
        "Profit after tax corporate income": 8770,
        "Volume": 15706406,
        "Close of Quarter": 7.3,
        "EPS": 1140,
        "Non-adjusted EPS": 1140,
        "PE": 6.4,
        "Book Price": 16.8
      }
    },
    {
      "quarter": "Q3 2015",
      "income status": {
        "Net sales": 125278,
        "Cost of goods sold": 106166,
        "Gross Profit": 19112,
        "Financial expenses": 3750,
        "Of which: Interest expense": 3615,
        "Cost of sales": 9895,
        "Enterprise cost management": 2989,
        "Total Operating Expenses": 16634,
        "Total revenue financing activities": 440,
        "Net profit from business activities": 2918,
        "Profit": -37,
        "Profit before tax": 2881,
        "Present corporate income tax expenses": 633,
        "Deferred income taxes expenses": "N/A",
        "The interests of minority shareholders": 3,
        "Total Cost of profits": 636,
        "Profit after tax corporate income": 2245,
        "Volume": 15706406,
        "Close of Quarter": 7.2,
        "EPS": 716,
        "Non-adjusted EPS": 716,
        "PE": 10.1,
        "Book Price": 16.2
      }
    },
    {
      "quarter": "Q2 2015",
      "income status": {
        "Net sales": 62991,
        "Cost of goods sold": 46241,
        "Gross Profit": 16749,
        "Financial expenses": 3719,
        "Of which: Interest expense": 3832,
        "Cost of sales": 2090,
        "Enterprise cost management": 3137,
        "Total Operating Expenses": 8946,
        "Total revenue financing activities": 550,
        "Net profit from business activities": 8355,
        "Profit": -2918,
        "Profit before tax": 5437,
        "Present corporate income tax expenses": 1191,
        "Deferred income taxes expenses": "N/A",
        "The interests of minority shareholders": 119,
        "Total Cost of profits": 1310,
        "Profit after tax corporate income": 4127,
        "Volume": 15706406,
        "Close of Quarter": 8.3,
        "EPS": 728,
        "Non-adjusted EPS": 728,
        "PE": 11.3,
        "Book Price": 16.1
      }
    },
    {
      "quarter": "Q1 2015",
      "income status": {
        "Net sales": 75683,
        "Cost of goods sold": 63484,
        "Gross Profit": 12198,
        "Financial expenses": 3326,
        "Of which: Interest expense": 3286,
        "Cost of sales": 2445,
        "Enterprise cost management": 2997,
        "Total Operating Expenses": 8768,
        "Total revenue financing activities": 265,
        "Net profit from business activities": 3695,
        "Profit": -147,
        "Profit before tax": 3547,
        "Present corporate income tax expenses": 779,
        "Deferred income taxes expenses": "N/A",
        "The interests of minority shareholders": 2,
        "Total Cost of profits": 781,
        "Profit after tax corporate income": 2766,
        "Volume": 15706406,
        "Close of Quarter": 7.6,
        "EPS": 566,
        "Non-adjusted EPS": 566,
        "PE": 13.5,
        "Book Price": 16.4
      }
    },
    {
      "quarter": "Q4 2014",
      "income status": {
        "Net sales": 102471,
        "Cost of goods sold": 92526,
        "Gross Profit": 9945,
        "Financial expenses": 3969,
        "Of which: Interest expense": 3928,
        "Cost of sales": 133,
        "Enterprise cost management": 3635,
        "Total Operating Expenses": 7737,
        "Total revenue financing activities": 161,
        "Net profit from business activities": 2369,
        "Profit": 438,
        "Profit before tax": 2807,
        "Present corporate income tax expenses": 656,
        "Deferred income taxes expenses": "N/A",
        "The interests of minority shareholders": 36,
        "Total Cost of profits": 692,
        "Profit after tax corporate income": 2115,
        "Volume": 14958733,
        "Close of Quarter": 8.1,
        "EPS": 503.8,
        "Non-adjusted EPS": 529,
        "PE": 15.4,
        "Book Price": 16.2
      }
    },
    {
      "quarter": "Q3 2014",
      "income status": {
        "Net sales": 48877,
        "Cost of goods sold": 39671,
        "Gross Profit": 9206,
        "Financial expenses": 1581,
        "Of which: Interest expense": 1757,
        "Cost of sales": 1271,
        "Enterprise cost management": 2953,
        "Total Operating Expenses": 5805,
        "Total revenue financing activities": 128,
        "Net profit from business activities": 3529,
        "Profit": -396,
        "Profit before tax": 3134,
        "Present corporate income tax expenses": 689,
        "Deferred income taxes expenses": "N/A",
        "The interests of minority shareholders": 15,
        "Total Cost of profits": 704,
        "Profit after tax corporate income": 2430,
        "Volume": 14958733,
        "Close of Quarter": 9.3,
        "EPS": 487.6,
        "Non-adjusted EPS": 512,
        "PE": 18.1,
        "Book Price": 16.1
      }
    },
    {
      "quarter": "Q2 2014",
      "income status": {
        "Net sales": 52107,
        "Cost of goods sold": 43822,
        "Gross Profit": 8285,
        "Financial expenses": 2151,
        "Of which: Interest expense": 1939,
        "Cost of sales": 1268,
        "Enterprise cost management": 2909,
        "Total Operating Expenses": 6328,
        "Total revenue financing activities": 215,
        "Net profit from business activities": 2172,
        "Profit": -119,
        "Profit before tax": 2053,
        "Present corporate income tax expenses": 479,
        "Deferred income taxes expenses": "N/A",
        "The interests of minority shareholders": -12,
        "Total Cost of profits": 467,
        "Profit after tax corporate income": 1586,
        "Volume": 14958733,
        "Close of Quarter": 5.4,
        "EPS": 335.2,
        "Non-adjusted EPS": 352,
        "PE": 15.4,
        "Book Price": 15.9
      }
    },
    {
      "quarter": "Q1 2014",
      "income status": {
        "Net sales": 45730,
        "Cost of goods sold": 39514,
        "Gross Profit": 6217,
        "Financial expenses": 1584,
        "Of which: Interest expense": 2047,
        "Cost of sales": 73,
        "Enterprise cost management": 2552,
        "Total Operating Expenses": 4209,
        "Total revenue financing activities": 203,
        "Net profit from business activities": 2211,
        "Profit": 65,
        "Profit before tax": 2276,
        "Present corporate income tax expenses": 505,
        "Deferred income taxes expenses": "N/A",
        "The interests of minority shareholders": -8,
        "Total Cost of profits": 497,
        "Profit after tax corporate income": 1779,
        "Volume": 14958733,
        "Close of Quarter": 8.1,
        "EPS": 239.1,
        "Non-adjusted EPS": 251,
        "PE": 32.2,
        "Book Price": 15.8
      }
    },
    {
      "quarter": "Q4 2013",
      "income status": {
        "Net sales": 64513,
        "Cost of goods sold": 56186,
        "Gross Profit": 8327,
        "Financial expenses": 2220,
        "Of which: Interest expense": 2323,
        "Cost of sales": 179,
        "Enterprise cost management": 3650,
        "Total Operating Expenses": 6049,
        "Total revenue financing activities": 142,
        "Net profit from business activities": 2421,
        "Profit": 54,
        "Profit before tax": 2476,
        "Present corporate income tax expenses": 610,
        "Deferred income taxes expenses": "N/A",
        "The interests of minority shareholders": 7,
        "Total Cost of profits": 617,
        "Profit after tax corporate income": 1858,
        "Volume": 14958733,
        "Close of Quarter": 4.6,
        "EPS": 138.1,
        "Non-adjusted EPS": 145,
        "PE": 31.7,
        "Book Price": 16.1
      }
    },
    {
      "quarter": "Q3 2013",
      "income status": {
        "Net sales": 66570,
        "Cost of goods sold": 62908,
        "Gross Profit": 3662,
        "Financial expenses": 2293,
        "Of which: Interest expense": 2277,
        "Cost of sales": 107,
        "Enterprise cost management": 816,
        "Total Operating Expenses": 3216,
        "Total revenue financing activities": 90,
        "Net profit from business activities": 537,
        "Profit": -423,
        "Profit before tax": 114,
        "Present corporate income tax expenses": 53,
        "Deferred income taxes expenses": "N/A",
        "The interests of minority shareholders": 18,
        "Total Cost of profits": 71,
        "Profit after tax corporate income": 43,
        "Volume": 14958733,
        "Close of Quarter": 3.3,
        "EPS": -41.0,
        "Non-adjusted EPS": -43,
        "PE": -77.7,
        "Book Price": 16
      }
    },
    {
      "quarter": "Q2 2013",
      "income status": {
        "Net sales": 34467,
        "Cost of goods sold": 28859,
        "Gross Profit": 5608,
        "Financial expenses": 3122,
        "Of which: Interest expense": 3159,
        "Cost of sales": 114,
        "Enterprise cost management": 2401,
        "Total Operating Expenses": 5637,
        "Total revenue financing activities": 147,
        "Net profit from business activities": 119,
        "Profit": -49,
        "Profit before tax": 70,
        "Present corporate income tax expenses": 65,
        "Deferred income taxes expenses": "N/A",
        "The interests of minority shareholders": -67,
        "Total Cost of profits": -2,
        "Profit after tax corporate income": 72,
        "Volume": 14958733,
        "Close of Quarter": 3.9,
        "EPS": -16.2,
        "Non-adjusted EPS": -17,
        "PE": -230.6,
        "Book Price": 16.1
      }
    },
    {
      "quarter": "Q1 2013",
      "income status": {
        "Net sales": 24196,
        "Cost of goods sold": 20134,
        "Gross Profit": 4062,
        "Financial expenses": 1609,
        "Of which: Interest expense": 1853,
        "Cost of sales": 180,
        "Enterprise cost management": 2229,
        "Total Operating Expenses": 4018,
        "Total revenue financing activities": 178,
        "Net profit from business activities": 223,
        "Profit": 26,
        "Profit before tax": 249,
        "Present corporate income tax expenses": 56,
        "Deferred income taxes expenses": "N/A",
        "The interests of minority shareholders": "N/A",
        "Total Cost of profits": 56,
        "Profit after tax corporate income": 193,
        "Volume": 14958733,
        "Close of Quarter": 4.1,
        "EPS": -29.5,
        "Non-adjusted EPS": -31,
        "PE": -131.9,
        "Book Price": 16.1
      }
    },
    {
      "quarter": "Q4 2012",
      "income status": {
        "Net sales": 89781,
        "Cost of goods sold": 84944,
        "Gross Profit": 4837,
        "Financial expenses": 2949,
        "Of which: Interest expense": 3805,
        "Cost of sales": 220,
        "Enterprise cost management": 3012,
        "Total Operating Expenses": 6181,
        "Total revenue financing activities": 168,
        "Net profit from business activities": -1176,
        "Profit": 325,
        "Profit before tax": -850,
        "Present corporate income tax expenses": 149,
        "Deferred income taxes expenses": "N/A",
        "The interests of minority shareholders": -41,
        "Total Cost of profits": 108,
        "Profit after tax corporate income": -958,
        "Volume": 14958733,
        "Close of Quarter": 4.2,
        "EPS": 162.9,
        "Non-adjusted EPS": 171,
        "PE": 24.4,
        "Book Price": 16.1
      }
    },
    {
      "quarter": "Q3 2012",
      "income status": {
        "Net sales": 47971,
        "Cost of goods sold": 41377,
        "Gross Profit": 6594,
        "Financial expenses": 2879,
        "Of which: Interest expense": 2449,
        "Cost of sales": 227,
        "Enterprise cost management": 2340,
        "Total Operating Expenses": 5446,
        "Total revenue financing activities": 140,
        "Net profit from business activities": 1288,
        "Profit": -525,
        "Profit before tax": 763,
        "Present corporate income tax expenses": 335,
        "Deferred income taxes expenses": "N/A",
        "The interests of minority shareholders": -15,
        "Total Cost of profits": 320,
        "Profit after tax corporate income": 443,
        "Volume": 14958733,
        "Close of Quarter": 4.4,
        "EPS": 661.0,
        "Non-adjusted EPS": 694,
        "PE": 6.3,
        "Book Price": 16.2
      }
    },
    {
      "quarter": "Q2 2012",
      "income status": {
        "Net sales": 58191,
        "Cost of goods sold": 51901,
        "Gross Profit": 6290,
        "Financial expenses": 1606,
        "Of which: Interest expense": 2437,
        "Cost of sales": 204,
        "Enterprise cost management": 2525,
        "Total Operating Expenses": 4335,
        "Total revenue financing activities": -615,
        "Net profit from business activities": 1341,
        "Profit": -986,
        "Profit before tax": 354,
        "Present corporate income tax expenses": 453,
        "Deferred income taxes expenses": "N/A",
        "The interests of minority shareholders": 47,
        "Total Cost of profits": 500,
        "Profit after tax corporate income": -146,
        "Volume": 14958733,
        "Close of Quarter": 5.2,
        "EPS": 626.7,
        "Non-adjusted EPS": 658,
        "PE": 7.8,
        "Book Price": 16.1
      }
    },
    {
      "quarter": "Q1 2012",
      "income status": {
        "Net sales": 43368,
        "Cost of goods sold": 35416,
        "Gross Profit": 7952,
        "Financial expenses": 2798,
        "Of which: Interest expense": 2795,
        "Cost of sales": 171,
        "Enterprise cost management": 2103,
        "Total Operating Expenses": 5072,
        "Total revenue financing activities": 1042,
        "Net profit from business activities": 3923,
        "Profit": 551,
        "Profit before tax": 4474,
        "Present corporate income tax expenses": 1250,
        "Deferred income taxes expenses": "N/A",
        "The interests of minority shareholders": "N/A",
        "Total Cost of profits": 1250,
        "Profit after tax corporate income": 3223,
        "Volume": 14958733,
        "Close of Quarter": 5.7,
        "EPS": 889.5,
        "Non-adjusted EPS": 934,
        "PE": 6.1,
        "Book Price": 16.3
      }
    },
    {
      "quarter": "Q4 2011",
      "income status": {
        "Net sales": 91199,
        "Cost of goods sold": 76871,
        "Gross Profit": 14328,
        "Financial expenses": 2802,
        "Of which: Interest expense": 2357,
        "Cost of sales": 234,
        "Enterprise cost management": 3000,
        "Total Operating Expenses": 6036,
        "Total revenue financing activities": 398,
        "Net profit from business activities": 8690,
        "Profit": 529,
        "Profit before tax": 9219,
        "Present corporate income tax expenses": 2332,
        "Deferred income taxes expenses": "N/A",
        "The interests of minority shareholders": 20,
        "Total Cost of profits": 2352,
        "Profit after tax corporate income": 6867,
        "Volume": 14958733,
        "Close of Quarter": 4.3,
        "EPS": 1072.4,
        "Non-adjusted EPS": 1126,
        "PE": 3.9,
        "Book Price": 16.1
      }
    },
    {
      "quarter": "Q3 2011",
      "income status": {
        "Net sales": 42218,
        "Cost of goods sold": 37991,
        "Gross Profit": 4228,
        "Financial expenses": 2653,
        "Of which: Interest expense": 2653,
        "Cost of sales": 203,
        "Enterprise cost management": 2450,
        "Total Operating Expenses": 5306,
        "Total revenue financing activities": 837,
        "Net profit from business activities": -241,
        "Profit": 408,
        "Profit before tax": 13116,
        "Present corporate income tax expenses": 251,
        "Deferred income taxes expenses": "N/A",
        "The interests of minority shareholders": 13,
        "Total Cost of profits": 264,
        "Profit after tax corporate income": -98,
        "Volume": 12465715,
        "Close of Quarter": 7.6,
        "EPS": 719.9,
        "Non-adjusted EPS": 907,
        "PE": 8.4,
        "Book Price": 15.5
      }
    },
    {
      "quarter": "Q2 2011",
      "income status": {
        "Net sales": 57935,
        "Cost of goods sold": 46713,
        "Gross Profit": 11223,
        "Financial expenses": 3925,
        "Of which: Interest expense": 3510,
        "Cost of sales": 318,
        "Enterprise cost management": 2721,
        "Total Operating Expenses": 6964,
        "Total revenue financing activities": 620,
        "Net profit from business activities": 4879,
        "Profit": 624,
        "Profit before tax": 5503,
        "Present corporate income tax expenses": 1298,
        "Deferred income taxes expenses": 177,
        "The interests of minority shareholders": 46,
        "Total Cost of profits": 1521,
        "Profit after tax corporate income": 3983,
        "Volume": 12465715,
        "Close of Quarter": 9.5,
        "EPS": 1435.0,
        "Non-adjusted EPS": 1808,
        "PE": 5.3,
        "Book Price": 16.5
      }
    },
    {
      "quarter": "Q1 2011",
      "income status": {
        "Net sales": 76309,
        "Cost of goods sold": 64304,
        "Gross Profit": 12005,
        "Financial expenses": 1877,
        "Of which: Interest expense": 1530,
        "Cost of sales": 337,
        "Enterprise cost management": 2454,
        "Total Operating Expenses": 4668,
        "Total revenue financing activities": 765,
        "Net profit from business activities": 8101,
        "Profit": 48,
        "Profit before tax": 8149,
        "Present corporate income tax expenses": 2056,
        "Deferred income taxes expenses": "N/A",
        "The interests of minority shareholders": 4,
        "Total Cost of profits": 2060,
        "Profit after tax corporate income": 6089,
        "Volume": 12465715,
        "Close of Quarter": 13.3,
        "EPS": 1887.4,
        "Non-adjusted EPS": 2378,
        "PE": 5.6,
        "Book Price": 16.2
      }
    },
    {
      "quarter": "Q4 2010",
      "income status": {
        "Net sales": 99599,
        "Cost of goods sold": 91253,
        "Gross Profit": 8346,
        "Financial expenses": 2951,
        "Of which: Interest expense": 2809,
        "Cost of sales": 186,
        "Enterprise cost management": 5351,
        "Total Operating Expenses": 8488,
        "Total revenue financing activities": 1583,
        "Net profit from business activities": 1441,
        "Profit": 355,
        "Profit before tax": 1795,
        "Present corporate income tax expenses": 411,
        "Deferred income taxes expenses": "N/A",
        "The interests of minority shareholders": 57,
        "Total Cost of profits": 468,
        "Profit after tax corporate income": 1327,
        "Volume": 12465715,
        "Close of Quarter": 15.5,
        "EPS": 2005.6,
        "Non-adjusted EPS": 2527,
        "PE": 6.1,
        "Book Price": 15.9
      }
    },
    {
      "quarter": "Q3 2010",
      "income status": {
        "Net sales": 98349,
        "Cost of goods sold": 77855,
        "Gross Profit": 20494,
        "Financial expenses": 3295,
        "Of which: Interest expense": 2503,
        "Cost of sales": 144,
        "Enterprise cost management": 2825,
        "Total Operating Expenses": 6264,
        "Total revenue financing activities": 485,
        "Net profit from business activities": 14716,
        "Profit": 110,
        "Profit before tax": 14826,
        "Present corporate income tax expenses": 3702,
        "Deferred income taxes expenses": "N/A",
        "The interests of minority shareholders": -14,
        "Total Cost of profits": 3688,
        "Profit after tax corporate income": 11138,
        "Volume": 12465715,
        "Close of Quarter": 17.9,
        "EPS": 2100.1,
        "Non-adjusted EPS": 2646,
        "PE": 6.8,
        "Book Price": 16.1
      }
    },
    {
      "quarter": "Q2 2010",
      "income status": {
        "Net sales": 125867,
        "Cost of goods sold": 106796,
        "Gross Profit": 19071,
        "Financial expenses": 2161,
        "Of which: Interest expense": 1559,
        "Cost of sales": 183,
        "Enterprise cost management": 2742,
        "Total Operating Expenses": 5086,
        "Total revenue financing activities": 617,
        "Net profit from business activities": 14602,
        "Profit": 171,
        "Profit before tax": 14772,
        "Present corporate income tax expenses": 3681,
        "Deferred income taxes expenses": "N/A",
        "The interests of minority shareholders": 3,
        "Total Cost of profits": 3684,
        "Profit after tax corporate income": 11088,
        "Volume": 12465715,
        "Close of Quarter": 21.9,
        "EPS": 1887.4,
        "Non-adjusted EPS": 2378,
        "PE": 9.2,
        "Book Price": 15.7
      }
    },
    {
      "quarter": "Q1 2010",
      "income status": {
        "Net sales": 59792,
        "Cost of goods sold": 45432,
        "Gross Profit": 14361,
        "Financial expenses": 1728,
        "Of which: Interest expense": 1726,
        "Cost of sales": 158,
        "Enterprise cost management": 2732,
        "Total Operating Expenses": 4618,
        "Total revenue financing activities": 874,
        "Net profit from business activities": 10616,
        "Profit": -3,
        "Profit before tax": 10613,
        "Present corporate income tax expenses": 2653,
        "Deferred income taxes expenses": "N/A",
        "The interests of minority shareholders": 18,
        "Total Cost of profits": 2671,
        "Profit after tax corporate income": 7942,
        "Volume": 6465715,
        "Close of Quarter": 19.9,
        "EPS": 1524.0,
        "Non-adjusted EPS": 3702,
        "PE": 5.4,
        "Book Price": 15.4
      }
    },
    {
      "quarter": "Q4 2009",
      "income status": {
        "Net sales": 86153,
        "Cost of goods sold": 77863,
        "Gross Profit": 8290,
        "Financial expenses": 1104,
        "Of which: Interest expense": "N/A",
        "Cost of sales": 286,
        "Enterprise cost management": 3822,
        "Total Operating Expenses": 5212,
        "Total revenue financing activities": 675,
        "Net profit from business activities": 3753,
        "Profit": "N/A",
        "Profit before tax": 3753,
        "Present corporate income tax expenses": 938,
        "Deferred income taxes expenses": "N/A",
        "The interests of minority shareholders": "N/A",
        "Total Cost of profits": 938,
        "Profit after tax corporate income": 2815,
        "Volume": 6465715,
        "Close of Quarter": 20.3,
        "EPS": 2432.9,
        "Non-adjusted EPS": 5910,
        "PE": 3.4,
        "Book Price": 9.8
      }
    },
    {
      "quarter": "Q3 2009",
      "income status": {
        "Net sales": 79828,
        "Cost of goods sold": 66972,
        "Gross Profit": 12856,
        "Financial expenses": 329,
        "Of which: Interest expense": "N/A",
        "Cost of sales": 276,
        "Enterprise cost management": 2562,
        "Total Operating Expenses": 3167,
        "Total revenue financing activities": 420,
        "Net profit from business activities": 10110,
        "Profit": 247,
        "Profit before tax": 10357,
        "Present corporate income tax expenses": 2770,
        "Deferred income taxes expenses": "N/A",
        "The interests of minority shareholders": -209,
        "Total Cost of profits": 2561,
        "Profit after tax corporate income": 7795,
        "Volume": 6447715,
        "Close of Quarter": 21,
        "EPS": 2383.9,
        "Non-adjusted EPS": 5807,
        "PE": 3.6,
        "Book Price": 10.0
      }
    },
    {
      "quarter": "Q2 2009",
      "income status": {
        "Net sales": 71240,
        "Cost of goods sold": 63129,
        "Gross Profit": 8111,
        "Financial expenses": 397,
        "Of which: Interest expense": "N/A",
        "Cost of sales": 128,
        "Enterprise cost management": 1972,
        "Total Operating Expenses": 2497,
        "Total revenue financing activities": 1107,
        "Net profit from business activities": 6721,
        "Profit": 478,
        "Profit before tax": 7199,
        "Present corporate income tax expenses": 1803,
        "Deferred income taxes expenses": "N/A",
        "The interests of minority shareholders": 14,
        "Total Cost of profits": 1817,
        "Profit after tax corporate income": 5383,
        "Volume": 6447715,
        "Close of Quarter": 12.2,
        "EPS": 2213.5,
        "Non-adjusted EPS": 5392,
        "PE": 2.3,
        "Book Price": 9.4
      }
    },
    {
      "quarter": "Q1 2009",
      "income status": {
        "Net sales": 311981,
        "Cost of goods sold": 269527,
        "Gross Profit": 42454,
        "Financial expenses": 4068,
        "Of which: Interest expense": "N/A",
        "Cost of sales": 849,
        "Enterprise cost management": 9561,
        "Total Operating Expenses": 14478,
        "Total revenue financing activities": 2477,
        "Net profit from business activities": 30454,
        "Profit": 1269,
        "Profit before tax": 31327,
        "Present corporate income tax expenses": 9479,
        "Deferred income taxes expenses": "N/A",
        "The interests of minority shareholders": -371,
        "Total Cost of profits": 9108,
        "Profit after tax corporate income": 22219,
        "Volume": 6447715,
        "Close of Quarter": 7.6,
        "EPS": 2217.6,
        "Non-adjusted EPS": 5402,
        "PE": 1.4,
        "Book Price": 9.2
      }
    },
    {
      "quarter": "Q4 2008",
      "income status": {
        "Net sales": 93973,
        "Cost of goods sold": 90304,
        "Gross Profit": 3669,
        "Financial expenses": 91,
        "Of which: Interest expense": 91,
        "Cost of sales": 171,
        "Enterprise cost management": 1981,
        "Total Operating Expenses": 2243,
        "Total revenue financing activities": 1039,
        "Net profit from business activities": 2465,
        "Profit": 230,
        "Profit before tax": 2695,
        "Present corporate income tax expenses": 754,
        "Deferred income taxes expenses": "N/A",
        "The interests of minority shareholders": -105,
        "Total Cost of profits": 649,
        "Profit after tax corporate income": 2045,
        "Volume": 6447715,
        "Close of Quarter": 7.7,
        "EPS": 1386.3,
        "Non-adjusted EPS": 3377,
        "PE": 2.3,
        "Book Price": 7.2
      }
    },
    {
      "quarter": "Q3 2008",
      "income status": {
        "Net sales": 65465,
        "Cost of goods sold": 57748,
        "Gross Profit": 7716,
        "Financial expenses": 207,
        "Of which: Interest expense": 59,
        "Cost of sales": 136,
        "Enterprise cost management": 1190,
        "Total Operating Expenses": 1533,
        "Total revenue financing activities": 556,
        "Net profit from business activities": 6739,
        "Profit": 372,
        "Profit before tax": 7110,
        "Present corporate income tax expenses": 1995,
        "Deferred income taxes expenses": "N/A",
        "The interests of minority shareholders": -2,
        "Total Cost of profits": 1993,
        "Profit after tax corporate income": 5117,
        "Volume": 3582000,
        "Close of Quarter": 11.9,
        "EPS": 2145.6,
        "Non-adjusted EPS": 9408,
        "PE": 1.3,
        "Book Price": 7.8
      }
    },
    {
      "quarter": "Q2 2008",
      "income status": {
        "Net sales": 49162,
        "Cost of goods sold": 39367,
        "Gross Profit": 9794,
        "Financial expenses": 1453,
        "Of which: Interest expense": 161,
        "Cost of sales": 146,
        "Enterprise cost management": 1496,
        "Total Operating Expenses": 3095,
        "Total revenue financing activities": 663,
        "Net profit from business activities": 7361,
        "Profit": 210,
        "Profit before tax": 7571,
        "Present corporate income tax expenses": 2122,
        "Deferred income taxes expenses": "N/A",
        "The interests of minority shareholders": "N/A",
        "Total Cost of profits": 2122,
        "Profit after tax corporate income": 5449,
        "Volume": 3582000,
        "Close of Quarter": 5.9,
        "EPS": 2183.0,
        "Non-adjusted EPS": 9572,
        "PE": 0.6,
        "Book Price": 7.3
      }
    },
    {
      "quarter": "Q1 2008",
      "income status": {
        "Net sales": 85253,
        "Cost of goods sold": 73337,
        "Gross Profit": 11916,
        "Financial expenses": 260,
        "Of which: Interest expense": "N/A",
        "Cost of sales": 300,
        "Enterprise cost management": 2138,
        "Total Operating Expenses": 2698,
        "Total revenue financing activities": 1253,
        "Net profit from business activities": 10471,
        "Profit": 2275,
        "Profit before tax": 12746,
        "Present corporate income tax expenses": 3569,
        "Deferred income taxes expenses": "N/A",
        "The interests of minority shareholders": 11,
        "Total Cost of profits": 3580,
        "Profit after tax corporate income": 9166,
        "Volume": 3600000,
        "Close of Quarter": 12.4,
        "EPS": 1836.2,
        "Non-adjusted EPS": 8011,
        "PE": 1.6,
        "Book Price": 6.9
      }
    },
    {
      "quarter": "Q4 2007",
      "income status": {
        "Net sales": 72197,
        "Cost of goods sold": 56908,
        "Gross Profit": 15289,
        "Financial expenses": 198,
        "Of which: Interest expense": "N/A",
        "Cost of sales": 358,
        "Enterprise cost management": 2495,
        "Total Operating Expenses": 3051,
        "Total revenue financing activities": 3195,
        "Net profit from business activities": 15433,
        "Profit": 959,
        "Profit before tax": 16392,
        "Present corporate income tax expenses": 2373,
        "Deferred income taxes expenses": "N/A",
        "The interests of minority shareholders": 51,
        "Total Cost of profits": 2424,
        "Profit after tax corporate income": 13968,
        "Volume": 3600000,
        "Close of Quarter": 29.9,
        "EPS": 1252.4,
        "Non-adjusted EPS": 5464,
        "PE": 5.5,
        "Book Price": 6.5
      }
    },
    {
      "quarter": "Q3 2007",
      "income status": {
        "Net sales": 68076,
        "Cost of goods sold": 60197,
        "Gross Profit": 7878,
        "Financial expenses": 182,
        "Of which: Interest expense": "N/A",
        "Cost of sales": 234,
        "Enterprise cost management": 1806,
        "Total Operating Expenses": 2222,
        "Total revenue financing activities": 756,
        "Net profit from business activities": 6412,
        "Profit": 230,
        "Profit before tax": 6642,
        "Present corporate income tax expenses": 935,
        "Deferred income taxes expenses": "N/A",
        "The interests of minority shareholders": 4,
        "Total Cost of profits": 939,
        "Profit after tax corporate income": 5704,
        "Volume": 3600000,
        "Close of Quarter": "N/A",
        "EPS": 363.1,
        "Non-adjusted EPS": 1584,
        "PE": "N/A",
        "Book Price": 5.6
      }
    }
  ]
}