{
  "ticker": "VIP",
  "data": [
    {
      "quarter": "Q1 2017",
      "income status": {
        "Net sales": 178349,
        "Cost of goods sold": 138951,
        "Gross Profit": 39398,
        "Financial expenses": 7204,
        "Of which: Interest expense": 7108,
        "Cost of sales": 1417,
        "Enterprise cost management": 13521,
        "Total Operating Expenses": 22142,
        "Total revenue financing activities": 514,
        "Net profit from business activities": 17791,
        "Profit": 36,
        "Profit before tax": 17827,
        "Present corporate income tax expenses": 3620,
        "Deferred income taxes expenses": -10,
        "The interests of minority shareholders": -97,
        "Total Cost of profits": 3513,
        "Profit after tax corporate income": 14315,
        "Volume": 68470941,
        "Close of Quarter": 7.3,
        "EPS": 1192,
        "Non-adjusted EPS": 1192,
        "PE": 6.1,
        "Book Price": 16.4
      }
    },
    {
      "quarter": "Q4 2016",
      "income status": {
        "Net sales": 183192,
        "Cost of goods sold": 148392,
        "Gross Profit": 34800,
        "Financial expenses": 15419,
        "Of which: Interest expense": 7773,
        "Cost of sales": 1815,
        "Enterprise cost management": 15288,
        "Total Operating Expenses": 32522,
        "Total revenue financing activities": 955,
        "Net profit from business activities": 2348,
        "Profit": 84,
        "Profit before tax": 2431,
        "Present corporate income tax expenses": 1137,
        "Deferred income taxes expenses": -10,
        "The interests of minority shareholders": -93,
        "Total Cost of profits": 1034,
        "Profit after tax corporate income": 1397,
        "Volume": 68470941,
        "Close of Quarter": 7.1,
        "EPS": 1211,
        "Non-adjusted EPS": 1211,
        "PE": 5.9,
        "Book Price": 16.2
      }
    },
    {
      "quarter": "Q3 2016",
      "income status": {
        "Net sales": 164831,
        "Cost of goods sold": 140680,
        "Gross Profit": 24151,
        "Financial expenses": 10479,
        "Of which: Interest expense": 8413,
        "Cost of sales": 1262,
        "Enterprise cost management": 14200,
        "Total Operating Expenses": 25941,
        "Total revenue financing activities": 979,
        "Net profit from business activities": 1187,
        "Profit": 427,
        "Profit before tax": 1613,
        "Present corporate income tax expenses": 342,
        "Deferred income taxes expenses": 30,
        "The interests of minority shareholders": -98,
        "Total Cost of profits": 274,
        "Profit after tax corporate income": 1339,
        "Volume": 68470941,
        "Close of Quarter": 7.7,
        "EPS": 1593,
        "Non-adjusted EPS": 1593,
        "PE": 4.8,
        "Book Price": 16.2
      }
    },
    {
      "quarter": "Q2 2016",
      "income status": {
        "Net sales": 153487,
        "Cost of goods sold": 112717,
        "Gross Profit": 40770,
        "Financial expenses": 3326,
        "Of which: Interest expense": 3236,
        "Cost of sales": 2103,
        "Enterprise cost management": 15801,
        "Total Operating Expenses": 21230,
        "Total revenue financing activities": 53289,
        "Net profit from business activities": 78442,
        "Profit": 272,
        "Profit before tax": 78714,
        "Present corporate income tax expenses": 15284,
        "Deferred income taxes expenses": 1065,
        "The interests of minority shareholders": -2204,
        "Total Cost of profits": 14145,
        "Profit after tax corporate income": 64569,
        "Volume": 63993400,
        "Close of Quarter": 8.2,
        "EPS": 1594.4,
        "Non-adjusted EPS": 1706,
        "PE": 4.8,
        "Book Price": 16.2
      }
    },
    {
      "quarter": "Q1 2016",
      "income status": {
        "Net sales": 129309,
        "Cost of goods sold": 101636,
        "Gross Profit": 27673,
        "Financial expenses": 3554,
        "Of which: Interest expense": 3426,
        "Cost of sales": 1200,
        "Enterprise cost management": 10640,
        "Total Operating Expenses": 15394,
        "Total revenue financing activities": 4228,
        "Net profit from business activities": 18957,
        "Profit": -105,
        "Profit before tax": 18851,
        "Present corporate income tax expenses": 3364,
        "Deferred income taxes expenses": "N/A",
        "The interests of minority shareholders": -107,
        "Total Cost of profits": 3257,
        "Profit after tax corporate income": 15594,
        "Volume": 63993400,
        "Close of Quarter": 7.3,
        "EPS": 786.9,
        "Non-adjusted EPS": 842,
        "PE": 8.7,
        "Book Price": 15.5
      }
    },
    {
      "quarter": "Q4 2015",
      "income status": {
        "Net sales": 150515,
        "Cost of goods sold": 110807,
        "Gross Profit": 39708,
        "Financial expenses": 4044,
        "Of which: Interest expense": 3767,
        "Cost of sales": 1173,
        "Enterprise cost management": 12869,
        "Total Operating Expenses": 18086,
        "Total revenue financing activities": 1914,
        "Net profit from business activities": 27125,
        "Profit": 8393,
        "Profit before tax": 35517,
        "Present corporate income tax expenses": 8102,
        "Deferred income taxes expenses": "N/A",
        "The interests of minority shareholders": -130,
        "Total Cost of profits": 7972,
        "Profit after tax corporate income": 27545,
        "Volume": 63993400,
        "Close of Quarter": 8.0,
        "EPS": 842.1,
        "Non-adjusted EPS": 901,
        "PE": 8.9,
        "Book Price": 15.3
      }
    },
    {
      "quarter": "Q3 2015",
      "income status": {
        "Net sales": 131646,
        "Cost of goods sold": 102817,
        "Gross Profit": 28829,
        "Financial expenses": 17391,
        "Of which: Interest expense": 4124,
        "Cost of sales": 1193,
        "Enterprise cost management": 10135,
        "Total Operating Expenses": 28719,
        "Total revenue financing activities": 1510,
        "Net profit from business activities": 1620,
        "Profit": 186,
        "Profit before tax": 1807,
        "Present corporate income tax expenses": 411,
        "Deferred income taxes expenses": "N/A",
        "The interests of minority shareholders": -74,
        "Total Cost of profits": 337,
        "Profit after tax corporate income": 1470,
        "Volume": 63993400,
        "Close of Quarter": 7.4,
        "EPS": 3298.2,
        "Non-adjusted EPS": 3529,
        "PE": 2.1,
        "Book Price": 15.4
      }
    },
    {
      "quarter": "Q2 2015",
      "income status": {
        "Net sales": 140365,
        "Cost of goods sold": 109529,
        "Gross Profit": 30836,
        "Financial expenses": 10962,
        "Of which: Interest expense": 5413,
        "Cost of sales": 1635,
        "Enterprise cost management": 11570,
        "Total Operating Expenses": 24167,
        "Total revenue financing activities": 2365,
        "Net profit from business activities": 10948,
        "Profit": 355,
        "Profit before tax": 11303,
        "Present corporate income tax expenses": 2109,
        "Deferred income taxes expenses": "N/A",
        "The interests of minority shareholders": -49,
        "Total Cost of profits": 2060,
        "Profit after tax corporate income": 9242,
        "Volume": 63993400,
        "Close of Quarter": 9.0,
        "EPS": 3519.7,
        "Non-adjusted EPS": 3766,
        "PE": 2.4,
        "Book Price": 15.4
      }
    },
    {
      "quarter": "Q1 2015",
      "income status": {
        "Net sales": 158422,
        "Cost of goods sold": 113858,
        "Gross Profit": 44563,
        "Financial expenses": 10013,
        "Of which: Interest expense": 5645,
        "Cost of sales": 1326,
        "Enterprise cost management": 9674,
        "Total Operating Expenses": 21013,
        "Total revenue financing activities": 1098,
        "Net profit from business activities": 24648,
        "Profit": "N/A",
        "Profit before tax": 24648,
        "Present corporate income tax expenses": 5332,
        "Deferred income taxes expenses": "N/A",
        "The interests of minority shareholders": -115,
        "Total Cost of profits": 5217,
        "Profit after tax corporate income": 19430,
        "Volume": 63993400,
        "Close of Quarter": 9.7,
        "EPS": 3712.3,
        "Non-adjusted EPS": 3972,
        "PE": 2.4,
        "Book Price": 15.5
      }
    },
    {
      "quarter": "Q4 2014",
      "income status": {
        "Net sales": 166696,
        "Cost of goods sold": 110198,
        "Gross Profit": 56497,
        "Financial expenses": 7461,
        "Of which: Interest expense": 6392,
        "Cost of sales": 996,
        "Enterprise cost management": 10871,
        "Total Operating Expenses": 19328,
        "Total revenue financing activities": 2308,
        "Net profit from business activities": 39831,
        "Profit": 210774,
        "Profit before tax": 250605,
        "Present corporate income tax expenses": 55043,
        "Deferred income taxes expenses": "N/A",
        "The interests of minority shareholders": -136,
        "Total Cost of profits": 54907,
        "Profit after tax corporate income": 195698,
        "Volume": 63993400,
        "Close of Quarter": 10.4,
        "EPS": 3210.4,
        "Non-adjusted EPS": 3435,
        "PE": 3.0,
        "Book Price": 15.2
      }
    },
    {
      "quarter": "Q3 2014",
      "income status": {
        "Net sales": 189877,
        "Cost of goods sold": 150979,
        "Gross Profit": 38898,
        "Financial expenses": 6837,
        "Of which: Interest expense": 6820,
        "Cost of sales": 1371,
        "Enterprise cost management": 11793,
        "Total Operating Expenses": 20001,
        "Total revenue financing activities": 514,
        "Net profit from business activities": 19411,
        "Profit": 1728,
        "Profit before tax": 21138,
        "Present corporate income tax expenses": 4664,
        "Deferred income taxes expenses": "N/A",
        "The interests of minority shareholders": -153,
        "Total Cost of profits": 4511,
        "Profit after tax corporate income": 16627,
        "Volume": 63993400,
        "Close of Quarter": 11.0,
        "EPS": 532.7,
        "Non-adjusted EPS": 570,
        "PE": 19.3,
        "Book Price": 14.7
      }
    },
    {
      "quarter": "Q2 2014",
      "income status": {
        "Net sales": 172183,
        "Cost of goods sold": 121643,
        "Gross Profit": 50540,
        "Financial expenses": 14713,
        "Of which: Interest expense": 7991,
        "Cost of sales": 1169,
        "Enterprise cost management": 10365,
        "Total Operating Expenses": 26247,
        "Total revenue financing activities": 879,
        "Net profit from business activities": 24624,
        "Profit": -203,
        "Profit before tax": 24421,
        "Present corporate income tax expenses": 1944,
        "Deferred income taxes expenses": "N/A",
        "The interests of minority shareholders": 36,
        "Total Cost of profits": 1980,
        "Profit after tax corporate income": 22441,
        "Volume": 59807785,
        "Close of Quarter": 6.8,
        "EPS": 462.1,
        "Non-adjusted EPS": 529,
        "PE": 12.9,
        "Book Price": 14.4
      }
    },
    {
      "quarter": "Q1 2014",
      "income status": {
        "Net sales": 163840,
        "Cost of goods sold": 159628,
        "Gross Profit": 4211,
        "Financial expenses": 9007,
        "Of which: Interest expense": 8987,
        "Cost of sales": 1463,
        "Enterprise cost management": 8800,
        "Total Operating Expenses": 19270,
        "Total revenue financing activities": 582,
        "Net profit from business activities": -14477,
        "Profit": -214,
        "Profit before tax": -14692,
        "Present corporate income tax expenses": 308,
        "Deferred income taxes expenses": "N/A",
        "The interests of minority shareholders": -36,
        "Total Cost of profits": 272,
        "Profit after tax corporate income": -14963,
        "Volume": 59807785,
        "Close of Quarter": 9.8,
        "EPS": 303.1,
        "Non-adjusted EPS": 347,
        "PE": 28.2,
        "Book Price": 14.4
      }
    },
    {
      "quarter": "Q4 2013",
      "income status": {
        "Net sales": 170229,
        "Cost of goods sold": 129766,
        "Gross Profit": 40462,
        "Financial expenses": 5754,
        "Of which: Interest expense": 9867,
        "Cost of sales": 2290,
        "Enterprise cost management": 13136,
        "Total Operating Expenses": 21180,
        "Total revenue financing activities": 713,
        "Net profit from business activities": 19995,
        "Profit": 521,
        "Profit before tax": 14347,
        "Present corporate income tax expenses": 2093,
        "Deferred income taxes expenses": "N/A",
        "The interests of minority shareholders": -118,
        "Total Cost of profits": 1975,
        "Profit after tax corporate income": 12372,
        "Volume": 59807785,
        "Close of Quarter": 6.7,
        "EPS": 2158.4,
        "Non-adjusted EPS": 2471,
        "PE": 2.7,
        "Book Price": 14.5
      }
    },
    {
      "quarter": "Q3 2013",
      "income status": {
        "Net sales": 209530,
        "Cost of goods sold": 151360,
        "Gross Profit": 58171,
        "Financial expenses": 11112,
        "Of which: Interest expense": 10530,
        "Cost of sales": 1592,
        "Enterprise cost management": 30588,
        "Total Operating Expenses": 43292,
        "Total revenue financing activities": 968,
        "Net profit from business activities": 15847,
        "Profit": 5,
        "Profit before tax": 15852,
        "Present corporate income tax expenses": 4115,
        "Deferred income taxes expenses": "N/A",
        "The interests of minority shareholders": -65,
        "Total Cost of profits": 4050,
        "Profit after tax corporate income": 11802,
        "Volume": 59323395,
        "Close of Quarter": 4.9,
        "EPS": 2136.6,
        "Non-adjusted EPS": 2466,
        "PE": 2,
        "Book Price": 14.4
      }
    },
    {
      "quarter": "Q2 2013",
      "income status": {
        "Net sales": 203321,
        "Cost of goods sold": 147473,
        "Gross Profit": 55848,
        "Financial expenses": 24739,
        "Of which: Interest expense": 9744,
        "Cost of sales": 2076,
        "Enterprise cost management": 10941,
        "Total Operating Expenses": 37756,
        "Total revenue financing activities": 1037,
        "Net profit from business activities": 19129,
        "Profit": 1320,
        "Profit before tax": 18735,
        "Present corporate income tax expenses": 7299,
        "Deferred income taxes expenses": "N/A",
        "The interests of minority shareholders": -102,
        "Total Cost of profits": 7197,
        "Profit after tax corporate income": 11538,
        "Volume": 59323395,
        "Close of Quarter": 4.7,
        "EPS": 2079.4,
        "Non-adjusted EPS": 2400,
        "PE": 2.0,
        "Book Price": 14.2
      }
    },
    {
      "quarter": "Q1 2013",
      "income status": {
        "Net sales": 202074,
        "Cost of goods sold": 177241,
        "Gross Profit": 24834,
        "Financial expenses": 13936,
        "Of which: Interest expense": 14100,
        "Cost of sales": 1438,
        "Enterprise cost management": 8755,
        "Total Operating Expenses": 24129,
        "Total revenue financing activities": 694,
        "Net profit from business activities": 1398,
        "Profit": 148156,
        "Profit before tax": 149554,
        "Present corporate income tax expenses": 37466,
        "Deferred income taxes expenses": "N/A",
        "The interests of minority shareholders": "N/A",
        "Total Cost of profits": 37466,
        "Profit after tax corporate income": 112088,
        "Volume": 59323395,
        "Close of Quarter": 4.7,
        "EPS": 2334.1,
        "Non-adjusted EPS": 2694,
        "PE": 1.8,
        "Book Price": 14.4
      }
    },
    {
      "quarter": "Q4 2012",
      "income status": {
        "Net sales": 173367,
        "Cost of goods sold": 152117,
        "Gross Profit": 21250,
        "Financial expenses": -8576,
        "Of which: Interest expense": 11778,
        "Cost of sales": 1862,
        "Enterprise cost management": 17606,
        "Total Operating Expenses": 10892,
        "Total revenue financing activities": 1659,
        "Net profit from business activities": 12017,
        "Profit": 1810,
        "Profit before tax": 10852,
        "Present corporate income tax expenses": 1409,
        "Deferred income taxes expenses": "N/A",
        "The interests of minority shareholders": -1427,
        "Total Cost of profits": -18,
        "Profit after tax corporate income": 10870,
        "Volume": 59323395,
        "Close of Quarter": 3.7,
        "EPS": 785.0,
        "Non-adjusted EPS": 906,
        "PE": 4.1,
        "Book Price": "N/A"
      }
    },
    {
      "quarter": "Q3 2012",
      "income status": {
        "Net sales": 202921,
        "Cost of goods sold": 155084,
        "Gross Profit": 47837,
        "Financial expenses": 26662,
        "Of which: Interest expense": 13712,
        "Cost of sales": 2436,
        "Enterprise cost management": 9545,
        "Total Operating Expenses": 38643,
        "Total revenue financing activities": 975,
        "Net profit from business activities": 10169,
        "Profit": 330,
        "Profit before tax": 10499,
        "Present corporate income tax expenses": 2671,
        "Deferred income taxes expenses": "N/A",
        "The interests of minority shareholders": -26,
        "Total Cost of profits": 2645,
        "Profit after tax corporate income": 7854,
        "Volume": 59323395,
        "Close of Quarter": 3.5,
        "EPS": 742.5,
        "Non-adjusted EPS": 857,
        "PE": 4.1,
        "Book Price": 12.6
      }
    },
    {
      "quarter": "Q2 2012",
      "income status": {
        "Net sales": 270988,
        "Cost of goods sold": 210900,
        "Gross Profit": 60088,
        "Financial expenses": 23056,
        "Of which: Interest expense": 12470,
        "Cost of sales": 1864,
        "Enterprise cost management": 13472,
        "Total Operating Expenses": 38392,
        "Total revenue financing activities": 2075,
        "Net profit from business activities": 23771,
        "Profit": 15156,
        "Profit before tax": 38756,
        "Present corporate income tax expenses": 9819,
        "Deferred income taxes expenses": "N/A",
        "The interests of minority shareholders": -79,
        "Total Cost of profits": 9740,
        "Profit after tax corporate income": 29016,
        "Volume": 59323395,
        "Close of Quarter": 3.9,
        "EPS": 746.0,
        "Non-adjusted EPS": 861,
        "PE": 4.5,
        "Book Price": 12.5
      }
    },
    {
      "quarter": "Q1 2012",
      "income status": {
        "Net sales": 353327,
        "Cost of goods sold": 310984,
        "Gross Profit": 42343,
        "Financial expenses": 23503,
        "Of which: Interest expense": 20100,
        "Cost of sales": 2000,
        "Enterprise cost management": 10487,
        "Total Operating Expenses": 35990,
        "Total revenue financing activities": 1437,
        "Net profit from business activities": 7790,
        "Profit": 261,
        "Profit before tax": 8051,
        "Present corporate income tax expenses": 2021,
        "Deferred income taxes expenses": "N/A",
        "The interests of minority shareholders": "N/A",
        "Total Cost of profits": 2021,
        "Profit after tax corporate income": 6030,
        "Volume": 59323395,
        "Close of Quarter": 3.1,
        "EPS": 714.8,
        "Non-adjusted EPS": 825,
        "PE": 3.8,
        "Book Price": 12.6
      }
    },
    {
      "quarter": "Q4 2011",
      "income status": {
        "Net sales": 398249,
        "Cost of goods sold": 329169,
        "Gross Profit": 69080,
        "Financial expenses": 44270,
        "Of which: Interest expense": 16455,
        "Cost of sales": 2998,
        "Enterprise cost management": 12841,
        "Total Operating Expenses": 60109,
        "Total revenue financing activities": 900,
        "Net profit from business activities": 9872,
        "Profit": 1010,
        "Profit before tax": 73564,
        "Present corporate income tax expenses": 2792,
        "Deferred income taxes expenses": "N/A",
        "The interests of minority shareholders": 141,
        "Total Cost of profits": 2933,
        "Profit after tax corporate income": 7944,
        "Volume": 59323395,
        "Close of Quarter": 2.4,
        "EPS": 797.1,
        "Non-adjusted EPS": 920,
        "PE": 2.6,
        "Book Price": 12.5
      }
    },
    {
      "quarter": "Q3 2011",
      "income status": {
        "Net sales": 370765,
        "Cost of goods sold": 297888,
        "Gross Profit": 72877,
        "Financial expenses": 51240,
        "Of which: Interest expense": 16716,
        "Cost of sales": 2611,
        "Enterprise cost management": 10976,
        "Total Operating Expenses": 64827,
        "Total revenue financing activities": 2913,
        "Net profit from business activities": 10963,
        "Profit": -134,
        "Profit before tax": 62689,
        "Present corporate income tax expenses": 2692,
        "Deferred income taxes expenses": "N/A",
        "The interests of minority shareholders": 2,
        "Total Cost of profits": 2694,
        "Profit after tax corporate income": 8082,
        "Volume": 59323395,
        "Close of Quarter": 3.9,
        "EPS": 1381.1,
        "Non-adjusted EPS": 1594,
        "PE": 2.4,
        "Book Price": 12.2
      }
    },
    {
      "quarter": "Q2 2011",
      "income status": {
        "Net sales": 520303,
        "Cost of goods sold": 412046,
        "Gross Profit": 108257,
        "Financial expenses": 59871,
        "Of which: Interest expense": 18230,
        "Cost of sales": 3486,
        "Enterprise cost management": 12166,
        "Total Operating Expenses": 75523,
        "Total revenue financing activities": 4087,
        "Net profit from business activities": 36821,
        "Profit": -533,
        "Profit before tax": 36247,
        "Present corporate income tax expenses": 9371,
        "Deferred income taxes expenses": "N/A",
        "The interests of minority shareholders": 1,
        "Total Cost of profits": 9372,
        "Profit after tax corporate income": 26875,
        "Volume": 59807785,
        "Close of Quarter": 4.0,
        "EPS": 1433.4,
        "Non-adjusted EPS": 1641,
        "PE": 2.4,
        "Book Price": 11.7
      }
    },
    {
      "quarter": "Q1 2011",
      "income status": {
        "Net sales": 423573,
        "Cost of goods sold": 353096,
        "Gross Profit": 70477,
        "Financial expenses": 46597,
        "Of which: Interest expense": "N/A",
        "Cost of sales": 3886,
        "Enterprise cost management": 8817,
        "Total Operating Expenses": 59300,
        "Total revenue financing activities": 4300,
        "Net profit from business activities": 15477,
        "Profit": 31,
        "Profit before tax": 15508,
        "Present corporate income tax expenses": 3818,
        "Deferred income taxes expenses": "N/A",
        "The interests of minority shareholders": "N/A",
        "Total Cost of profits": 3818,
        "Profit after tax corporate income": 11689,
        "Volume": 59807785,
        "Close of Quarter": 5.3,
        "EPS": 1160.9,
        "Non-adjusted EPS": 1329,
        "PE": 4,
        "Book Price": 12.6
      }
    },
    {
      "quarter": "Q4 2010",
      "income status": {
        "Net sales": 401787,
        "Cost of goods sold": 298975,
        "Gross Profit": 102812,
        "Financial expenses": 79341,
        "Of which: Interest expense": 20499,
        "Cost of sales": 4040,
        "Enterprise cost management": 12810,
        "Total Operating Expenses": 96191,
        "Total revenue financing activities": 2893,
        "Net profit from business activities": 9513,
        "Profit": 50661,
        "Profit before tax": 60478,
        "Present corporate income tax expenses": 12458,
        "Deferred income taxes expenses": "N/A",
        "The interests of minority shareholders": 129,
        "Total Cost of profits": 12587,
        "Profit after tax corporate income": 47890,
        "Volume": 59807785,
        "Close of Quarter": 5.6,
        "EPS": 1126.8,
        "Non-adjusted EPS": 1290,
        "PE": 4.3,
        "Book Price": 12.5
      }
    },
    {
      "quarter": "Q3 2010",
      "income status": {
        "Net sales": 320501,
        "Cost of goods sold": 256852,
        "Gross Profit": 63649,
        "Financial expenses": 39298,
        "Of which: Interest expense": 16093,
        "Cost of sales": 3077,
        "Enterprise cost management": 9620,
        "Total Operating Expenses": 51995,
        "Total revenue financing activities": 1321,
        "Net profit from business activities": 12974,
        "Profit": 72,
        "Profit before tax": 13047,
        "Present corporate income tax expenses": 1373,
        "Deferred income taxes expenses": "N/A",
        "The interests of minority shareholders": 6,
        "Total Cost of profits": 1379,
        "Profit after tax corporate income": 11668,
        "Volume": 59807785,
        "Close of Quarter": 6.9,
        "EPS": -33.2,
        "Non-adjusted EPS": -38,
        "PE": -180.5,
        "Book Price": 11.7
      }
    },
    {
      "quarter": "Q2 2010",
      "income status": {
        "Net sales": 359439,
        "Cost of goods sold": 321016,
        "Gross Profit": 38423,
        "Financial expenses": 27798,
        "Of which: Interest expense": 14287,
        "Cost of sales": 3308,
        "Enterprise cost management": 10151,
        "Total Operating Expenses": 41257,
        "Total revenue financing activities": 1478,
        "Net profit from business activities": -1355,
        "Profit": 13613,
        "Profit before tax": 12456,
        "Present corporate income tax expenses": 4340,
        "Deferred income taxes expenses": "N/A",
        "The interests of minority shareholders": -107,
        "Total Cost of profits": 4233,
        "Profit after tax corporate income": 8223,
        "Volume": 59807785,
        "Close of Quarter": 10.1,
        "EPS": 217.5,
        "Non-adjusted EPS": 249,
        "PE": 40.4,
        "Book Price": 11.5
      }
    },
    {
      "quarter": "Q1 2010",
      "income status": {
        "Net sales": 334336,
        "Cost of goods sold": 294640,
        "Gross Profit": 39696,
        "Financial expenses": 17255,
        "Of which: Interest expense": 14996,
        "Cost of sales": 4051,
        "Enterprise cost management": 9577,
        "Total Operating Expenses": 30883,
        "Total revenue financing activities": 1594,
        "Net profit from business activities": 10407,
        "Profit": -568,
        "Profit before tax": 9839,
        "Present corporate income tax expenses": 467,
        "Deferred income taxes expenses": "N/A",
        "The interests of minority shareholders": 21,
        "Total Cost of profits": 488,
        "Profit after tax corporate income": 9352,
        "Volume": 59807785,
        "Close of Quarter": 10.3,
        "EPS": 616.7,
        "Non-adjusted EPS": 706,
        "PE": 14.7,
        "Book Price": 12.1
      }
    },
    {
      "quarter": "Q4 2009",
      "income status": {
        "Net sales": 351068,
        "Cost of goods sold": 311675,
        "Gross Profit": 39393,
        "Financial expenses": 52450,
        "Of which: Interest expense": 51117,
        "Cost of sales": 4597,
        "Enterprise cost management": 14894,
        "Total Operating Expenses": 71941,
        "Total revenue financing activities": 1921,
        "Net profit from business activities": -30628,
        "Profit": 792,
        "Profit before tax": -29397,
        "Present corporate income tax expenses": 1741,
        "Deferred income taxes expenses": "N/A",
        "The interests of minority shareholders": 385,
        "Total Cost of profits": 2126,
        "Profit after tax corporate income": -31523,
        "Volume": 58668245,
        "Close of Quarter": 13.4,
        "EPS": 874.0,
        "Non-adjusted EPS": 1020,
        "PE": 13.1,
        "Book Price": 12
      }
    },
    {
      "quarter": "Q3 2009",
      "income status": {
        "Net sales": 324844,
        "Cost of goods sold": 285383,
        "Gross Profit": 39460,
        "Financial expenses": 3032,
        "Of which: Interest expense": 17590,
        "Cost of sales": 3162,
        "Enterprise cost management": 7466,
        "Total Operating Expenses": 13660,
        "Total revenue financing activities": 3982,
        "Net profit from business activities": 29782,
        "Profit": -567,
        "Profit before tax": 29215,
        "Present corporate income tax expenses": 360,
        "Deferred income taxes expenses": "N/A",
        "The interests of minority shareholders": "N/A",
        "Total Cost of profits": 360,
        "Profit after tax corporate income": 28856,
        "Volume": 58668245,
        "Close of Quarter": 10.6,
        "EPS": 1304.1,
        "Non-adjusted EPS": 1522,
        "PE": 7.0,
        "Book Price": 12.1
      }
    },
    {
      "quarter": "Q2 2009",
      "income status": {
        "Net sales": 330742,
        "Cost of goods sold": 265619,
        "Gross Profit": 65123,
        "Financial expenses": 24342,
        "Of which: Interest expense": 16668,
        "Cost of sales": 4743,
        "Enterprise cost management": 9292,
        "Total Operating Expenses": 38377,
        "Total revenue financing activities": 8442,
        "Net profit from business activities": 35188,
        "Profit": 32,
        "Profit before tax": 35548,
        "Present corporate income tax expenses": 19,
        "Deferred income taxes expenses": "N/A",
        "The interests of minority shareholders": "N/A",
        "Total Cost of profits": 19,
        "Profit after tax corporate income": 35529,
        "Volume": 58668245,
        "Close of Quarter": 7.8,
        "EPS": 1259.6,
        "Non-adjusted EPS": 1470,
        "PE": 5.3,
        "Book Price": 11.7
      }
    },
    {
      "quarter": "Q1 2009",
      "income status": {
        "Net sales": 211748,
        "Cost of goods sold": 166720,
        "Gross Profit": 45028,
        "Financial expenses": 7743,
        "Of which: Interest expense": 6569,
        "Cost of sales": 4046,
        "Enterprise cost management": 7333,
        "Total Operating Expenses": 19122,
        "Total revenue financing activities": 1092,
        "Net profit from business activities": 26997,
        "Profit": "N/A",
        "Profit before tax": 26997,
        "Present corporate income tax expenses": 1,
        "Deferred income taxes expenses": "N/A",
        "The interests of minority shareholders": "N/A",
        "Total Cost of profits": 1,
        "Profit after tax corporate income": 26997,
        "Volume": 58668245,
        "Close of Quarter": 4.9,
        "EPS": 1075.3,
        "Non-adjusted EPS": 1255,
        "PE": 3.9,
        "Book Price": 11.9
      }
    },
    {
      "quarter": "Q4 2008",
      "income status": {
        "Net sales": 235934,
        "Cost of goods sold": 183197,
        "Gross Profit": 52737,
        "Financial expenses": 58503,
        "Of which: Interest expense": "N/A",
        "Cost of sales": 2353,
        "Enterprise cost management": 6015,
        "Total Operating Expenses": 66871,
        "Total revenue financing activities": 7136,
        "Net profit from business activities": -6998,
        "Profit": 733,
        "Profit before tax": -6265,
        "Present corporate income tax expenses": -4195,
        "Deferred income taxes expenses": "N/A",
        "The interests of minority shareholders": "N/A",
        "Total Cost of profits": -4195,
        "Profit after tax corporate income": -2070,
        "Volume": 58898245,
        "Close of Quarter": 4.7,
        "EPS": 1088.1,
        "Non-adjusted EPS": 1265,
        "PE": 3.7,
        "Book Price": 11.5
      }
    },
    {
      "quarter": "Q3 2008",
      "income status": {
        "Net sales": 360945,
        "Cost of goods sold": 315203,
        "Gross Profit": 45743,
        "Financial expenses": 14323,
        "Of which: Interest expense": 11079,
        "Cost of sales": 3176,
        "Enterprise cost management": 6688,
        "Total Operating Expenses": 24187,
        "Total revenue financing activities": 7945,
        "Net profit from business activities": 29500,
        "Profit": 38,
        "Profit before tax": 29538,
        "Present corporate income tax expenses": 355,
        "Deferred income taxes expenses": "N/A",
        "The interests of minority shareholders": 3376,
        "Total Cost of profits": 3731,
        "Profit after tax corporate income": 25807,
        "Volume": 58898245,
        "Close of Quarter": 8.2,
        "EPS": 1997.4,
        "Non-adjusted EPS": 2322,
        "PE": 3.5,
        "Book Price": 11.6
      }
    },
    {
      "quarter": "Q2 2008",
      "income status": {
        "Net sales": 374355,
        "Cost of goods sold": 339000,
        "Gross Profit": 35355,
        "Financial expenses": 11219,
        "Of which: Interest expense": 6165,
        "Cost of sales": 2908,
        "Enterprise cost management": 6128,
        "Total Operating Expenses": 20255,
        "Total revenue financing activities": 9909,
        "Net profit from business activities": 25009,
        "Profit": -1859,
        "Profit before tax": 23150,
        "Present corporate income tax expenses": 227,
        "Deferred income taxes expenses": "N/A",
        "The interests of minority shareholders": 5,
        "Total Cost of profits": 232,
        "Profit after tax corporate income": 22918,
        "Volume": 58898245,
        "Close of Quarter": 10,
        "EPS": 2010.3,
        "Non-adjusted EPS": 2337,
        "PE": 4.3,
        "Book Price": 11.2
      }
    },
    {
      "quarter": "Q1 2008",
      "income status": {
        "Net sales": 278919,
        "Cost of goods sold": 235462,
        "Gross Profit": 43457,
        "Financial expenses": 11001,
        "Of which: Interest expense": 9878,
        "Cost of sales": 2860,
        "Enterprise cost management": 5992,
        "Total Operating Expenses": 19853,
        "Total revenue financing activities": 4283,
        "Net profit from business activities": 27888,
        "Profit": 61,
        "Profit before tax": 27949,
        "Present corporate income tax expenses": 118,
        "Deferred income taxes expenses": "N/A",
        "The interests of minority shareholders": 3,
        "Total Cost of profits": 121,
        "Profit after tax corporate income": 27828,
        "Volume": 59807785,
        "Close of Quarter": 12.9,
        "EPS": 2220.4,
        "Non-adjusted EPS": 2542,
        "PE": 5.1,
        "Book Price": 11.6
      }
    },
    {
      "quarter": "Q4 2007",
      "income status": {
        "Net sales": 329102,
        "Cost of goods sold": 288223,
        "Gross Profit": 40878,
        "Financial expenses": 26299,
        "Of which: Interest expense": 19429,
        "Cost of sales": 3540,
        "Enterprise cost management": 6840,
        "Total Operating Expenses": 36679,
        "Total revenue financing activities": 48835,
        "Net profit from business activities": 53035,
        "Profit": 9076,
        "Profit before tax": 62112,
        "Present corporate income tax expenses": 1868,
        "Deferred income taxes expenses": "N/A",
        "The interests of minority shareholders": 49,
        "Total Cost of profits": 1917,
        "Profit after tax corporate income": 60194,
        "Volume": 59807785,
        "Close of Quarter": 24.7,
        "EPS": 2147.0,
        "Non-adjusted EPS": 2458,
        "PE": 10.0,
        "Book Price": 11.4
      }
    },
    {
      "quarter": "Q3 2007",
      "income status": {
        "Net sales": 238917,
        "Cost of goods sold": 196335,
        "Gross Profit": 42582,
        "Financial expenses": 10273,
        "Of which: Interest expense": 10129,
        "Cost of sales": 3124,
        "Enterprise cost management": 4509,
        "Total Operating Expenses": 17906,
        "Total revenue financing activities": 1937,
        "Net profit from business activities": 26613,
        "Profit": 115,
        "Profit before tax": 26728,
        "Present corporate income tax expenses": "N/A",
        "Deferred income taxes expenses": "N/A",
        "The interests of minority shareholders": "N/A",
        "Total Cost of profits": 0,
        "Profit after tax corporate income": 26728,
        "Volume": 42120000,
        "Close of Quarter": 28.9,
        "EPS": 1809.8,
        "Non-adjusted EPS": 2942,
        "PE": 9.8,
        "Book Price": 8.2
      }
    },
    {
      "quarter": "Q2 2007",
      "income status": {
        "Net sales": 247969,
        "Cost of goods sold": 194001,
        "Gross Profit": 53967,
        "Financial expenses": 9825,
        "Of which: Interest expense": 9540,
        "Cost of sales": 2253,
        "Enterprise cost management": 6052,
        "Total Operating Expenses": 18130,
        "Total revenue financing activities": 1392,
        "Net profit from business activities": 37230,
        "Profit": 34,
        "Profit before tax": 37265,
        "Present corporate income tax expenses": "N/A",
        "Deferred income taxes expenses": "N/A",
        "The interests of minority shareholders": "N/A",
        "Total Cost of profits": 0,
        "Profit after tax corporate income": 37265,
        "Volume": 42120000,
        "Close of Quarter": 26.7,
        "EPS": 1716.9,
        "Non-adjusted EPS": 2791,
        "PE": 9.6,
        "Book Price": 7.9
      }
    },
    {
      "quarter": "Q1 2007",
      "income status": {
        "Net sales": 240277,
        "Cost of goods sold": 205887,
        "Gross Profit": 34390,
        "Financial expenses": 10212,
        "Of which: Interest expense": 9804,
        "Cost of sales": 2920,
        "Enterprise cost management": 4756,
        "Total Operating Expenses": 17888,
        "Total revenue financing activities": 6500,
        "Net profit from business activities": 23002,
        "Profit": 16,
        "Profit before tax": 23018,
        "Present corporate income tax expenses": 216,
        "Deferred income taxes expenses": "N/A",
        "The interests of minority shareholders": "N/A",
        "Total Cost of profits": 216,
        "Profit after tax corporate income": 22802,
        "Volume": 42120000,
        "Close of Quarter": 30.7,
        "EPS": 1483.8,
        "Non-adjusted EPS": 2412,
        "PE": 12.7,
        "Book Price": 6.3
      }
    },
    {
      "quarter": "Q4 2006",
      "income status": {
        "Net sales": 212443,
        "Cost of goods sold": 175769,
        "Gross Profit": 36675,
        "Financial expenses": 7031,
        "Of which: Interest expense": 3798,
        "Cost of sales": 2459,
        "Enterprise cost management": 4679,
        "Total Operating Expenses": 14169,
        "Total revenue financing activities": 14754,
        "Net profit from business activities": 37259,
        "Profit": 50,
        "Profit before tax": 37309,
        "Present corporate income tax expenses": 202,
        "Deferred income taxes expenses": "N/A",
        "The interests of minority shareholders": "N/A",
        "Total Cost of profits": 202,
        "Profit after tax corporate income": 37107,
        "Volume": 35100000,
        "Close of Quarter": 16.0,
        "EPS": 1483.5,
        "Non-adjusted EPS": 2894,
        "PE": 5.5,
        "Book Price": 6.7
      }
    },
    {
      "quarter": "Q3 2006",
      "income status": {
        "Net sales": 205526,
        "Cost of goods sold": 178609,
        "Gross Profit": 26917,
        "Financial expenses": 4661,
        "Of which: Interest expense": 4633,
        "Cost of sales": 2021,
        "Enterprise cost management": 3888,
        "Total Operating Expenses": 10570,
        "Total revenue financing activities": 4044,
        "Net profit from business activities": 20391,
        "Profit": "N/A",
        "Profit before tax": 20390,
        "Present corporate income tax expenses": "N/A",
        "Deferred income taxes expenses": "N/A",
        "The interests of minority shareholders": "N/A",
        "Total Cost of profits": 0,
        "Profit after tax corporate income": 20390,
        "Volume": 35100000,
        "Close of Quarter": "N/A",
        "EPS": 941.7,
        "Non-adjusted EPS": 1837,
        "PE": "N/A",
        "Book Price": 6.1
      }
    },
    {
      "quarter": "Q2 2006",
      "income status": {
        "Net sales": 231327,
        "Cost of goods sold": 207726,
        "Gross Profit": 23600,
        "Financial expenses": 224,
        "Of which: Interest expense": "N/A",
        "Cost of sales": 2945,
        "Enterprise cost management": 2434,
        "Total Operating Expenses": 5603,
        "Total revenue financing activities": -1112,
        "Net profit from business activities": 16885,
        "Profit": "N/A",
        "Profit before tax": 21313,
        "Present corporate income tax expenses": "N/A",
        "Deferred income taxes expenses": "N/A",
        "The interests of minority shareholders": "N/A",
        "Total Cost of profits": 0,
        "Profit after tax corporate income": 21313,
        "Volume": 35100000,
        "Close of Quarter": "N/A",
        "EPS": 643.9,
        "Non-adjusted EPS": 1256,
        "PE": "N/A",
        "Book Price": 5.8
      }
    },
    {
      "quarter": "Q1 2006",
      "income status": {
        "Net sales": 193296,
        "Cost of goods sold": 163670,
        "Gross Profit": 29626,
        "Financial expenses": 3826,
        "Of which: Interest expense": 3620,
        "Cost of sales": 2205,
        "Enterprise cost management": 3990,
        "Total Operating Expenses": 10021,
        "Total revenue financing activities": 3193,
        "Net profit from business activities": 22799,
        "Profit": -39,
        "Profit before tax": 22760,
        "Present corporate income tax expenses": "N/A",
        "Deferred income taxes expenses": "N/A",
        "The interests of minority shareholders": "N/A",
        "Total Cost of profits": 0,
        "Profit after tax corporate income": 22760,
        "Volume": 35100000,
        "Close of Quarter": "N/A",
        "EPS": 332.2,
        "Non-adjusted EPS": 648,
        "PE": "N/A",
        "Book Price": "N/A"
      }
    }
  ]
}