{
  "ticker": "VTA",
  "data": [
    {
      "quarter": "Q1 2017",
      "income status": {
        "Net sales": 53650,
        "Cost of goods sold": 46807,
        "Gross Profit": 6843,
        "Financial expenses": 822,
        "Of which: Interest expense": 778,
        "Cost of sales": 2203,
        "Enterprise cost management": 2053,
        "Total Operating Expenses": 5078,
        "Total revenue financing activities": 58,
        "Net profit from business activities": 1823,
        "Profit": -85,
        "Profit before tax": 1737,
        "Present corporate income tax expenses": 347,
        "Deferred income taxes expenses": "N/A",
        "The interests of minority shareholders": "N/A",
        "Total Cost of profits": 347,
        "Profit after tax corporate income": 1390,
        "Volume": 8000000,
        "Close of Quarter": 6,
        "EPS": 1738,
        "Non-adjusted EPS": 1738,
        "PE": 3.5,
        "Book Price": 6.1
      }
    },
    {
      "quarter": "Q4 2016",
      "income status": {
        "Net sales": 78356,
        "Cost of goods sold": 68871,
        "Gross Profit": 9485,
        "Financial expenses": 717,
        "Of which: Interest expense": 714,
        "Cost of sales": 3531,
        "Enterprise cost management": 2082,
        "Total Operating Expenses": 6330,
        "Total revenue financing activities": 369,
        "Net profit from business activities": 3524,
        "Profit": -100,
        "Profit before tax": 3424,
        "Present corporate income tax expenses": 675,
        "Deferred income taxes expenses": "N/A",
        "The interests of minority shareholders": "N/A",
        "Total Cost of profits": 675,
        "Profit after tax corporate income": 2749,
        "Volume": 8000000,
        "Close of Quarter": 5.9,
        "EPS": 1936,
        "Non-adjusted EPS": 1936,
        "PE": 3.1,
        "Book Price": 5.9
      }
    },
    {
      "quarter": "Q3 2016",
      "income status": {
        "Net sales": 80581,
        "Cost of goods sold": 70131,
        "Gross Profit": 10450,
        "Financial expenses": 814,
        "Of which: Interest expense": 802,
        "Cost of sales": 2982,
        "Enterprise cost management": 2116,
        "Total Operating Expenses": 5912,
        "Total revenue financing activities": 79,
        "Net profit from business activities": 4617,
        "Profit": -72,
        "Profit before tax": 4545,
        "Present corporate income tax expenses": "N/A",
        "Deferred income taxes expenses": "N/A",
        "The interests of minority shareholders": "N/A",
        "Total Cost of profits": 0,
        "Profit after tax corporate income": 4545,
        "Volume": 8000000,
        "Close of Quarter": 7.2,
        "EPS": 1886,
        "Non-adjusted EPS": 1886,
        "PE": 3.8,
        "Book Price": 5.6
      }
    },
    {
      "quarter": "Q2 2016",
      "income status": {
        "Net sales": 98058,
        "Cost of goods sold": 85651,
        "Gross Profit": 12407,
        "Financial expenses": 780,
        "Of which: Interest expense": 756,
        "Cost of sales": 3292,
        "Enterprise cost management": 3200,
        "Total Operating Expenses": 7272,
        "Total revenue financing activities": 287,
        "Net profit from business activities": 5423,
        "Profit": -205,
        "Profit before tax": 5218,
        "Present corporate income tax expenses": "N/A",
        "Deferred income taxes expenses": "N/A",
        "The interests of minority shareholders": "N/A",
        "Total Cost of profits": 0,
        "Profit after tax corporate income": 5218,
        "Volume": 8000000,
        "Close of Quarter": 7.3,
        "EPS": 1994,
        "Non-adjusted EPS": 1994,
        "PE": 3.7,
        "Book Price": 5
      }
    },
    {
      "quarter": "Q1 2016",
      "income status": {
        "Net sales": 78759,
        "Cost of goods sold": 69348,
        "Gross Profit": 9411,
        "Financial expenses": 839,
        "Of which: Interest expense": 824,
        "Cost of sales": 3019,
        "Enterprise cost management": 2610,
        "Total Operating Expenses": 6468,
        "Total revenue financing activities": 56,
        "Net profit from business activities": 3000,
        "Profit": -27,
        "Profit before tax": 2972,
        "Present corporate income tax expenses": "N/A",
        "Deferred income taxes expenses": "N/A",
        "The interests of minority shareholders": "N/A",
        "Total Cost of profits": 0,
        "Profit after tax corporate income": 2972,
        "Volume": 8000000,
        "Close of Quarter": 7.4,
        "EPS": 1913,
        "Non-adjusted EPS": 1913,
        "PE": 3.9,
        "Book Price": 4.3
      }
    },
    {
      "quarter": "Q4 2015",
      "income status": {
        "Net sales": 70412,
        "Cost of goods sold": 60647,
        "Gross Profit": 9765,
        "Financial expenses": 1160,
        "Of which: Interest expense": 830,
        "Cost of sales": 2585,
        "Enterprise cost management": 3374,
        "Total Operating Expenses": 7119,
        "Total revenue financing activities": 211,
        "Net profit from business activities": 2857,
        "Profit": -507,
        "Profit before tax": 2351,
        "Present corporate income tax expenses": "N/A",
        "Deferred income taxes expenses": "N/A",
        "The interests of minority shareholders": "N/A",
        "Total Cost of profits": 0,
        "Profit after tax corporate income": 2351,
        "Volume": 8000000,
        "Close of Quarter": 6.7,
        "EPS": 1680,
        "Non-adjusted EPS": 1680,
        "PE": 4.0,
        "Book Price": 4
      }
    },
    {
      "quarter": "Q3 2015",
      "income status": {
        "Net sales": 90178,
        "Cost of goods sold": 78115,
        "Gross Profit": 12063,
        "Financial expenses": 961,
        "Of which: Interest expense": 958,
        "Cost of sales": 3326,
        "Enterprise cost management": 2616,
        "Total Operating Expenses": 6903,
        "Total revenue financing activities": 322,
        "Net profit from business activities": 5482,
        "Profit": -69,
        "Profit before tax": 5413,
        "Present corporate income tax expenses": "N/A",
        "Deferred income taxes expenses": "N/A",
        "The interests of minority shareholders": "N/A",
        "Total Cost of profits": 0,
        "Profit after tax corporate income": 5413,
        "Volume": 8000000,
        "Close of Quarter": 6,
        "EPS": 2184,
        "Non-adjusted EPS": 2184,
        "PE": 2.8,
        "Book Price": 3.7
      }
    },
    {
      "quarter": "Q2 2015",
      "income status": {
        "Net sales": 80893,
        "Cost of goods sold": 70112,
        "Gross Profit": 10781,
        "Financial expenses": 1243,
        "Of which: Interest expense": 1206,
        "Cost of sales": 1781,
        "Enterprise cost management": 2343,
        "Total Operating Expenses": 5367,
        "Total revenue financing activities": 504,
        "Net profit from business activities": 5919,
        "Profit": -1354,
        "Profit before tax": 4565,
        "Present corporate income tax expenses": "N/A",
        "Deferred income taxes expenses": "N/A",
        "The interests of minority shareholders": "N/A",
        "Total Cost of profits": 0,
        "Profit after tax corporate income": 4565,
        "Volume": 8000000,
        "Close of Quarter": 6,
        "EPS": 1614,
        "Non-adjusted EPS": 1614,
        "PE": 3.7,
        "Book Price": 3
      }
    },
    {
      "quarter": "Q1 2015",
      "income status": {
        "Net sales": 62088,
        "Cost of goods sold": 54966,
        "Gross Profit": 7122,
        "Financial expenses": 1406,
        "Of which: Interest expense": 1395,
        "Cost of sales": 2735,
        "Enterprise cost management": 1949,
        "Total Operating Expenses": 6090,
        "Total revenue financing activities": 136,
        "Net profit from business activities": 1168,
        "Profit": -57,
        "Profit before tax": 1111,
        "Present corporate income tax expenses": "N/A",
        "Deferred income taxes expenses": "N/A",
        "The interests of minority shareholders": "N/A",
        "Total Cost of profits": 0,
        "Profit after tax corporate income": 1111,
        "Volume": 8000000,
        "Close of Quarter": 6,
        "EPS": 1166,
        "Non-adjusted EPS": 1166,
        "PE": 5.2,
        "Book Price": 2.4
      }
    },
    {
      "quarter": "Q4 2014",
      "income status": {
        "Net sales": 79957,
        "Cost of goods sold": 71814,
        "Gross Profit": 8143,
        "Financial expenses": 1460,
        "Of which: Interest expense": 1430,
        "Cost of sales": 2678,
        "Enterprise cost management": 2484,
        "Total Operating Expenses": 6622,
        "Total revenue financing activities": 383,
        "Net profit from business activities": 1905,
        "Profit": 4481,
        "Profit before tax": 6385,
        "Present corporate income tax expenses": "N/A",
        "Deferred income taxes expenses": "N/A",
        "The interests of minority shareholders": "N/A",
        "Total Cost of profits": 0,
        "Profit after tax corporate income": 6385,
        "Volume": 8000000,
        "Close of Quarter": 6.2,
        "EPS": 1077,
        "Non-adjusted EPS": 1077,
        "PE": 5.8,
        "Book Price": 2.3
      }
    },
    {
      "quarter": "Q3 2014",
      "income status": {
        "Net sales": 76985,
        "Cost of goods sold": 69547,
        "Gross Profit": 7439,
        "Financial expenses": 1676,
        "Of which: Interest expense": 1646,
        "Cost of sales": 2581,
        "Enterprise cost management": 2186,
        "Total Operating Expenses": 6443,
        "Total revenue financing activities": 71,
        "Net profit from business activities": 1067,
        "Profit": -213,
        "Profit before tax": 854,
        "Present corporate income tax expenses": "N/A",
        "Deferred income taxes expenses": "N/A",
        "The interests of minority shareholders": "N/A",
        "Total Cost of profits": 0,
        "Profit after tax corporate income": 854,
        "Volume": 8000000,
        "Close of Quarter": 5.6,
        "EPS": 9312,
        "Non-adjusted EPS": 9312,
        "PE": 0.6,
        "Book Price": 1.5
      }
    },
    {
      "quarter": "Q2 2014",
      "income status": {
        "Net sales": 86806,
        "Cost of goods sold": 79447,
        "Gross Profit": 7359,
        "Financial expenses": 1746,
        "Of which: Interest expense": 1720,
        "Cost of sales": 2815,
        "Enterprise cost management": 2076,
        "Total Operating Expenses": 6637,
        "Total revenue financing activities": 336,
        "Net profit from business activities": 1058,
        "Profit": -85,
        "Profit before tax": 974,
        "Present corporate income tax expenses": "N/A",
        "Deferred income taxes expenses": "N/A",
        "The interests of minority shareholders": "N/A",
        "Total Cost of profits": 0,
        "Profit after tax corporate income": 974,
        "Volume": 8000000,
        "Close of Quarter": 3.8,
        "EPS": 8647,
        "Non-adjusted EPS": 8647,
        "PE": 0.4,
        "Book Price": 1.4
      }
    },
    {
      "quarter": "Q1 2014",
      "income status": {
        "Net sales": 43213,
        "Cost of goods sold": 38480,
        "Gross Profit": 4733,
        "Financial expenses": 1773,
        "Of which: Interest expense": 1772,
        "Cost of sales": 1040,
        "Enterprise cost management": 1498,
        "Total Operating Expenses": 4311,
        "Total revenue financing activities": 150,
        "Net profit from business activities": 572,
        "Profit": -166,
        "Profit before tax": 406,
        "Present corporate income tax expenses": "N/A",
        "Deferred income taxes expenses": "N/A",
        "The interests of minority shareholders": "N/A",
        "Total Cost of profits": 0,
        "Profit after tax corporate income": 406,
        "Volume": 8000000,
        "Close of Quarter": 4.5,
        "EPS": 13264,
        "Non-adjusted EPS": 13264,
        "PE": 0.3,
        "Book Price": 1.3
      }
    },
    {
      "quarter": "Q4 2013",
      "income status": {
        "Net sales": 58053,
        "Cost of goods sold": 59153,
        "Gross Profit": -1100,
        "Financial expenses": -4848,
        "Of which: Interest expense": -4958,
        "Cost of sales": 2363,
        "Enterprise cost management": 1552,
        "Total Operating Expenses": -933,
        "Total revenue financing activities": 429,
        "Net profit from business activities": 262,
        "Profit": 72002,
        "Profit before tax": 72264,
        "Present corporate income tax expenses": "N/A",
        "Deferred income taxes expenses": "N/A",
        "The interests of minority shareholders": "N/A",
        "Total Cost of profits": 0,
        "Profit after tax corporate income": 72264,
        "Volume": 8000000,
        "Close of Quarter": 2.4,
        "EPS": 11798,
        "Non-adjusted EPS": 11798,
        "PE": 0.2,
        "Book Price": 1.4
      }
    },
    {
      "quarter": "Q3 2013",
      "income status": {
        "Net sales": 58345,
        "Cost of goods sold": 55986,
        "Gross Profit": 2359,
        "Financial expenses": 3383,
        "Of which: Interest expense": 3379,
        "Cost of sales": 1891,
        "Enterprise cost management": 1865,
        "Total Operating Expenses": 7139,
        "Total revenue financing activities": 338,
        "Net profit from business activities": -4443,
        "Profit": -27,
        "Profit before tax": -4470,
        "Present corporate income tax expenses": "N/A",
        "Deferred income taxes expenses": "N/A",
        "The interests of minority shareholders": "N/A",
        "Total Cost of profits": 0,
        "Profit after tax corporate income": -4470,
        "Volume": 6000000,
        "Close of Quarter": 2.6,
        "EPS": 1660.5,
        "Non-adjusted EPS": 2214,
        "PE": 1.2,
        "Book Price": -10.1
      }
    },
    {
      "quarter": "Q3 2011",
      "income status": {
        "Net sales": 63499,
        "Cost of goods sold": 57721,
        "Gross Profit": 5778,
        "Financial expenses": 6709,
        "Of which: Interest expense": 6683,
        "Cost of sales": 1442,
        "Enterprise cost management": 1366,
        "Total Operating Expenses": 9517,
        "Total revenue financing activities": 38,
        "Net profit from business activities": -3702,
        "Profit": 55821,
        "Profit before tax": 52119,
        "Present corporate income tax expenses": 14205,
        "Deferred income taxes expenses": "N/A",
        "The interests of minority shareholders": "N/A",
        "Total Cost of profits": 14205,
        "Profit after tax corporate income": 37914,
        "Volume": 6000000,
        "Close of Quarter": 1.9,
        "EPS": 854.3,
        "Non-adjusted EPS": 1139,
        "PE": 1.7,
        "Book Price": 0.9
      }
    },
    {
      "quarter": "Q2 2011",
      "income status": {
        "Net sales": 55416,
        "Cost of goods sold": 53947,
        "Gross Profit": 1468,
        "Financial expenses": 5824,
        "Of which: Interest expense": 5727,
        "Cost of sales": 1078,
        "Enterprise cost management": 2889,
        "Total Operating Expenses": 9791,
        "Total revenue financing activities": 160,
        "Net profit from business activities": -8164,
        "Profit": -3159,
        "Profit before tax": -11322,
        "Present corporate income tax expenses": "N/A",
        "Deferred income taxes expenses": "N/A",
        "The interests of minority shareholders": "N/A",
        "Total Cost of profits": 0,
        "Profit after tax corporate income": -11322,
        "Volume": 6000000,
        "Close of Quarter": 1.9,
        "EPS": -4966.5,
        "Non-adjusted EPS": -6622,
        "PE": -0.3,
        "Book Price": -3.9
      }
    },
    {
      "quarter": "Q1 2011",
      "income status": {
        "Net sales": 52856,
        "Cost of goods sold": 54403,
        "Gross Profit": -1547,
        "Financial expenses": 5341,
        "Of which: Interest expense": 5341,
        "Cost of sales": 840,
        "Enterprise cost management": 1186,
        "Total Operating Expenses": 7367,
        "Total revenue financing activities": 142,
        "Net profit from business activities": -8773,
        "Profit": -66,
        "Profit before tax": -8838,
        "Present corporate income tax expenses": "N/A",
        "Deferred income taxes expenses": "N/A",
        "The interests of minority shareholders": "N/A",
        "Total Cost of profits": 0,
        "Profit after tax corporate income": -8838,
        "Volume": 6000000,
        "Close of Quarter": 3.3,
        "EPS": -4927.5,
        "Non-adjusted EPS": -6570,
        "PE": -0.5,
        "Book Price": -2.5
      }
    },
    {
      "quarter": "Q4 2010",
      "income status": {
        "Net sales": 48981,
        "Cost of goods sold": 48506,
        "Gross Profit": 476,
        "Financial expenses": 4821,
        "Of which: Interest expense": 4817,
        "Cost of sales": 632,
        "Enterprise cost management": 5898,
        "Total Operating Expenses": 11351,
        "Total revenue financing activities": 87,
        "Net profit from business activities": -10788,
        "Profit": -133,
        "Profit before tax": -10921,
        "Present corporate income tax expenses": "N/A",
        "Deferred income taxes expenses": "N/A",
        "The interests of minority shareholders": "N/A",
        "Total Cost of profits": 0,
        "Profit after tax corporate income": -10921,
        "Volume": 6000000,
        "Close of Quarter": 5.2,
        "EPS": -4863.8,
        "Non-adjusted EPS": -6485,
        "PE": -0.8,
        "Book Price": -1.0
      }
    },
    {
      "quarter": "Q3 2010",
      "income status": {
        "Net sales": 33426,
        "Cost of goods sold": 35408,
        "Gross Profit": -1982,
        "Financial expenses": 4921,
        "Of which: Interest expense": 4918,
        "Cost of sales": 684,
        "Enterprise cost management": 1455,
        "Total Operating Expenses": 7060,
        "Total revenue financing activities": 14,
        "Net profit from business activities": -9028,
        "Profit": 377,
        "Profit before tax": -8651,
        "Present corporate income tax expenses": "N/A",
        "Deferred income taxes expenses": "N/A",
        "The interests of minority shareholders": "N/A",
        "Total Cost of profits": 0,
        "Profit after tax corporate income": -8651,
        "Volume": 6000000,
        "Close of Quarter": 7.1,
        "EPS": -6029.3,
        "Non-adjusted EPS": -8039,
        "PE": -0.9,
        "Book Price": 0.5
      }
    },
    {
      "quarter": "Q2 2010",
      "income status": {
        "Net sales": 39081,
        "Cost of goods sold": 42957,
        "Gross Profit": -3875,
        "Financial expenses": 5230,
        "Of which: Interest expense": 5195,
        "Cost of sales": 1060,
        "Enterprise cost management": 600,
        "Total Operating Expenses": 6890,
        "Total revenue financing activities": 161,
        "Net profit from business activities": -10604,
        "Profit": -403,
        "Profit before tax": -11007,
        "Present corporate income tax expenses": "N/A",
        "Deferred income taxes expenses": "N/A",
        "The interests of minority shareholders": "N/A",
        "Total Cost of profits": 0,
        "Profit after tax corporate income": -11007,
        "Volume": 6000000,
        "Close of Quarter": 11,
        "EPS": -5201.3,
        "Non-adjusted EPS": -6935,
        "PE": -1.6,
        "Book Price": 1.6
      }
    },
    {
      "quarter": "Q1 2010",
      "income status": {
        "Net sales": 18668,
        "Cost of goods sold": 21575,
        "Gross Profit": -2907,
        "Financial expenses": 4518,
        "Of which: Interest expense": 4518,
        "Cost of sales": 614,
        "Enterprise cost management": 537,
        "Total Operating Expenses": 5669,
        "Total revenue financing activities": 274,
        "Net profit from business activities": -8302,
        "Profit": -30,
        "Profit before tax": -8332,
        "Present corporate income tax expenses": "N/A",
        "Deferred income taxes expenses": "N/A",
        "The interests of minority shareholders": "N/A",
        "Total Cost of profits": 0,
        "Profit after tax corporate income": -8332,
        "Volume": 6000000,
        "Close of Quarter": 8.8,
        "EPS": -4570.5,
        "Non-adjusted EPS": -6094,
        "PE": -1.4,
        "Book Price": 2.9
      }
    },
    {
      "quarter": "Q4 2009",
      "income status": {
        "Net sales": 21690,
        "Cost of goods sold": 33596,
        "Gross Profit": -11906,
        "Financial expenses": 4363,
        "Of which: Interest expense": "N/A",
        "Cost of sales": 437,
        "Enterprise cost management": 6606,
        "Total Operating Expenses": 11406,
        "Total revenue financing activities": 238,
        "Net profit from business activities": -23073,
        "Profit": 3865,
        "Profit before tax": -19208,
        "Present corporate income tax expenses": 1035,
        "Deferred income taxes expenses": "N/A",
        "The interests of minority shareholders": "N/A",
        "Total Cost of profits": 1035,
        "Profit after tax corporate income": -20243,
        "Volume": 6000000,
        "Close of Quarter": 10.9,
        "EPS": -4170.8,
        "Non-adjusted EPS": -5561,
        "PE": -2.0,
        "Book Price": 4.1
      }
    },
    {
      "quarter": "Q3 2009",
      "income status": {
        "Net sales": 29669,
        "Cost of goods sold": 26514,
        "Gross Profit": 3155,
        "Financial expenses": 3665,
        "Of which: Interest expense": "N/A",
        "Cost of sales": 1052,
        "Enterprise cost management": 1013,
        "Total Operating Expenses": 5730,
        "Total revenue financing activities": 609,
        "Net profit from business activities": -1966,
        "Profit": -60,
        "Profit before tax": -2027,
        "Present corporate income tax expenses": "N/A",
        "Deferred income taxes expenses": "N/A",
        "The interests of minority shareholders": "N/A",
        "Total Cost of profits": 0,
        "Profit after tax corporate income": -2027,
        "Volume": 6000000,
        "Close of Quarter": 11.3,
        "EPS": -2368.5,
        "Non-adjusted EPS": -3158,
        "PE": -3.6,
        "Book Price": 6.7
      }
    },
    {
      "quarter": "Q2 2009",
      "income status": {
        "Net sales": 24112,
        "Cost of goods sold": 25662,
        "Gross Profit": -1550,
        "Financial expenses": 3151,
        "Of which: Interest expense": 2827,
        "Cost of sales": 787,
        "Enterprise cost management": 649,
        "Total Operating Expenses": 4587,
        "Total revenue financing activities": 387,
        "Net profit from business activities": -5750,
        "Profit": -210,
        "Profit before tax": -5960,
        "Present corporate income tax expenses": "N/A",
        "Deferred income taxes expenses": "N/A",
        "The interests of minority shareholders": "N/A",
        "Total Cost of profits": 0,
        "Profit after tax corporate income": -5960,
        "Volume": 6000000,
        "Close of Quarter": 10,
        "EPS": -2058.8,
        "Non-adjusted EPS": -2745,
        "PE": -3.6,
        "Book Price": 6.9
      }
    },
    {
      "quarter": "Q1 2009",
      "income status": {
        "Net sales": 13579,
        "Cost of goods sold": 14905,
        "Gross Profit": -1326,
        "Financial expenses": 3042,
        "Of which: Interest expense": 2934,
        "Cost of sales": 272,
        "Enterprise cost management": 579,
        "Total Operating Expenses": 3893,
        "Total revenue financing activities": 164,
        "Net profit from business activities": -5055,
        "Profit": -79,
        "Profit before tax": -5133,
        "Present corporate income tax expenses": "N/A",
        "Deferred income taxes expenses": "N/A",
        "The interests of minority shareholders": "N/A",
        "Total Cost of profits": 0,
        "Profit after tax corporate income": -5133,
        "Volume": 6000000,
        "Close of Quarter": 5.4,
        "EPS": -1207.5,
        "Non-adjusted EPS": -1610,
        "PE": -3.4,
        "Book Price": 7.7
      }
    },
    {
      "quarter": "Q4 2008",
      "income status": {
        "Net sales": 25499,
        "Cost of goods sold": 26725,
        "Gross Profit": -1225,
        "Financial expenses": 6651,
        "Of which: Interest expense": 6009,
        "Cost of sales": 675,
        "Enterprise cost management": 923,
        "Total Operating Expenses": 8249,
        "Total revenue financing activities": 324,
        "Net profit from business activities": -9151,
        "Profit": 2834,
        "Profit before tax": -6317,
        "Present corporate income tax expenses": -489,
        "Deferred income taxes expenses": "N/A",
        "The interests of minority shareholders": "N/A",
        "Total Cost of profits": -489,
        "Profit after tax corporate income": -5828,
        "Volume": 6000000,
        "Close of Quarter": 6.5,
        "EPS": -353.3,
        "Non-adjusted EPS": -471,
        "PE": -13.8,
        "Book Price": 8.6
      }
    },
    {
      "quarter": "Q3 2008",
      "income status": {
        "Net sales": 28962,
        "Cost of goods sold": 23585,
        "Gross Profit": 5377,
        "Financial expenses": 4238,
        "Of which: Interest expense": 4187,
        "Cost of sales": 679,
        "Enterprise cost management": 683,
        "Total Operating Expenses": 5600,
        "Total revenue financing activities": 287,
        "Net profit from business activities": 64,
        "Profit": 461,
        "Profit before tax": 526,
        "Present corporate income tax expenses": 74,
        "Deferred income taxes expenses": "N/A",
        "The interests of minority shareholders": "N/A",
        "Total Cost of profits": 74,
        "Profit after tax corporate income": 452,
        "Volume": 6000000,
        "Close of Quarter": 9.8,
        "EPS": 943.5,
        "Non-adjusted EPS": 1258,
        "PE": 7.8,
        "Book Price": 9.3
      }
    },
    {
      "quarter": "Q2 2008",
      "income status": {
        "Net sales": 50857,
        "Cost of goods sold": 44610,
        "Gross Profit": 6247,
        "Financial expenses": 4291,
        "Of which: Interest expense": 3519,
        "Cost of sales": 694,
        "Enterprise cost management": 681,
        "Total Operating Expenses": 5666,
        "Total revenue financing activities": 383,
        "Net profit from business activities": 964,
        "Profit": 26,
        "Profit before tax": 990,
        "Present corporate income tax expenses": 139,
        "Deferred income taxes expenses": "N/A",
        "The interests of minority shareholders": "N/A",
        "Total Cost of profits": 139,
        "Profit after tax corporate income": 852,
        "Volume": 6000000,
        "Close of Quarter": 9.6,
        "EPS": 1122.8,
        "Non-adjusted EPS": 1497,
        "PE": 6.4,
        "Book Price": 9.3
      }
    },
    {
      "quarter": "Q1 2008",
      "income status": {
        "Net sales": 60220,
        "Cost of goods sold": 51899,
        "Gross Profit": 8320,
        "Financial expenses": 3339,
        "Of which: Interest expense": 3108,
        "Cost of sales": 1441,
        "Enterprise cost management": 737,
        "Total Operating Expenses": 5517,
        "Total revenue financing activities": 205,
        "Net profit from business activities": 3009,
        "Profit": -1033,
        "Profit before tax": 1976,
        "Present corporate income tax expenses": 277,
        "Deferred income taxes expenses": "N/A",
        "The interests of minority shareholders": "N/A",
        "Total Cost of profits": 277,
        "Profit after tax corporate income": 1699,
        "Volume": 6000000,
        "Close of Quarter": 14.8,
        "EPS": 1233,
        "Non-adjusted EPS": 1644,
        "PE": 9,
        "Book Price": 10.1
      }
    },
    {
      "quarter": "Q4 2007",
      "income status": {
        "Net sales": 80947,
        "Cost of goods sold": 69294,
        "Gross Profit": 11653,
        "Financial expenses": 3604,
        "Of which: Interest expense": 3505,
        "Cost of sales": 2478,
        "Enterprise cost management": 947,
        "Total Operating Expenses": 7029,
        "Total revenue financing activities": 135,
        "Net profit from business activities": 4759,
        "Profit": -21,
        "Profit before tax": 4738,
        "Present corporate income tax expenses": 193,
        "Deferred income taxes expenses": "N/A",
        "The interests of minority shareholders": "N/A",
        "Total Cost of profits": 193,
        "Profit after tax corporate income": 4545,
        "Volume": 4000000,
        "Close of Quarter": 23.1,
        "EPS": 1070.5,
        "Non-adjusted EPS": 2141,
        "PE": 10.8,
        "Book Price": 9.9
      }
    },
    {
      "quarter": "Q3 2007",
      "income status": {
        "Net sales": 61355,
        "Cost of goods sold": 52946,
        "Gross Profit": 8409,
        "Financial expenses": 3640,
        "Of which: Interest expense": 3447,
        "Cost of sales": 2033,
        "Enterprise cost management": 626,
        "Total Operating Expenses": 6299,
        "Total revenue financing activities": 82,
        "Net profit from business activities": 2192,
        "Profit": 1,
        "Profit before tax": 2193,
        "Present corporate income tax expenses": 307,
        "Deferred income taxes expenses": "N/A",
        "The interests of minority shareholders": "N/A",
        "Total Cost of profits": 307,
        "Profit after tax corporate income": 1886,
        "Volume": 4000000,
        "Close of Quarter": 20.0,
        "EPS": 595.5,
        "Non-adjusted EPS": 1191,
        "PE": 16.8,
        "Book Price": 5.7
      }
    },
    {
      "quarter": "Q2 2007",
      "income status": {
        "Net sales": 98225,
        "Cost of goods sold": 87639,
        "Gross Profit": 10586,
        "Financial expenses": 4338,
        "Of which: Interest expense": 4169,
        "Cost of sales": 3489,
        "Enterprise cost management": 873,
        "Total Operating Expenses": 8700,
        "Total revenue financing activities": 130,
        "Net profit from business activities": 2016,
        "Profit": -4,
        "Profit before tax": 2012,
        "Present corporate income tax expenses": 282,
        "Deferred income taxes expenses": "N/A",
        "The interests of minority shareholders": "N/A",
        "Total Cost of profits": 282,
        "Profit after tax corporate income": 1731,
        "Volume": 4000000,
        "Close of Quarter": 22.5,
        "EPS": 401.5,
        "Non-adjusted EPS": 803,
        "PE": 28,
        "Book Price": 5.5
      }
    },
    {
      "quarter": "Q1 2007",
      "income status": {
        "Net sales": 71093,
        "Cost of goods sold": 64091,
        "Gross Profit": 7002,
        "Financial expenses": 3117,
        "Of which: Interest expense": 2914,
        "Cost of sales": 2770,
        "Enterprise cost management": 803,
        "Total Operating Expenses": 6690,
        "Total revenue financing activities": 156,
        "Net profit from business activities": 468,
        "Profit": "N/A",
        "Profit before tax": 468,
        "Present corporate income tax expenses": 66,
        "Deferred income taxes expenses": "N/A",
        "The interests of minority shareholders": "N/A",
        "Total Cost of profits": 66,
        "Profit after tax corporate income": 402,
        "Volume": 4000000,
        "Close of Quarter": 26.7,
        "EPS": 686,
        "Non-adjusted EPS": 1372,
        "PE": 19.5,
        "Book Price": 5.6
      }
    },
    {
      "quarter": "Q4 2006",
      "income status": {
        "Net sales": 75458,
        "Cost of goods sold": 65526,
        "Gross Profit": 9933,
        "Financial expenses": 5184,
        "Of which: Interest expense": 4968,
        "Cost of sales": 3499,
        "Enterprise cost management": 886,
        "Total Operating Expenses": 9569,
        "Total revenue financing activities": 239,
        "Net profit from business activities": 603,
        "Profit": 141,
        "Profit before tax": 744,
        "Present corporate income tax expenses": "N/A",
        "Deferred income taxes expenses": "N/A",
        "The interests of minority shareholders": "N/A",
        "Total Cost of profits": 0,
        "Profit after tax corporate income": 744,
        "Volume": 4000000,
        "Close of Quarter": 17,
        "EPS": 269.5,
        "Non-adjusted EPS": 539,
        "PE": 31.5,
        "Book Price": 5.5
      }
    },
    {
      "quarter": "Q3 2006",
      "income status": {
        "Net sales": 78653,
        "Cost of goods sold": 68318,
        "Gross Profit": 10334,
        "Financial expenses": 3747,
        "Of which: Interest expense": 3637,
        "Cost of sales": 5550,
        "Enterprise cost management": 756,
        "Total Operating Expenses": 10053,
        "Total revenue financing activities": 67,
        "Net profit from business activities": 347,
        "Profit": -14,
        "Profit before tax": 333,
        "Present corporate income tax expenses": "N/A",
        "Deferred income taxes expenses": "N/A",
        "The interests of minority shareholders": "N/A",
        "Total Cost of profits": 0,
        "Profit after tax corporate income": 333,
        "Volume": 4000000,
        "Close of Quarter": "N/A",
        "EPS": 176.5,
        "Non-adjusted EPS": 353,
        "PE": "N/A",
        "Book Price": 5.5
      }
    },
    {
      "quarter": "Q2 2006",
      "income status": {
        "Net sales": 94080,
        "Cost of goods sold": 80515,
        "Gross Profit": 13565,
        "Financial expenses": 3745,
        "Of which: Interest expense": 3540,
        "Cost of sales": 6811,
        "Enterprise cost management": 700,
        "Total Operating Expenses": 11256,
        "Total revenue financing activities": 1689,
        "Net profit from business activities": 3998,
        "Profit": 12,
        "Profit before tax": 4010,
        "Present corporate income tax expenses": "N/A",
        "Deferred income taxes expenses": "N/A",
        "The interests of minority shareholders": "N/A",
        "Total Cost of profits": 0,
        "Profit after tax corporate income": 4010,
        "Volume": 4000000,
        "Close of Quarter": "N/A",
        "EPS": 135,
        "Non-adjusted EPS": 270,
        "PE": "N/A",
        "Book Price": "N/A"
      }
    },
    {
      "quarter": "Q1 2006",
      "income status": {
        "Net sales": 68051,
        "Cost of goods sold": 61561,
        "Gross Profit": 6490,
        "Financial expenses": 3566,
        "Of which: Interest expense": 3561,
        "Cost of sales": 5337,
        "Enterprise cost management": 534,
        "Total Operating Expenses": 9437,
        "Total revenue financing activities": 17,
        "Net profit from business activities": -2930,
        "Profit": "N/A",
        "Profit before tax": -2930,
        "Present corporate income tax expenses": "N/A",
        "Deferred income taxes expenses": "N/A",
        "The interests of minority shareholders": "N/A",
        "Total Cost of profits": 0,
        "Profit after tax corporate income": -2930,
        "Volume": 4000000,
        "Close of Quarter": "N/A",
        "EPS": -366.5,
        "Non-adjusted EPS": -733,
        "PE": "N/A",
        "Book Price": "N/A"
      }
    }
  ]
}