{
  "ticker": "PPC",
  "data": [
    {
      "quarter": "Q1 2017",
      "income status": {
        "Net sales": 1475691,
        "Cost of goods sold": 1228305,
        "Gross Profit": 247386,
        "Financial expenses": 195779,
        "Of which: Interest expense": 27176,
        "Cost of sales": "N/A",
        "Enterprise cost management": 17254,
        "Total Operating Expenses": 213033,
        "Total revenue financing activities": 131359,
        "Net profit from business activities": 165712,
        "Profit": 1465,
        "Profit before tax": 167177,
        "Present corporate income tax expenses": 25014,
        "Deferred income taxes expenses": "N/A",
        "The interests of minority shareholders": "N/A",
        "Total Cost of profits": 25014,
        "Profit after tax corporate income": 142163,
        "Volume": 318154614,
        "Close of Quarter": 16.2,
        "EPS": 2648,
        "Non-adjusted EPS": 2648,
        "PE": 6.1,
        "Book Price": 17.3
      }
    },
    {
      "quarter": "Q4 2016",
      "income status": {
        "Net sales": 1488456,
        "Cost of goods sold": 1140429,
        "Gross Profit": 348027,
        "Financial expenses": -519847,
        "Of which: Interest expense": 29165,
        "Cost of sales": "N/A",
        "Enterprise cost management": 46120,
        "Total Operating Expenses": -473727,
        "Total revenue financing activities": 112812,
        "Net profit from business activities": 956426,
        "Profit": 383,
        "Profit before tax": 956809,
        "Present corporate income tax expenses": 60113,
        "Deferred income taxes expenses": "N/A",
        "The interests of minority shareholders": 4217,
        "Total Cost of profits": 64330,
        "Profit after tax corporate income": 892480,
        "Volume": 318154614,
        "Close of Quarter": 15.7,
        "EPS": 1706,
        "Non-adjusted EPS": 1706,
        "PE": 9.2,
        "Book Price": 16.3
      }
    },
    {
      "quarter": "Q3 2016",
      "income status": {
        "Net sales": 1266336,
        "Cost of goods sold": 1251781,
        "Gross Profit": 14556,
        "Financial expenses": 98701,
        "Of which: Interest expense": 31340,
        "Cost of sales": "N/A",
        "Enterprise cost management": 16161,
        "Total Operating Expenses": 114862,
        "Total revenue financing activities": 104714,
        "Net profit from business activities": 4408,
        "Profit": -3351,
        "Profit before tax": 1057,
        "Present corporate income tax expenses": 385,
        "Deferred income taxes expenses": "N/A",
        "The interests of minority shareholders": 659,
        "Total Cost of profits": 1044,
        "Profit after tax corporate income": 14,
        "Volume": 318154614,
        "Close of Quarter": 12.9,
        "EPS": -1010,
        "Non-adjusted EPS": -1010,
        "PE": -12.8,
        "Book Price": 14.3
      }
    },
    {
      "quarter": "Q2 2016",
      "income status": {
        "Net sales": 1515858,
        "Cost of goods sold": 1433992,
        "Gross Profit": 81866,
        "Financial expenses": 388082,
        "Of which: Interest expense": 37531,
        "Cost of sales": "N/A",
        "Enterprise cost management": 24159,
        "Total Operating Expenses": 412241,
        "Total revenue financing activities": 95721,
        "Net profit from business activities": -191183,
        "Profit": -303,
        "Profit before tax": -191487,
        "Present corporate income tax expenses": 345,
        "Deferred income taxes expenses": "N/A",
        "The interests of minority shareholders": 480,
        "Total Cost of profits": 825,
        "Profit after tax corporate income": -192311,
        "Volume": 318154614,
        "Close of Quarter": 12.9,
        "EPS": -780,
        "Non-adjusted EPS": -780,
        "PE": -16.5,
        "Book Price": 14.3
      }
    },
    {
      "quarter": "Q1 2016",
      "income status": {
        "Net sales": 1706722,
        "Cost of goods sold": 1654288,
        "Gross Profit": 52434,
        "Financial expenses": 285197,
        "Of which: Interest expense": 27418,
        "Cost of sales": "N/A",
        "Enterprise cost management": 22441,
        "Total Operating Expenses": 307638,
        "Total revenue financing activities": 97845,
        "Net profit from business activities": -157358,
        "Profit": 755,
        "Profit before tax": -156603,
        "Present corporate income tax expenses": 253,
        "Deferred income taxes expenses": "N/A",
        "The interests of minority shareholders": 425,
        "Total Cost of profits": 678,
        "Profit after tax corporate income": -157282,
        "Volume": 318154614,
        "Close of Quarter": 14.6,
        "EPS": 820,
        "Non-adjusted EPS": 820,
        "PE": 17.8,
        "Book Price": 17.5
      }
    },
    {
      "quarter": "Q4 2015",
      "income status": {
        "Net sales": 1619375,
        "Cost of goods sold": 1228939,
        "Gross Profit": 390436,
        "Financial expenses": 351340,
        "Of which: Interest expense": 30078,
        "Cost of sales": "N/A",
        "Enterprise cost management": 32542,
        "Total Operating Expenses": 383882,
        "Total revenue financing activities": 100194,
        "Net profit from business activities": 28088,
        "Profit": 13630,
        "Profit before tax": 41718,
        "Present corporate income tax expenses": 10433,
        "Deferred income taxes expenses": "N/A",
        "The interests of minority shareholders": 3199,
        "Total Cost of profits": 13632,
        "Profit after tax corporate income": 28086,
        "Volume": 318154614,
        "Close of Quarter": 14.2,
        "EPS": 1476,
        "Non-adjusted EPS": 1476,
        "PE": 9.6,
        "Book Price": 18.1
      }
    },
    {
      "quarter": "Q3 2015",
      "income status": {
        "Net sales": 1781560,
        "Cost of goods sold": 1524447,
        "Gross Profit": 257112,
        "Financial expenses": 244459,
        "Of which: Interest expense": 30819,
        "Cost of sales": "N/A",
        "Enterprise cost management": 23119,
        "Total Operating Expenses": 267578,
        "Total revenue financing activities": 88862,
        "Net profit from business activities": 78397,
        "Profit": -599,
        "Profit before tax": 77798,
        "Present corporate income tax expenses": 3529,
        "Deferred income taxes expenses": "N/A",
        "The interests of minority shareholders": 965,
        "Total Cost of profits": 4494,
        "Profit after tax corporate income": 73304,
        "Volume": 318154614,
        "Close of Quarter": 13.7,
        "EPS": 3113,
        "Non-adjusted EPS": 3113,
        "PE": 4.4,
        "Book Price": 18
      }
    },
    {
      "quarter": "Q2 2015",
      "income status": {
        "Net sales": 2261817,
        "Cost of goods sold": 2073892,
        "Gross Profit": 187925,
        "Financial expenses": -1318,
        "Of which: Interest expense": 29896,
        "Cost of sales": "N/A",
        "Enterprise cost management": 21973,
        "Total Operating Expenses": 20655,
        "Total revenue financing activities": 72663,
        "Net profit from business activities": 334947,
        "Profit": 2559,
        "Profit before tax": 337506,
        "Present corporate income tax expenses": 20150,
        "Deferred income taxes expenses": "N/A",
        "The interests of minority shareholders": 481,
        "Total Cost of profits": 20631,
        "Profit after tax corporate income": 316875,
        "Volume": 318154614,
        "Close of Quarter": 16.9,
        "EPS": 3946,
        "Non-adjusted EPS": 3946,
        "PE": 4.3,
        "Book Price": 17.7
      }
    },
    {
      "quarter": "Q1 2015",
      "income status": {
        "Net sales": 2002196,
        "Cost of goods sold": 1868615,
        "Gross Profit": 133581,
        "Financial expenses": 138543,
        "Of which: Interest expense": 29436,
        "Cost of sales": "N/A",
        "Enterprise cost management": 24847,
        "Total Operating Expenses": 163390,
        "Total revenue financing activities": 81674,
        "Net profit from business activities": 51866,
        "Profit": 5107,
        "Profit before tax": 56973,
        "Present corporate income tax expenses": 5179,
        "Deferred income taxes expenses": "N/A",
        "The interests of minority shareholders": 432,
        "Total Cost of profits": 5611,
        "Profit after tax corporate income": 51362,
        "Volume": 318154614,
        "Close of Quarter": 16.9,
        "EPS": 2749,
        "Non-adjusted EPS": 2749,
        "PE": 6.1,
        "Book Price": 18.1
      }
    },
    {
      "quarter": "Q4 2014",
      "income status": {
        "Net sales": 1839617,
        "Cost of goods sold": 1543318,
        "Gross Profit": 296299,
        "Financial expenses": 29525,
        "Of which: Interest expense": 30070,
        "Cost of sales": "N/A",
        "Enterprise cost management": 32355,
        "Total Operating Expenses": 61880,
        "Total revenue financing activities": 525457,
        "Net profit from business activities": 714371,
        "Profit": -7786,
        "Profit before tax": 706585,
        "Present corporate income tax expenses": 151167,
        "Deferred income taxes expenses": "N/A",
        "The interests of minority shareholders": 6673,
        "Total Cost of profits": 157840,
        "Profit after tax corporate income": 548746,
        "Volume": 318154614,
        "Close of Quarter": 19.4,
        "EPS": 3284,
        "Non-adjusted EPS": 3284,
        "PE": 5.9,
        "Book Price": 18
      }
    },
    {
      "quarter": "Q3 2014",
      "income status": {
        "Net sales": 1365748,
        "Cost of goods sold": 1487712,
        "Gross Profit": -121964,
        "Financial expenses": -220309,
        "Of which: Interest expense": 34728,
        "Cost of sales": "N/A",
        "Enterprise cost management": 25457,
        "Total Operating Expenses": -194852,
        "Total revenue financing activities": 341326,
        "Net profit from business activities": 414213,
        "Profit": -664,
        "Profit before tax": 413549,
        "Present corporate income tax expenses": 73905,
        "Deferred income taxes expenses": "N/A",
        "The interests of minority shareholders": 1283,
        "Total Cost of profits": 75188,
        "Profit after tax corporate income": 338361,
        "Volume": 318154614,
        "Close of Quarter": 18.1,
        "EPS": 2288,
        "Non-adjusted EPS": 2288,
        "PE": 7.9,
        "Book Price": 17
      }
    },
    {
      "quarter": "Q2 2014",
      "income status": {
        "Net sales": 2110818,
        "Cost of goods sold": 2097991,
        "Gross Profit": 12826,
        "Financial expenses": 193128,
        "Of which: Interest expense": 37200,
        "Cost of sales": "N/A",
        "Enterprise cost management": 24793,
        "Total Operating Expenses": 217921,
        "Total revenue financing activities": 87698,
        "Net profit from business activities": -81884,
        "Profit": 17099,
        "Profit before tax": -64785,
        "Present corporate income tax expenses": -1835,
        "Deferred income taxes expenses": "N/A",
        "The interests of minority shareholders": 889,
        "Total Cost of profits": -946,
        "Profit after tax corporate income": -63839,
        "Volume": 318154614,
        "Close of Quarter": 14.2,
        "EPS": 1537,
        "Non-adjusted EPS": 1537,
        "PE": 9.2,
        "Book Price": 16
      }
    },
    {
      "quarter": "Q1 2014",
      "income status": {
        "Net sales": 2165761,
        "Cost of goods sold": 1855672,
        "Gross Profit": 310089,
        "Financial expenses": 140526,
        "Of which: Interest expense": 36844,
        "Cost of sales": "N/A",
        "Enterprise cost management": 23931,
        "Total Operating Expenses": 164457,
        "Total revenue financing activities": 100745,
        "Net profit from business activities": 246377,
        "Profit": -214,
        "Profit before tax": 246163,
        "Present corporate income tax expenses": 24162,
        "Deferred income taxes expenses": "N/A",
        "The interests of minority shareholders": 564,
        "Total Cost of profits": 24726,
        "Profit after tax corporate income": 221438,
        "Volume": 318154614,
        "Close of Quarter": 15.6,
        "EPS": 2857,
        "Non-adjusted EPS": 2857,
        "PE": 5.4,
        "Book Price": 17.8
      }
    },
    {
      "quarter": "Q4 2013",
      "income status": {
        "Net sales": 1736943,
        "Cost of goods sold": 1649611,
        "Gross Profit": 87333,
        "Financial expenses": 75007,
        "Of which: Interest expense": 36825,
        "Cost of sales": "N/A",
        "Enterprise cost management": 37762,
        "Total Operating Expenses": 112769,
        "Total revenue financing activities": 458531,
        "Net profit from business activities": 433095,
        "Profit": 2158,
        "Profit before tax": 378047,
        "Present corporate income tax expenses": 281040,
        "Deferred income taxes expenses": -141422,
        "The interests of minority shareholders": 6301,
        "Total Cost of profits": 145919,
        "Profit after tax corporate income": 232128,
        "Volume": 318154614,
        "Close of Quarter": 16.7,
        "EPS": 5128,
        "Non-adjusted EPS": 5128,
        "PE": 3.3,
        "Book Price": 17
      }
    },
    {
      "quarter": "Q3 2013",
      "income status": {
        "Net sales": 1200530,
        "Cost of goods sold": 1026831,
        "Gross Profit": 173699,
        "Financial expenses": 82342,
        "Of which: Interest expense": 35646,
        "Cost of sales": "N/A",
        "Enterprise cost management": 25061,
        "Total Operating Expenses": 107403,
        "Total revenue financing activities": 100508,
        "Net profit from business activities": 166804,
        "Profit": 344,
        "Profit before tax": 167148,
        "Present corporate income tax expenses": 34665,
        "Deferred income taxes expenses": 32192,
        "The interests of minority shareholders": 858,
        "Total Cost of profits": 67715,
        "Profit after tax corporate income": 99433,
        "Volume": 318154614,
        "Close of Quarter": 13.6,
        "EPS": 6105,
        "Non-adjusted EPS": 6105,
        "PE": 2.2,
        "Book Price": 16.4
      }
    },
    {
      "quarter": "Q2 2013",
      "income status": {
        "Net sales": 1866594,
        "Cost of goods sold": 1497563,
        "Gross Profit": 369031,
        "Financial expenses": 43169,
        "Of which: Interest expense": 45282,
        "Cost of sales": "N/A",
        "Enterprise cost management": 21367,
        "Total Operating Expenses": 64536,
        "Total revenue financing activities": 378181,
        "Net profit from business activities": 682676,
        "Profit": -26,
        "Profit before tax": 670221,
        "Present corporate income tax expenses": 42842,
        "Deferred income taxes expenses": 269717,
        "The interests of minority shareholders": 1726,
        "Total Cost of profits": 314285,
        "Profit after tax corporate income": 355936,
        "Volume": 318154614,
        "Close of Quarter": 15.6,
        "EPS": 5411,
        "Non-adjusted EPS": 5411,
        "PE": 2.9,
        "Book Price": 16.1
      }
    },
    {
      "quarter": "Q1 2013",
      "income status": {
        "Net sales": 1778490,
        "Cost of goods sold": 1400621,
        "Gross Profit": 377869,
        "Financial expenses": 34577,
        "Of which: Interest expense": 37318,
        "Cost of sales": "N/A",
        "Enterprise cost management": 21889,
        "Total Operating Expenses": 56466,
        "Total revenue financing activities": 690927,
        "Net profit from business activities": 1012330,
        "Profit": 72,
        "Profit before tax": 1012402,
        "Present corporate income tax expenses": 53113,
        "Deferred income taxes expenses": 14590,
        "The interests of minority shareholders": 685,
        "Total Cost of profits": 68388,
        "Profit after tax corporate income": 944014,
        "Volume": 318154614,
        "Close of Quarter": 10.8,
        "EPS": 4489,
        "Non-adjusted EPS": 4489,
        "PE": 2.4,
        "Book Price": 16
      }
    },
    {
      "quarter": "Q4 2012",
      "income status": {
        "Net sales": 1236851,
        "Cost of goods sold": 1201201,
        "Gross Profit": 35649,
        "Financial expenses": -434161,
        "Of which: Interest expense": 46732,
        "Cost of sales": "N/A",
        "Enterprise cost management": 29178,
        "Total Operating Expenses": -404983,
        "Total revenue financing activities": 231570,
        "Net profit from business activities": 672203,
        "Profit": 18868,
        "Profit before tax": 691070,
        "Present corporate income tax expenses": 142674,
        "Deferred income taxes expenses": "N/A",
        "The interests of minority shareholders": 5426,
        "Total Cost of profits": 148100,
        "Profit after tax corporate income": 542971,
        "Volume": 318154614,
        "Close of Quarter": 7.6,
        "EPS": 1939,
        "Non-adjusted EPS": 1939,
        "PE": 3.9,
        "Book Price": 13.2
      }
    },
    {
      "quarter": "Q3 2012",
      "income status": {
        "Net sales": 686633,
        "Cost of goods sold": 669254,
        "Gross Profit": 17378,
        "Financial expenses": 251378,
        "Of which: Interest expense": 54320,
        "Cost of sales": "N/A",
        "Enterprise cost management": 18288,
        "Total Operating Expenses": 269666,
        "Total revenue financing activities": 134021,
        "Net profit from business activities": -118266,
        "Profit": -945,
        "Profit before tax": -119211,
        "Present corporate income tax expenses": 932,
        "Deferred income taxes expenses": "N/A",
        "The interests of minority shareholders": 1375,
        "Total Cost of profits": 2307,
        "Profit after tax corporate income": -121518,
        "Volume": 318154614,
        "Close of Quarter": 5.4,
        "EPS": 250,
        "Non-adjusted EPS": 250,
        "PE": 21.8,
        "Book Price": 11.2
      }
    },
    {
      "quarter": "Q2 2012",
      "income status": {
        "Net sales": 1118326,
        "Cost of goods sold": 859912,
        "Gross Profit": 258413,
        "Financial expenses": 343977,
        "Of which: Interest expense": 54900,
        "Cost of sales": "N/A",
        "Enterprise cost management": 25466,
        "Total Operating Expenses": 369443,
        "Total revenue financing activities": 139821,
        "Net profit from business activities": 28792,
        "Profit": -70,
        "Profit before tax": 28722,
        "Present corporate income tax expenses": -35133,
        "Deferred income taxes expenses": "N/A",
        "The interests of minority shareholders": 1090,
        "Total Cost of profits": -34043,
        "Profit after tax corporate income": 62766,
        "Volume": 318154614,
        "Close of Quarter": 6.6,
        "EPS": 366,
        "Non-adjusted EPS": 366,
        "PE": 18.0,
        "Book Price": 11.1
      }
    },
    {
      "quarter": "Q1 2012",
      "income status": {
        "Net sales": 1083630,
        "Cost of goods sold": 936034,
        "Gross Profit": 147596,
        "Financial expenses": 108240,
        "Of which: Interest expense": 50336,
        "Cost of sales": "N/A",
        "Enterprise cost management": 24026,
        "Total Operating Expenses": 132266,
        "Total revenue financing activities": 152781,
        "Net profit from business activities": 168111,
        "Profit": 1518,
        "Profit before tax": 169628,
        "Present corporate income tax expenses": 36297,
        "Deferred income taxes expenses": "N/A",
        "The interests of minority shareholders": 607,
        "Total Cost of profits": 36904,
        "Profit after tax corporate income": 132724,
        "Volume": 318154614,
        "Close of Quarter": 6.7,
        "EPS": 779,
        "Non-adjusted EPS": 779,
        "PE": 8.6,
        "Book Price": 10
      }
    },
    {
      "quarter": "Q4 2011",
      "income status": {
        "Net sales": 3956354,
        "Cost of goods sold": 3310864,
        "Gross Profit": 645491,
        "Financial expenses": 999329,
        "Of which: Interest expense": 232660,
        "Cost of sales": "N/A",
        "Enterprise cost management": 96390,
        "Total Operating Expenses": 1095719,
        "Total revenue financing activities": 462342,
        "Net profit from business activities": 12114,
        "Profit": 1565,
        "Profit before tax": 13679,
        "Present corporate income tax expenses": 2437,
        "Deferred income taxes expenses": "N/A",
        "The interests of minority shareholders": 5621,
        "Total Cost of profits": 8058,
        "Profit after tax corporate income": 5621,
        "Volume": 318154614,
        "Close of Quarter": 4.5,
        "EPS": 900,
        "Non-adjusted EPS": 900,
        "PE": 5.0,
        "Book Price": 9.8
      }
    },
    {
      "quarter": "Q3 2011",
      "income status": {
        "Net sales": 604870,
        "Cost of goods sold": 677713,
        "Gross Profit": -72842,
        "Financial expenses": 98899,
        "Of which: Interest expense": 60108,
        "Cost of sales": "N/A",
        "Enterprise cost management": 17056,
        "Total Operating Expenses": 115955,
        "Total revenue financing activities": 103467,
        "Net profit from business activities": -85329,
        "Profit": 761,
        "Profit before tax": -84569,
        "Present corporate income tax expenses": "N/A",
        "Deferred income taxes expenses": "N/A",
        "The interests of minority shareholders": "N/A",
        "Total Cost of profits": 0,
        "Profit after tax corporate income": -84569,
        "Volume": 323154614,
        "Close of Quarter": 4.4,
        "EPS": -856.3,
        "Non-adjusted EPS": -843,
        "PE": -5.2,
        "Book Price": 12.6
      }
    },
    {
      "quarter": "Q2 2011",
      "income status": {
        "Net sales": 1084661,
        "Cost of goods sold": 888250,
        "Gross Profit": 196410,
        "Financial expenses": 59334,
        "Of which: Interest expense": 56117,
        "Cost of sales": "N/A",
        "Enterprise cost management": 20892,
        "Total Operating Expenses": 80226,
        "Total revenue financing activities": 104213,
        "Net profit from business activities": 220397,
        "Profit": -33,
        "Profit before tax": 220364,
        "Present corporate income tax expenses": 25082,
        "Deferred income taxes expenses": 1250,
        "The interests of minority shareholders": "N/A",
        "Total Cost of profits": 26332,
        "Profit after tax corporate income": 194032,
        "Volume": 323154614,
        "Close of Quarter": 5.2,
        "EPS": -208.2,
        "Non-adjusted EPS": -205,
        "PE": -25.3,
        "Book Price": 12.9
      }
    },
    {
      "quarter": "Q1 2011",
      "income status": {
        "Net sales": 1152892,
        "Cost of goods sold": 964074,
        "Gross Profit": 188818,
        "Financial expenses": 82885,
        "Of which: Interest expense": 60215,
        "Cost of sales": "N/A",
        "Enterprise cost management": 18777,
        "Total Operating Expenses": 101662,
        "Total revenue financing activities": 104012,
        "Net profit from business activities": 191167,
        "Profit": 172,
        "Profit before tax": 191340,
        "Present corporate income tax expenses": 21481,
        "Deferred income taxes expenses": -1250,
        "The interests of minority shareholders": "N/A",
        "Total Cost of profits": 20231,
        "Profit after tax corporate income": 171108,
        "Volume": 323154614,
        "Close of Quarter": 6.4,
        "EPS": -92.4,
        "Non-adjusted EPS": -91,
        "PE": -70.4,
        "Book Price": 12.3
      }
    },
    {
      "quarter": "Q4 2010",
      "income status": {
        "Net sales": 872524,
        "Cost of goods sold": 679135,
        "Gross Profit": 193389,
        "Financial expenses": 860441,
        "Of which: Interest expense": 50670,
        "Cost of sales": "N/A",
        "Enterprise cost management": 6736,
        "Total Operating Expenses": 867177,
        "Total revenue financing activities": 96179,
        "Net profit from business activities": -577609,
        "Profit": 570,
        "Profit before tax": -577040,
        "Present corporate income tax expenses": -23284,
        "Deferred income taxes expenses": -786,
        "The interests of minority shareholders": "N/A",
        "Total Cost of profits": -24070,
        "Profit after tax corporate income": -552970,
        "Volume": 323154614,
        "Close of Quarter": 7.5,
        "EPS": 12.2,
        "Non-adjusted EPS": 12,
        "PE": 624.2,
        "Book Price": 11.7
      }
    },
    {
      "quarter": "Q3 2010",
      "income status": {
        "Net sales": 1045802,
        "Cost of goods sold": 909950,
        "Gross Profit": 135852,
        "Financial expenses": 81477,
        "Of which: Interest expense": 57064,
        "Cost of sales": "N/A",
        "Enterprise cost management": 21204,
        "Total Operating Expenses": 102681,
        "Total revenue financing activities": 87530,
        "Net profit from business activities": 120700,
        "Profit": -449,
        "Profit before tax": 120252,
        "Present corporate income tax expenses": "N/A",
        "Deferred income taxes expenses": -1375,
        "The interests of minority shareholders": "N/A",
        "Total Cost of profits": -1375,
        "Profit after tax corporate income": 121627,
        "Volume": 323154614,
        "Close of Quarter": 8.2,
        "EPS": 1512.4,
        "Non-adjusted EPS": 1489,
        "PE": 5.5,
        "Book Price": 13.6
      }
    },
    {
      "quarter": "Q2 2010",
      "income status": {
        "Net sales": 1181811,
        "Cost of goods sold": 979294,
        "Gross Profit": 202516,
        "Financial expenses": 47588,
        "Of which: Interest expense": 46500,
        "Cost of sales": "N/A",
        "Enterprise cost management": 18024,
        "Total Operating Expenses": 65612,
        "Total revenue financing activities": 90637,
        "Net profit from business activities": 227541,
        "Profit": 360,
        "Profit before tax": 227902,
        "Present corporate income tax expenses": "N/A",
        "Deferred income taxes expenses": -2925,
        "The interests of minority shareholders": "N/A",
        "Total Cost of profits": -2925,
        "Profit after tax corporate income": 230827,
        "Volume": 325154614,
        "Close of Quarter": 10.2,
        "EPS": 2017.4,
        "Non-adjusted EPS": 1974,
        "PE": 5.2,
        "Book Price": 13.6
      }
    },
    {
      "quarter": "Q1 2010",
      "income status": {
        "Net sales": 1082628,
        "Cost of goods sold": 900551,
        "Gross Profit": 182077,
        "Financial expenses": 63175,
        "Of which: Interest expense": 48949,
        "Cost of sales": "N/A",
        "Enterprise cost management": 19027,
        "Total Operating Expenses": 82202,
        "Total revenue financing activities": 135362,
        "Net profit from business activities": 235237,
        "Profit": -629,
        "Profit before tax": 234608,
        "Present corporate income tax expenses": 30202,
        "Deferred income taxes expenses": "N/A",
        "The interests of minority shareholders": "N/A",
        "Total Cost of profits": 30202,
        "Profit after tax corporate income": 204406,
        "Volume": 325154614,
        "Close of Quarter": 10.2,
        "EPS": 2545.8,
        "Non-adjusted EPS": 2491,
        "PE": 4.1,
        "Book Price": 12.9
      }
    },
    {
      "quarter": "Q4 2009",
      "income status": {
        "Net sales": 1057232,
        "Cost of goods sold": 705608,
        "Gross Profit": 351624,
        "Financial expenses": 574895,
        "Of which: Interest expense": "N/A",
        "Cost of sales": "N/A",
        "Enterprise cost management": 20053,
        "Total Operating Expenses": 594948,
        "Total revenue financing activities": 131788,
        "Net profit from business activities": -111536,
        "Profit": 1208,
        "Profit before tax": -110329,
        "Present corporate income tax expenses": -29183,
        "Deferred income taxes expenses": -5444,
        "The interests of minority shareholders": "N/A",
        "Total Cost of profits": -34627,
        "Profit after tax corporate income": -75702,
        "Volume": 325154614,
        "Close of Quarter": 11.1,
        "EPS": 2796.2,
        "Non-adjusted EPS": 2736,
        "PE": 4.1,
        "Book Price": 13.6
      }
    },
    {
      "quarter": "Q3 2009",
      "income status": {
        "Net sales": 1107543,
        "Cost of goods sold": 826116,
        "Gross Profit": 281427,
        "Financial expenses": 44699,
        "Of which: Interest expense": "N/A",
        "Cost of sales": "N/A",
        "Enterprise cost management": 18550,
        "Total Operating Expenses": 63249,
        "Total revenue financing activities": 70902,
        "Net profit from business activities": 289079,
        "Profit": -1,
        "Profit before tax": 289077,
        "Present corporate income tax expenses": 6757,
        "Deferred income taxes expenses": "N/A",
        "The interests of minority shareholders": "N/A",
        "Total Cost of profits": 6757,
        "Profit after tax corporate income": 282321,
        "Volume": 325154614,
        "Close of Quarter": 16.1,
        "EPS": -111.4,
        "Non-adjusted EPS": -109,
        "PE": -148.0,
        "Book Price": 13.8
      }
    },
    {
      "quarter": "Q2 2009",
      "income status": {
        "Net sales": 1161891,
        "Cost of goods sold": 820853,
        "Gross Profit": 341038,
        "Financial expenses": 45000,
        "Of which: Interest expense": "N/A",
        "Cost of sales": "N/A",
        "Enterprise cost management": 15349,
        "Total Operating Expenses": 60349,
        "Total revenue financing activities": 141518,
        "Net profit from business activities": 422208,
        "Profit": 426,
        "Profit before tax": 422634,
        "Present corporate income tax expenses": 23747,
        "Deferred income taxes expenses": "N/A",
        "The interests of minority shareholders": "N/A",
        "Total Cost of profits": 23747,
        "Profit after tax corporate income": 398887,
        "Volume": 325154614,
        "Close of Quarter": 15.8,
        "EPS": -301.5,
        "Non-adjusted EPS": -295,
        "PE": -53.5,
        "Book Price": 13.0
      }
    },
    {
      "quarter": "Q1 2009",
      "income status": {
        "Net sales": 1094284,
        "Cost of goods sold": 787962,
        "Gross Profit": 306322,
        "Financial expenses": 38524,
        "Of which: Interest expense": 38524,
        "Cost of sales": "N/A",
        "Enterprise cost management": 18828,
        "Total Operating Expenses": 57352,
        "Total revenue financing activities": 35438,
        "Net profit from business activities": 284407,
        "Profit": -143,
        "Profit before tax": 284264,
        "Present corporate income tax expenses": "N/A",
        "Deferred income taxes expenses": "N/A",
        "The interests of minority shareholders": "N/A",
        "Total Cost of profits": 0,
        "Profit after tax corporate income": 284264,
        "Volume": 325154614,
        "Close of Quarter": 14.7,
        "EPS": -660.2,
        "Non-adjusted EPS": -646,
        "PE": -22.7,
        "Book Price": 11.7
      }
    },
    {
      "quarter": "Q4 2008",
      "income status": {
        "Net sales": 878239,
        "Cost of goods sold": 670308,
        "Gross Profit": 207931,
        "Financial expenses": 1582738,
        "Of which: Interest expense": 47030,
        "Cost of sales": "N/A",
        "Enterprise cost management": 12997,
        "Total Operating Expenses": 1595735,
        "Total revenue financing activities": 113769,
        "Net profit from business activities": -1274035,
        "Profit": 11253,
        "Profit before tax": -1262782,
        "Present corporate income tax expenses": "N/A",
        "Deferred income taxes expenses": -261713,
        "The interests of minority shareholders": "N/A",
        "Total Cost of profits": -261713,
        "Profit after tax corporate income": -1001069,
        "Volume": 325154614,
        "Close of Quarter": 11.0,
        "EPS": -653.1,
        "Non-adjusted EPS": -639,
        "PE": -17.2,
        "Book Price": 10.8
      }
    },
    {
      "quarter": "Q3 2008",
      "income status": {
        "Net sales": 870867,
        "Cost of goods sold": 669359,
        "Gross Profit": 201508,
        "Financial expenses": 48886,
        "Of which: Interest expense": 38098,
        "Cost of sales": "N/A",
        "Enterprise cost management": 19645,
        "Total Operating Expenses": 68531,
        "Total revenue financing activities": 88064,
        "Net profit from business activities": 221041,
        "Profit": 904,
        "Profit before tax": 221946,
        "Present corporate income tax expenses": "N/A",
        "Deferred income taxes expenses": "N/A",
        "The interests of minority shareholders": "N/A",
        "Total Cost of profits": 0,
        "Profit after tax corporate income": 221946,
        "Volume": 325234614,
        "Close of Quarter": 19.3,
        "EPS": 2752.9,
        "Non-adjusted EPS": 2693,
        "PE": 7.2,
        "Book Price": 14
      }
    },
    {
      "quarter": "Q2 2008",
      "income status": {
        "Net sales": 1059078,
        "Cost of goods sold": 729913,
        "Gross Profit": 329166,
        "Financial expenses": 106155,
        "Of which: Interest expense": 41421,
        "Cost of sales": "N/A",
        "Enterprise cost management": 17343,
        "Total Operating Expenses": 123498,
        "Total revenue financing activities": 78711,
        "Net profit from business activities": 284379,
        "Profit": 278,
        "Profit before tax": 284657,
        "Present corporate income tax expenses": "N/A",
        "Deferred income taxes expenses": "N/A",
        "The interests of minority shareholders": "N/A",
        "Total Cost of profits": 0,
        "Profit after tax corporate income": 284657,
        "Volume": 325234614,
        "Close of Quarter": 14.7,
        "EPS": 2629.2,
        "Non-adjusted EPS": 2572,
        "PE": 5.7,
        "Book Price": 13.3
      }
    },
    {
      "quarter": "Q1 2008",
      "income status": {
        "Net sales": 1073731,
        "Cost of goods sold": 728914,
        "Gross Profit": 344818,
        "Financial expenses": 57641,
        "Of which: Interest expense": 44411,
        "Cost of sales": "N/A",
        "Enterprise cost management": 11734,
        "Total Operating Expenses": 69375,
        "Total revenue financing activities": 10915,
        "Net profit from business activities": 286358,
        "Profit": 380,
        "Profit before tax": 286738,
        "Present corporate income tax expenses": "N/A",
        "Deferred income taxes expenses": "N/A",
        "The interests of minority shareholders": "N/A",
        "Total Cost of profits": 0,
        "Profit after tax corporate income": 286738,
        "Volume": 325234614,
        "Close of Quarter": 21.6,
        "EPS": 2598.6,
        "Non-adjusted EPS": 2542,
        "PE": 8.5,
        "Book Price": 12.4
      }
    },
    {
      "quarter": "Q4 2007",
      "income status": {
        "Net sales": 851263,
        "Cost of goods sold": 620853,
        "Gross Profit": 230409,
        "Financial expenses": 275878,
        "Of which: Interest expense": 37675,
        "Cost of sales": "N/A",
        "Enterprise cost management": 15934,
        "Total Operating Expenses": 291812,
        "Total revenue financing activities": 96283,
        "Net profit from business activities": 34881,
        "Profit": 980,
        "Profit before tax": 35861,
        "Present corporate income tax expenses": "N/A",
        "Deferred income taxes expenses": -46532,
        "The interests of minority shareholders": "N/A",
        "Total Cost of profits": -46532,
        "Profit after tax corporate income": 82392,
        "Volume": 325234614,
        "Close of Quarter": 34,
        "EPS": 2601.6,
        "Non-adjusted EPS": 2545,
        "PE": 13.4,
        "Book Price": 12.1
      }
    },
    {
      "quarter": "Q3 2007",
      "income status": {
        "Net sales": 906246,
        "Cost of goods sold": 680702,
        "Gross Profit": 225544,
        "Financial expenses": 44483,
        "Of which: Interest expense": 42693,
        "Cost of sales": "N/A",
        "Enterprise cost management": 11565,
        "Total Operating Expenses": 56048,
        "Total revenue financing activities": 9991,
        "Net profit from business activities": 179487,
        "Profit": 3147,
        "Profit before tax": 182634,
        "Present corporate income tax expenses": "N/A",
        "Deferred income taxes expenses": "N/A",
        "The interests of minority shareholders": "N/A",
        "Total Cost of profits": 0,
        "Profit after tax corporate income": 182634,
        "Volume": 326234614,
        "Close of Quarter": 36.6,
        "EPS": 3092.6,
        "Non-adjusted EPS": 3016,
        "PE": 12.1,
        "Book Price": 12.9
      }
    },
    {
      "quarter": "Q2 2007",
      "income status": {
        "Net sales": 1014996,
        "Cost of goods sold": 698670,
        "Gross Profit": 316326,
        "Financial expenses": 44286,
        "Of which: Interest expense": 43500,
        "Cost of sales": "N/A",
        "Enterprise cost management": 14678,
        "Total Operating Expenses": 58964,
        "Total revenue financing activities": 16869,
        "Net profit from business activities": 274231,
        "Profit": 789,
        "Profit before tax": 275020,
        "Present corporate income tax expenses": "N/A",
        "Deferred income taxes expenses": "N/A",
        "The interests of minority shareholders": "N/A",
        "Total Cost of profits": 0,
        "Profit after tax corporate income": 275020,
        "Volume": 310700000,
        "Close of Quarter": 36.0,
        "EPS": 3249.1,
        "Non-adjusted EPS": 3327,
        "PE": 10.8,
        "Book Price": 12.4
      }
    },
    {
      "quarter": "Q1 2007",
      "income status": {
        "Net sales": 1034563,
        "Cost of goods sold": 692532,
        "Gross Profit": 342031,
        "Financial expenses": 44374,
        "Of which: Interest expense": 43444,
        "Cost of sales": "N/A",
        "Enterprise cost management": 15796,
        "Total Operating Expenses": 60170,
        "Total revenue financing activities": 5299,
        "Net profit from business activities": 287160,
        "Profit": 598,
        "Profit before tax": 287758,
        "Present corporate income tax expenses": "N/A",
        "Deferred income taxes expenses": "N/A",
        "The interests of minority shareholders": "N/A",
        "Total Cost of profits": 0,
        "Profit after tax corporate income": 287758,
        "Volume": 310700000,
        "Close of Quarter": 39.9,
        "EPS": 3346.7,
        "Non-adjusted EPS": 3427,
        "PE": 11.6,
        "Book Price": 12.6
      }
    },
    {
      "quarter": "Q4 2006",
      "income status": {
        "Net sales": 961207,
        "Cost of goods sold": 604567,
        "Gross Profit": 356640,
        "Financial expenses": 61394,
        "Of which: Interest expense": 39527,
        "Cost of sales": "N/A",
        "Enterprise cost management": 80575,
        "Total Operating Expenses": 141969,
        "Total revenue financing activities": 9427,
        "Net profit from business activities": 224097,
        "Profit": 509,
        "Profit before tax": 224607,
        "Present corporate income tax expenses": "N/A",
        "Deferred income taxes expenses": -13908,
        "The interests of minority shareholders": "N/A",
        "Total Cost of profits": -13908,
        "Profit after tax corporate income": 238515,
        "Volume": 310700000,
        "Close of Quarter": 24.2,
        "EPS": 3078.2,
        "Non-adjusted EPS": 3152,
        "PE": 7.7,
        "Book Price": 11.6
      }
    },
    {
      "quarter": "Q3 2006",
      "income status": {
        "Net sales": 904742,
        "Cost of goods sold": 611426,
        "Gross Profit": 293316,
        "Financial expenses": 52084,
        "Of which: Interest expense": 52084,
        "Cost of sales": "N/A",
        "Enterprise cost management": 10934,
        "Total Operating Expenses": 63018,
        "Total revenue financing activities": 1544,
        "Net profit from business activities": 231842,
        "Profit": 589,
        "Profit before tax": 232431,
        "Present corporate income tax expenses": "N/A",
        "Deferred income taxes expenses": "N/A",
        "The interests of minority shareholders": "N/A",
        "Total Cost of profits": 0,
        "Profit after tax corporate income": 232431,
        "Volume": 310700000,
        "Close of Quarter": 15.0,
        "EPS": 2328.1,
        "Non-adjusted EPS": 2384,
        "PE": 6.3,
        "Book Price": 12.6
      }
    },
    {
      "quarter": "Q2 2006",
      "income status": {
        "Net sales": 1019713,
        "Cost of goods sold": 654549,
        "Gross Profit": 365164,
        "Financial expenses": 45000,
        "Of which: Interest expense": 45000,
        "Cost of sales": "N/A",
        "Enterprise cost management": 15094,
        "Total Operating Expenses": 60094,
        "Total revenue financing activities": 488,
        "Net profit from business activities": 305558,
        "Profit": 417,
        "Profit before tax": 305975,
        "Present corporate income tax expenses": "N/A",
        "Deferred income taxes expenses": "N/A",
        "The interests of minority shareholders": "N/A",
        "Total Cost of profits": 0,
        "Profit after tax corporate income": 305975,
        "Volume": 310700000,
        "Close of Quarter": 14.1,
        "EPS": 1597.7,
        "Non-adjusted EPS": 1636,
        "PE": 8.6,
        "Book Price": 13.6
      }
    },
    {
      "quarter": "Q1 2006",
      "income status": {
        "Net sales": 721411,
        "Cost of goods sold": 476970,
        "Gross Profit": 244441,
        "Financial expenses": 30691,
        "Of which: Interest expense": 30691,
        "Cost of sales": "N/A",
        "Enterprise cost management": 11955,
        "Total Operating Expenses": 42646,
        "Total revenue financing activities": 261,
        "Net profit from business activities": 202056,
        "Profit": 363,
        "Profit before tax": 202419,
        "Present corporate income tax expenses": "N/A",
        "Deferred income taxes expenses": "N/A",
        "The interests of minority shareholders": "N/A",
        "Total Cost of profits": 0,
        "Profit after tax corporate income": 202419,
        "Volume": 310700000,
        "Close of Quarter": "N/A",
        "EPS": 635.8,
        "Non-adjusted EPS": 651,
        "PE": "N/A",
        "Book Price": 12.6
      }
    }
  ]
}