{
  "ticker": "SD8",
  "data": [
    {
      "quarter": "Q1 2014",
      "income status": {
        "Net sales": 10874,
        "Cost of goods sold": 12891,
        "Gross Profit": -2017,
        "Financial expenses": 1758,
        "Of which: Interest expense": 1758,
        "Cost of sales": "N/A",
        "Enterprise cost management": 857,
        "Total Operating Expenses": 2615,
        "Total revenue financing activities": 3,
        "Net profit from business activities": -4629,
        "Profit": 3036,
        "Profit before tax": -1593,
        "Present corporate income tax expenses": "N/A",
        "Deferred income taxes expenses": "N/A",
        "The interests of minority shareholders": 63,
        "Total Cost of profits": 63,
        "Profit after tax corporate income": -1656,
        "Volume": 2800000,
        "Close of Quarter": 0.7,
        "EPS": -9837,
        "Non-adjusted EPS": -9837,
        "PE": -0.1,
        "Book Price": -10.6
      }
    },
    {
      "quarter": "Q1 2013",
      "income status": {
        "Net sales": 11015,
        "Cost of goods sold": 10888,
        "Gross Profit": 127,
        "Financial expenses": 6127,
        "Of which: Interest expense": 6127,
        "Cost of sales": "N/A",
        "Enterprise cost management": 1431,
        "Total Operating Expenses": 7558,
        "Total revenue financing activities": 6,
        "Net profit from business activities": -7425,
        "Profit": 1221,
        "Profit before tax": -6204,
        "Present corporate income tax expenses": "N/A",
        "Deferred income taxes expenses": "N/A",
        "The interests of minority shareholders": -346,
        "Total Cost of profits": -346,
        "Profit after tax corporate income": -5858,
        "Volume": 2800000,
        "Close of Quarter": 1.3,
        "EPS": -14450,
        "Non-adjusted EPS": -14450,
        "PE": -0.1,
        "Book Price": "N/A"
      }
    },
    {
      "quarter": "Q4 2012",
      "income status": {
        "Net sales": 6879,
        "Cost of goods sold": 11049,
        "Gross Profit": -4170,
        "Financial expenses": 3764,
        "Of which: Interest expense": 3688,
        "Cost of sales": "N/A",
        "Enterprise cost management": 3571,
        "Total Operating Expenses": 7335,
        "Total revenue financing activities": 20,
        "Net profit from business activities": -11485,
        "Profit": "N/A",
        "Profit before tax": -11485,
        "Present corporate income tax expenses": "N/A",
        "Deferred income taxes expenses": "N/A",
        "The interests of minority shareholders": -22,
        "Total Cost of profits": -22,
        "Profit after tax corporate income": -11463,
        "Volume": 2800000,
        "Close of Quarter": 1.8,
        "EPS": -12252,
        "Non-adjusted EPS": -12252,
        "PE": -0.2,
        "Book Price": -3.3
      }
    },
    {
      "quarter": "Q3 2012",
      "income status": {
        "Net sales": 33623,
        "Cost of goods sold": 38181,
        "Gross Profit": -4558,
        "Financial expenses": 4117,
        "Of which: Interest expense": 4117,
        "Cost of sales": "N/A",
        "Enterprise cost management": 2114,
        "Total Operating Expenses": 6231,
        "Total revenue financing activities": 2,
        "Net profit from business activities": -10787,
        "Profit": 1755,
        "Profit before tax": -9033,
        "Present corporate income tax expenses": "N/A",
        "Deferred income taxes expenses": "N/A",
        "The interests of minority shareholders": -467,
        "Total Cost of profits": -467,
        "Profit after tax corporate income": -8566,
        "Volume": 2800000,
        "Close of Quarter": 1.8,
        "EPS": -8606,
        "Non-adjusted EPS": -8606,
        "PE": -0.2,
        "Book Price": 0.8
      }
    },
    {
      "quarter": "Q2 2012",
      "income status": {
        "Net sales": 78372,
        "Cost of goods sold": 83864,
        "Gross Profit": -5492,
        "Financial expenses": 5457,
        "Of which: Interest expense": 5149,
        "Cost of sales": 45,
        "Enterprise cost management": 4486,
        "Total Operating Expenses": 9988,
        "Total revenue financing activities": 6,
        "Net profit from business activities": -15474,
        "Profit": -94,
        "Profit before tax": -15568,
        "Present corporate income tax expenses": "N/A",
        "Deferred income taxes expenses": "N/A",
        "The interests of minority shareholders": -996,
        "Total Cost of profits": -996,
        "Profit after tax corporate income": -14572,
        "Volume": 2800000,
        "Close of Quarter": 4.1,
        "EPS": -5150,
        "Non-adjusted EPS": -5150,
        "PE": -0.8,
        "Book Price": 5
      }
    },
    {
      "quarter": "Q1 2012",
      "income status": {
        "Net sales": 73522,
        "Cost of goods sold": 64220,
        "Gross Profit": 9302,
        "Financial expenses": 4800,
        "Of which: Interest expense": 4800,
        "Cost of sales": 33,
        "Enterprise cost management": 4836,
        "Total Operating Expenses": 9669,
        "Total revenue financing activities": 8,
        "Net profit from business activities": -358,
        "Profit": 702,
        "Profit before tax": 344,
        "Present corporate income tax expenses": "N/A",
        "Deferred income taxes expenses": "N/A",
        "The interests of minority shareholders": 49,
        "Total Cost of profits": 49,
        "Profit after tax corporate income": 295,
        "Volume": 2800000,
        "Close of Quarter": 5,
        "EPS": 157,
        "Non-adjusted EPS": 157,
        "PE": 31.9,
        "Book Price": 9.2
      }
    },
    {
      "quarter": "Q4 2011",
      "income status": {
        "Net sales": 86062,
        "Cost of goods sold": 75473,
        "Gross Profit": 10589,
        "Financial expenses": 5478,
        "Of which: Interest expense": 5462,
        "Cost of sales": 174,
        "Enterprise cost management": 6161,
        "Total Operating Expenses": 11813,
        "Total revenue financing activities": 29,
        "Net profit from business activities": -1195,
        "Profit": "N/A",
        "Profit before tax": -1195,
        "Present corporate income tax expenses": 52,
        "Deferred income taxes expenses": "N/A",
        "The interests of minority shareholders": 8,
        "Total Cost of profits": 60,
        "Profit after tax corporate income": -1255,
        "Volume": 2800000,
        "Close of Quarter": 2.3,
        "EPS": 163,
        "Non-adjusted EPS": 163,
        "PE": 14.1,
        "Book Price": 9.2
      }
    },
    {
      "quarter": "Q3 2011",
      "income status": {
        "Net sales": 61186,
        "Cost of goods sold": 47736,
        "Gross Profit": 13450,
        "Financial expenses": 6816,
        "Of which: Interest expense": 6816,
        "Cost of sales": 187,
        "Enterprise cost management": 5266,
        "Total Operating Expenses": 12269,
        "Total revenue financing activities": 16,
        "Net profit from business activities": 1197,
        "Profit": 30,
        "Profit before tax": 1227,
        "Present corporate income tax expenses": "N/A",
        "Deferred income taxes expenses": "N/A",
        "The interests of minority shareholders": 116,
        "Total Cost of profits": 116,
        "Profit after tax corporate income": 1111,
        "Volume": 2800000,
        "Close of Quarter": 5.6,
        "EPS": 961,
        "Non-adjusted EPS": 961,
        "PE": 5.8,
        "Book Price": 9.6
      }
    },
    {
      "quarter": "Q2 2011",
      "income status": {
        "Net sales": 106536,
        "Cost of goods sold": 95902,
        "Gross Profit": 10634,
        "Financial expenses": 6321,
        "Of which: Interest expense": 6226,
        "Cost of sales": 92,
        "Enterprise cost management": 4498,
        "Total Operating Expenses": 10911,
        "Total revenue financing activities": 18,
        "Net profit from business activities": -259,
        "Profit": 769,
        "Profit before tax": 511,
        "Present corporate income tax expenses": "N/A",
        "Deferred income taxes expenses": "N/A",
        "The interests of minority shareholders": 223,
        "Total Cost of profits": 223,
        "Profit after tax corporate income": 288,
        "Volume": 2800000,
        "Close of Quarter": 5.3,
        "EPS": 823,
        "Non-adjusted EPS": 823,
        "PE": 6.4,
        "Book Price": 9.2
      }
    },
    {
      "quarter": "Q1 2011",
      "income status": {
        "Net sales": 88552,
        "Cost of goods sold": 78066,
        "Gross Profit": 10486,
        "Financial expenses": 4493,
        "Of which: Interest expense": 4473,
        "Cost of sales": 47,
        "Enterprise cost management": 5658,
        "Total Operating Expenses": 10198,
        "Total revenue financing activities": 15,
        "Net profit from business activities": 303,
        "Profit": 90,
        "Profit before tax": 393,
        "Present corporate income tax expenses": "N/A",
        "Deferred income taxes expenses": "N/A",
        "The interests of minority shareholders": 82,
        "Total Cost of profits": 82,
        "Profit after tax corporate income": 311,
        "Volume": 2800000,
        "Close of Quarter": 8.6,
        "EPS": 834,
        "Non-adjusted EPS": 834,
        "PE": 10.3,
        "Book Price": 9.1
      }
    },
    {
      "quarter": "Q4 2010",
      "income status": {
        "Net sales": 92641,
        "Cost of goods sold": 94443,
        "Gross Profit": -1802,
        "Financial expenses": 4345,
        "Of which: Interest expense": 4244,
        "Cost of sales": 207,
        "Enterprise cost management": 5852,
        "Total Operating Expenses": 10404,
        "Total revenue financing activities": 68,
        "Net profit from business activities": -12137,
        "Profit": 13360,
        "Profit before tax": 1223,
        "Present corporate income tax expenses": 91,
        "Deferred income taxes expenses": "N/A",
        "The interests of minority shareholders": 151,
        "Total Cost of profits": 242,
        "Profit after tax corporate income": 981,
        "Volume": 2800000,
        "Close of Quarter": 13.3,
        "EPS": 767,
        "Non-adjusted EPS": 767,
        "PE": 17.3,
        "Book Price": 9.1
      }
    },
    {
      "quarter": "Q3 2010",
      "income status": {
        "Net sales": 82535,
        "Cost of goods sold": 70976,
        "Gross Profit": 11559,
        "Financial expenses": 3119,
        "Of which: Interest expense": 3076,
        "Cost of sales": 233,
        "Enterprise cost management": 7728,
        "Total Operating Expenses": 11080,
        "Total revenue financing activities": 383,
        "Net profit from business activities": 862,
        "Profit": 142,
        "Profit before tax": 1003,
        "Present corporate income tax expenses": "N/A",
        "Deferred income taxes expenses": "N/A",
        "The interests of minority shareholders": 279,
        "Total Cost of profits": 279,
        "Profit after tax corporate income": 724,
        "Volume": 2800000,
        "Close of Quarter": 16,
        "EPS": -2114,
        "Non-adjusted EPS": -2114,
        "PE": -7.6,
        "Book Price": 8.7
      }
    },
    {
      "quarter": "Q2 2010",
      "income status": {
        "Net sales": 91418,
        "Cost of goods sold": 86667,
        "Gross Profit": 4751,
        "Financial expenses": 689,
        "Of which: Interest expense": 605,
        "Cost of sales": 218,
        "Enterprise cost management": 3808,
        "Total Operating Expenses": 4715,
        "Total revenue financing activities": 347,
        "Net profit from business activities": 383,
        "Profit": "N/A",
        "Profit before tax": 383,
        "Present corporate income tax expenses": "N/A",
        "Deferred income taxes expenses": "N/A",
        "The interests of minority shareholders": 64,
        "Total Cost of profits": 64,
        "Profit after tax corporate income": 319,
        "Volume": 2800000,
        "Close of Quarter": 22,
        "EPS": -2303,
        "Non-adjusted EPS": -2303,
        "PE": -9.6,
        "Book Price": 8.5
      }
    },
    {
      "quarter": "Q1 2010",
      "income status": {
        "Net sales": 54077,
        "Cost of goods sold": 46732,
        "Gross Profit": 7345,
        "Financial expenses": 3923,
        "Of which: Interest expense": 3883,
        "Cost of sales": 142,
        "Enterprise cost management": 4239,
        "Total Operating Expenses": 8304,
        "Total revenue financing activities": 158,
        "Net profit from business activities": -801,
        "Profit": 1033,
        "Profit before tax": 232,
        "Present corporate income tax expenses": "N/A",
        "Deferred income taxes expenses": "N/A",
        "The interests of minority shareholders": 108,
        "Total Cost of profits": 108,
        "Profit after tax corporate income": 124,
        "Volume": 2800000,
        "Close of Quarter": 21.2,
        "EPS": -2325,
        "Non-adjusted EPS": -2325,
        "PE": -9.1,
        "Book Price": 8.4
      }
    },
    {
      "quarter": "Q4 2009",
      "income status": {
        "Net sales": 57218,
        "Cost of goods sold": 53420,
        "Gross Profit": 3798,
        "Financial expenses": 5723,
        "Of which: Interest expense": 5841,
        "Cost of sales": 216,
        "Enterprise cost management": 5047,
        "Total Operating Expenses": 10986,
        "Total revenue financing activities": 177,
        "Net profit from business activities": -7011,
        "Profit": 5,
        "Profit before tax": -7006,
        "Present corporate income tax expenses": "N/A",
        "Deferred income taxes expenses": "N/A",
        "The interests of minority shareholders": 81,
        "Total Cost of profits": 81,
        "Profit after tax corporate income": -7087,
        "Volume": 2800000,
        "Close of Quarter": 26,
        "EPS": -2906,
        "Non-adjusted EPS": -2906,
        "PE": -9.0,
        "Book Price": 8.3
      }
    },
    {
      "quarter": "Q3 2009",
      "income status": {
        "Net sales": 23443,
        "Cost of goods sold": 18866,
        "Gross Profit": 4577,
        "Financial expenses": 1013,
        "Of which: Interest expense": "N/A",
        "Cost of sales": 197,
        "Enterprise cost management": 3419,
        "Total Operating Expenses": 4629,
        "Total revenue financing activities": 484,
        "Net profit from business activities": 432,
        "Profit": -129,
        "Profit before tax": 303,
        "Present corporate income tax expenses": "N/A",
        "Deferred income taxes expenses": "N/A",
        "The interests of minority shareholders": 106,
        "Total Cost of profits": 106,
        "Profit after tax corporate income": 197,
        "Volume": 2800000,
        "Close of Quarter": 25,
        "EPS": 258,
        "Non-adjusted EPS": 258,
        "PE": 96.9,
        "Book Price": 11.1
      }
    },
    {
      "quarter": "Q2 2009",
      "income status": {
        "Net sales": 44056,
        "Cost of goods sold": 36019,
        "Gross Profit": 8037,
        "Financial expenses": 3143,
        "Of which: Interest expense": "N/A",
        "Cost of sales": 217,
        "Enterprise cost management": 4614,
        "Total Operating Expenses": 7974,
        "Total revenue financing activities": 248,
        "Net profit from business activities": 311,
        "Profit": 52,
        "Profit before tax": 363,
        "Present corporate income tax expenses": "N/A",
        "Deferred income taxes expenses": "N/A",
        "The interests of minority shareholders": 108,
        "Total Cost of profits": 108,
        "Profit after tax corporate income": 255,
        "Volume": 2800000,
        "Close of Quarter": 12.3,
        "EPS": 187,
        "Non-adjusted EPS": 187,
        "PE": 65.6,
        "Book Price": 11.1
      }
    },
    {
      "quarter": "Q1 2009",
      "income status": {
        "Net sales": 14985,
        "Cost of goods sold": 11866,
        "Gross Profit": 3119,
        "Financial expenses": 2467,
        "Of which: Interest expense": "N/A",
        "Cost of sales": 274,
        "Enterprise cost management": 1973,
        "Total Operating Expenses": 4714,
        "Total revenue financing activities": 61,
        "Net profit from business activities": -1532,
        "Profit": 214,
        "Profit before tax": -1319,
        "Present corporate income tax expenses": "N/A",
        "Deferred income taxes expenses": "N/A",
        "The interests of minority shareholders": 183,
        "Total Cost of profits": 183,
        "Profit after tax corporate income": -1502,
        "Volume": 2800000,
        "Close of Quarter": 9.5,
        "EPS": 96,
        "Non-adjusted EPS": 96,
        "PE": 99.2,
        "Book Price": 11.8
      }
    },
    {
      "quarter": "Q4 2008",
      "income status": {
        "Net sales": 40090,
        "Cost of goods sold": 33063,
        "Gross Profit": 7026,
        "Financial expenses": -468,
        "Of which: Interest expense": "N/A",
        "Cost of sales": 425,
        "Enterprise cost management": 5379,
        "Total Operating Expenses": 5336,
        "Total revenue financing activities": 26,
        "Net profit from business activities": 1716,
        "Profit": 398,
        "Profit before tax": 2114,
        "Present corporate income tax expenses": 277,
        "Deferred income taxes expenses": "N/A",
        "The interests of minority shareholders": 67,
        "Total Cost of profits": 344,
        "Profit after tax corporate income": 1771,
        "Volume": 2800000,
        "Close of Quarter": 10.1,
        "EPS": 633,
        "Non-adjusted EPS": 633,
        "PE": 15.9,
        "Book Price": 12.4
      }
    }
  ]
}