{
  "ticker": "SDA",
  "data": [
    {
      "quarter": "Q1 2017",
      "income status": {
        "Net sales": 9391,
        "Cost of goods sold": 4804,
        "Gross Profit": 4587,
        "Financial expenses": 61,
        "Of which: Interest expense": 60,
        "Cost of sales": "N/A",
        "Enterprise cost management": 2534,
        "Total Operating Expenses": 2595,
        "Total revenue financing activities": 172,
        "Net profit from business activities": 2163,
        "Profit": -1,
        "Profit before tax": 2162,
        "Present corporate income tax expenses": 439,
        "Deferred income taxes expenses": "N/A",
        "The interests of minority shareholders": "N/A",
        "Total Cost of profits": 439,
        "Profit after tax corporate income": 1723,
        "Volume": 26205990,
        "Close of Quarter": 3.1,
        "EPS": -1239,
        "Non-adjusted EPS": -1239,
        "PE": -2.5,
        "Book Price": 9.3
      }
    },
    {
      "quarter": "Q4 2016",
      "income status": {
        "Net sales": 11826,
        "Cost of goods sold": 31535,
        "Gross Profit": -19709,
        "Financial expenses": 83,
        "Of which: Interest expense": 104,
        "Cost of sales": "N/A",
        "Enterprise cost management": 64718,
        "Total Operating Expenses": 64801,
        "Total revenue financing activities": -12765,
        "Net profit from business activities": -97275,
        "Profit": 2056,
        "Profit before tax": -95219,
        "Present corporate income tax expenses": -12365,
        "Deferred income taxes expenses": "N/A",
        "The interests of minority shareholders": "N/A",
        "Total Cost of profits": -12365,
        "Profit after tax corporate income": -82854,
        "Volume": 26205990,
        "Close of Quarter": 4,
        "EPS": -1251,
        "Non-adjusted EPS": -1251,
        "PE": -3.2,
        "Book Price": 9.6
      }
    },
    {
      "quarter": "Q3 2016",
      "income status": {
        "Net sales": 8725,
        "Cost of goods sold": 5385,
        "Gross Profit": 3340,
        "Financial expenses": 91,
        "Of which: Interest expense": 62,
        "Cost of sales": "N/A",
        "Enterprise cost management": 3105,
        "Total Operating Expenses": 3196,
        "Total revenue financing activities": 14178,
        "Net profit from business activities": 13986,
        "Profit": -217,
        "Profit before tax": 13769,
        "Present corporate income tax expenses": 2822,
        "Deferred income taxes expenses": "N/A",
        "The interests of minority shareholders": "N/A",
        "Total Cost of profits": 2822,
        "Profit after tax corporate income": 10947,
        "Volume": 26205990,
        "Close of Quarter": 6.8,
        "EPS": 1770,
        "Non-adjusted EPS": 1770,
        "PE": 3.8,
        "Book Price": 12.7
      }
    },
    {
      "quarter": "Q2 2016",
      "income status": {
        "Net sales": 8970,
        "Cost of goods sold": 4505,
        "Gross Profit": 4465,
        "Financial expenses": 207,
        "Of which: Interest expense": -17,
        "Cost of sales": "N/A",
        "Enterprise cost management": 7771,
        "Total Operating Expenses": 7978,
        "Total revenue financing activities": 50412,
        "Net profit from business activities": 46945,
        "Profit": 218,
        "Profit before tax": 47163,
        "Present corporate income tax expenses": 9408,
        "Deferred income taxes expenses": 46,
        "The interests of minority shareholders": "N/A",
        "Total Cost of profits": 9454,
        "Profit after tax corporate income": 37708,
        "Volume": 26205990,
        "Close of Quarter": 7.9,
        "EPS": 1693,
        "Non-adjusted EPS": 1693,
        "PE": 4.7,
        "Book Price": 12.3
      }
    },
    {
      "quarter": "Q1 2016",
      "income status": {
        "Net sales": 7489,
        "Cost of goods sold": 3758,
        "Gross Profit": 3730,
        "Financial expenses": 2398,
        "Of which: Interest expense": 2398,
        "Cost of sales": "N/A",
        "Enterprise cost management": 2751,
        "Total Operating Expenses": 5149,
        "Total revenue financing activities": 1231,
        "Net profit from business activities": -189,
        "Profit": 1946,
        "Profit before tax": 1757,
        "Present corporate income tax expenses": 351,
        "Deferred income taxes expenses": "N/A",
        "The interests of minority shareholders": "N/A",
        "Total Cost of profits": 351,
        "Profit after tax corporate income": 1406,
        "Volume": 26205990,
        "Close of Quarter": 5.8,
        "EPS": 455,
        "Non-adjusted EPS": 455,
        "PE": 12.8,
        "Book Price": 10.8
      }
    },
    {
      "quarter": "Q4 2015",
      "income status": {
        "Net sales": 9583,
        "Cost of goods sold": 11758,
        "Gross Profit": -2175,
        "Financial expenses": 2992,
        "Of which: Interest expense": 2992,
        "Cost of sales": "N/A",
        "Enterprise cost management": 3835,
        "Total Operating Expenses": 6827,
        "Total revenue financing activities": 1469,
        "Net profit from business activities": -7532,
        "Profit": 2942,
        "Profit before tax": -4590,
        "Present corporate income tax expenses": -925,
        "Deferred income taxes expenses": "N/A",
        "The interests of minority shareholders": "N/A",
        "Total Cost of profits": -925,
        "Profit after tax corporate income": -3665,
        "Volume": 13103258,
        "Close of Quarter": 8.5,
        "EPS": 407.5,
        "Non-adjusted EPS": 815,
        "PE": 10.4,
        "Book Price": 10.6
      }
    },
    {
      "quarter": "Q3 2015",
      "income status": {
        "Net sales": 145341,
        "Cost of goods sold": 140064,
        "Gross Profit": 5278,
        "Financial expenses": 3732,
        "Of which: Interest expense": 3120,
        "Cost of sales": "N/A",
        "Enterprise cost management": 3413,
        "Total Operating Expenses": 7145,
        "Total revenue financing activities": 13695,
        "Net profit from business activities": 12083,
        "Profit": -624,
        "Profit before tax": 11459,
        "Present corporate income tax expenses": 2554,
        "Deferred income taxes expenses": "N/A",
        "The interests of minority shareholders": "N/A",
        "Total Cost of profits": 2554,
        "Profit after tax corporate income": 8905,
        "Volume": 13103258,
        "Close of Quarter": 8.6,
        "EPS": 547.5,
        "Non-adjusted EPS": 1095,
        "PE": 7.9,
        "Book Price": 7.4
      }
    },
    {
      "quarter": "Q2 2015",
      "income status": {
        "Net sales": 28981,
        "Cost of goods sold": 15446,
        "Gross Profit": 13536,
        "Financial expenses": 3741,
        "Of which: Interest expense": 1164,
        "Cost of sales": "N/A",
        "Enterprise cost management": 3830,
        "Total Operating Expenses": 7571,
        "Total revenue financing activities": 1703,
        "Net profit from business activities": 6911,
        "Profit": -352,
        "Profit before tax": 6559,
        "Present corporate income tax expenses": 1202,
        "Deferred income taxes expenses": 89,
        "The interests of minority shareholders": "N/A",
        "Total Cost of profits": 1291,
        "Profit after tax corporate income": 5269,
        "Volume": 13103258,
        "Close of Quarter": 7.8,
        "EPS": 229.5,
        "Non-adjusted EPS": 459,
        "PE": 17.0,
        "Book Price": 7.4
      }
    },
    {
      "quarter": "Q1 2015",
      "income status": {
        "Net sales": 6927,
        "Cost of goods sold": 4238,
        "Gross Profit": 2689,
        "Financial expenses": 281,
        "Of which: Interest expense": 281,
        "Cost of sales": "N/A",
        "Enterprise cost management": 2203,
        "Total Operating Expenses": 2484,
        "Total revenue financing activities": 3,
        "Net profit from business activities": 208,
        "Profit": 2,
        "Profit before tax": 210,
        "Present corporate income tax expenses": 46,
        "Deferred income taxes expenses": "N/A",
        "The interests of minority shareholders": "N/A",
        "Total Cost of profits": 46,
        "Profit after tax corporate income": 164,
        "Volume": 13103258,
        "Close of Quarter": 7.1,
        "EPS": 163,
        "Non-adjusted EPS": 326,
        "PE": 21.6,
        "Book Price": 7.2
      }
    },
    {
      "quarter": "Q4 2014",
      "income status": {
        "Net sales": 17936,
        "Cost of goods sold": 13101,
        "Gross Profit": 4834,
        "Financial expenses": 5866,
        "Of which: Interest expense": 1023,
        "Cost of sales": "N/A",
        "Enterprise cost management": 4185,
        "Total Operating Expenses": 10051,
        "Total revenue financing activities": 94,
        "Net profit from business activities": -5123,
        "Profit": 5254,
        "Profit before tax": 131,
        "Present corporate income tax expenses": 127,
        "Deferred income taxes expenses": "N/A",
        "The interests of minority shareholders": "N/A",
        "Total Cost of profits": 127,
        "Profit after tax corporate income": 4,
        "Volume": 13103258,
        "Close of Quarter": 5.8,
        "EPS": 200,
        "Non-adjusted EPS": 400,
        "PE": 14.5,
        "Book Price": 7.3
      }
    },
    {
      "quarter": "Q3 2014",
      "income status": {
        "Net sales": 25178,
        "Cost of goods sold": 17074,
        "Gross Profit": 8105,
        "Financial expenses": 157,
        "Of which: Interest expense": 156,
        "Cost of sales": "N/A",
        "Enterprise cost management": 7271,
        "Total Operating Expenses": 7428,
        "Total revenue financing activities": 245,
        "Net profit from business activities": 922,
        "Profit": -182,
        "Profit before tax": 740,
        "Present corporate income tax expenses": 163,
        "Deferred income taxes expenses": "N/A",
        "The interests of minority shareholders": "N/A",
        "Total Cost of profits": 163,
        "Profit after tax corporate income": 577,
        "Volume": 13103258,
        "Close of Quarter": 4.6,
        "EPS": 56.5,
        "Non-adjusted EPS": 113,
        "PE": 41.0,
        "Book Price": 7.1
      }
    },
    {
      "quarter": "Q2 2014",
      "income status": {
        "Net sales": 15284,
        "Cost of goods sold": 9944,
        "Gross Profit": 5340,
        "Financial expenses": 830,
        "Of which: Interest expense": 719,
        "Cost of sales": "N/A",
        "Enterprise cost management": 3038,
        "Total Operating Expenses": 3868,
        "Total revenue financing activities": 588,
        "Net profit from business activities": 3761,
        "Profit": 445,
        "Profit before tax": 4206,
        "Present corporate income tax expenses": 682,
        "Deferred income taxes expenses": "N/A",
        "The interests of minority shareholders": "N/A",
        "Total Cost of profits": 682,
        "Profit after tax corporate income": 3525,
        "Volume": 13103258,
        "Close of Quarter": 3.6,
        "EPS": 152,
        "Non-adjusted EPS": 304,
        "PE": 11.8,
        "Book Price": 7
      }
    },
    {
      "quarter": "Q1 2014",
      "income status": {
        "Net sales": 16500,
        "Cost of goods sold": 12004,
        "Gross Profit": 4496,
        "Financial expenses": 229,
        "Of which: Interest expense": 223,
        "Cost of sales": "N/A",
        "Enterprise cost management": 2343,
        "Total Operating Expenses": 2572,
        "Total revenue financing activities": 7,
        "Net profit from business activities": 1931,
        "Profit": -421,
        "Profit before tax": 1510,
        "Present corporate income tax expenses": 377,
        "Deferred income taxes expenses": "N/A",
        "The interests of minority shareholders": "N/A",
        "Total Cost of profits": 377,
        "Profit after tax corporate income": 1132,
        "Volume": 13103258,
        "Close of Quarter": 5.6,
        "EPS": 73,
        "Non-adjusted EPS": 146,
        "PE": 38.3,
        "Book Price": 7.6
      }
    },
    {
      "quarter": "Q4 2013",
      "income status": {
        "Net sales": 11065,
        "Cost of goods sold": 6619,
        "Gross Profit": 4446,
        "Financial expenses": 4336,
        "Of which: Interest expense": 833,
        "Cost of sales": "N/A",
        "Enterprise cost management": 4996,
        "Total Operating Expenses": 9332,
        "Total revenue financing activities": 853,
        "Net profit from business activities": -4034,
        "Profit": 146,
        "Profit before tax": -3889,
        "Present corporate income tax expenses": 343,
        "Deferred income taxes expenses": -485,
        "The interests of minority shareholders": "N/A",
        "Total Cost of profits": -142,
        "Profit after tax corporate income": -3747,
        "Volume": 13103258,
        "Close of Quarter": 4.8,
        "EPS": 104.5,
        "Non-adjusted EPS": 209,
        "PE": 22.8,
        "Book Price": 7.5
      }
    },
    {
      "quarter": "Q3 2013",
      "income status": {
        "Net sales": 32369,
        "Cost of goods sold": 21779,
        "Gross Profit": 10590,
        "Financial expenses": 4106,
        "Of which: Interest expense": 169,
        "Cost of sales": "N/A",
        "Enterprise cost management": 2495,
        "Total Operating Expenses": 6601,
        "Total revenue financing activities": 77,
        "Net profit from business activities": 4066,
        "Profit": 45,
        "Profit before tax": 4111,
        "Present corporate income tax expenses": 869,
        "Deferred income taxes expenses": 170,
        "The interests of minority shareholders": "N/A",
        "Total Cost of profits": 1039,
        "Profit after tax corporate income": 3072,
        "Volume": 13103258,
        "Close of Quarter": 2.5,
        "EPS": 379.0,
        "Non-adjusted EPS": 758,
        "PE": 3.3,
        "Book Price": 7.6
      }
    },
    {
      "quarter": "Q2 2013",
      "income status": {
        "Net sales": 19105,
        "Cost of goods sold": 13095,
        "Gross Profit": 6010,
        "Financial expenses": 739,
        "Of which: Interest expense": 898,
        "Cost of sales": "N/A",
        "Enterprise cost management": 2888,
        "Total Operating Expenses": 3627,
        "Total revenue financing activities": 837,
        "Net profit from business activities": 3220,
        "Profit": 9,
        "Profit before tax": 2315,
        "Present corporate income tax expenses": 537,
        "Deferred income taxes expenses": 315,
        "The interests of minority shareholders": "N/A",
        "Total Cost of profits": 852,
        "Profit after tax corporate income": 1462,
        "Volume": 13103258,
        "Close of Quarter": 2.6,
        "EPS": 150,
        "Non-adjusted EPS": 300,
        "PE": 8.8,
        "Book Price": 7.5
      }
    },
    {
      "quarter": "Q1 2013",
      "income status": {
        "Net sales": 32639,
        "Cost of goods sold": 28421,
        "Gross Profit": 4218,
        "Financial expenses": 562,
        "Of which: Interest expense": 562,
        "Cost of sales": "N/A",
        "Enterprise cost management": 1937,
        "Total Operating Expenses": 2499,
        "Total revenue financing activities": 882,
        "Net profit from business activities": 2600,
        "Profit": 10,
        "Profit before tax": 2610,
        "Present corporate income tax expenses": 652,
        "Deferred income taxes expenses": "N/A",
        "The interests of minority shareholders": "N/A",
        "Total Cost of profits": 652,
        "Profit after tax corporate income": 1957,
        "Volume": 13103258,
        "Close of Quarter": 2.6,
        "EPS": 99,
        "Non-adjusted EPS": 198,
        "PE": 13.3,
        "Book Price": 7.3
      }
    },
    {
      "quarter": "Q4 2012",
      "income status": {
        "Net sales": 8144,
        "Cost of goods sold": 1472,
        "Gross Profit": 6672,
        "Financial expenses": 7889,
        "Of which: Interest expense": 7889,
        "Cost of sales": "N/A",
        "Enterprise cost management": 5634,
        "Total Operating Expenses": 13523,
        "Total revenue financing activities": 2064,
        "Net profit from business activities": -4787,
        "Profit": 8442,
        "Profit before tax": 3655,
        "Present corporate income tax expenses": 216,
        "Deferred income taxes expenses": "N/A",
        "The interests of minority shareholders": "N/A",
        "Total Cost of profits": 216,
        "Profit after tax corporate income": 3438,
        "Volume": 13103258,
        "Close of Quarter": 3.1,
        "EPS": 25,
        "Non-adjusted EPS": 50,
        "PE": 61.8,
        "Book Price": 7.3
      }
    },
    {
      "quarter": "Q3 2012",
      "income status": {
        "Net sales": 26786,
        "Cost of goods sold": 27167,
        "Gross Profit": -381,
        "Financial expenses": 160,
        "Of which: Interest expense": 160,
        "Cost of sales": "N/A",
        "Enterprise cost management": 2551,
        "Total Operating Expenses": 2711,
        "Total revenue financing activities": 114,
        "Net profit from business activities": -2978,
        "Profit": 2,
        "Profit before tax": -2976,
        "Present corporate income tax expenses": -47,
        "Deferred income taxes expenses": "N/A",
        "The interests of minority shareholders": "N/A",
        "Total Cost of profits": -47,
        "Profit after tax corporate income": -2929,
        "Volume": 13103258,
        "Close of Quarter": 3.3,
        "EPS": 159,
        "Non-adjusted EPS": 318,
        "PE": 10.3,
        "Book Price": 7.2
      }
    },
    {
      "quarter": "Q2 2012",
      "income status": {
        "Net sales": 13986,
        "Cost of goods sold": 9115,
        "Gross Profit": 4872,
        "Financial expenses": 210,
        "Of which: Interest expense": 296,
        "Cost of sales": "N/A",
        "Enterprise cost management": 5298,
        "Total Operating Expenses": 5508,
        "Total revenue financing activities": 791,
        "Net profit from business activities": 155,
        "Profit": 7,
        "Profit before tax": 162,
        "Present corporate income tax expenses": 41,
        "Deferred income taxes expenses": "N/A",
        "The interests of minority shareholders": "N/A",
        "Total Cost of profits": 41,
        "Profit after tax corporate income": 122,
        "Volume": 13103258,
        "Close of Quarter": 5.0,
        "EPS": 315.0,
        "Non-adjusted EPS": 630,
        "PE": 8.0,
        "Book Price": 7.3
      }
    },
    {
      "quarter": "Q1 2012",
      "income status": {
        "Net sales": 14870,
        "Cost of goods sold": 14304,
        "Gross Profit": 566,
        "Financial expenses": 116,
        "Of which: Interest expense": 116,
        "Cost of sales": "N/A",
        "Enterprise cost management": 1327,
        "Total Operating Expenses": 1443,
        "Total revenue financing activities": 915,
        "Net profit from business activities": 39,
        "Profit": -14,
        "Profit before tax": 25,
        "Present corporate income tax expenses": 6,
        "Deferred income taxes expenses": "N/A",
        "The interests of minority shareholders": "N/A",
        "Total Cost of profits": 6,
        "Profit after tax corporate income": 19,
        "Volume": 13103258,
        "Close of Quarter": 5.0,
        "EPS": 352.5,
        "Non-adjusted EPS": 705,
        "PE": 7.0,
        "Book Price": 7.3
      }
    },
    {
      "quarter": "Q4 2011",
      "income status": {
        "Net sales": 29070,
        "Cost of goods sold": 13114,
        "Gross Profit": 15956,
        "Financial expenses": 1323,
        "Of which: Interest expense": 1323,
        "Cost of sales": "N/A",
        "Enterprise cost management": 9030,
        "Total Operating Expenses": 10353,
        "Total revenue financing activities": 1755,
        "Net profit from business activities": 7358,
        "Profit": 1923,
        "Profit before tax": 9281,
        "Present corporate income tax expenses": 2320,
        "Deferred income taxes expenses": "N/A",
        "The interests of minority shareholders": "N/A",
        "Total Cost of profits": 2320,
        "Profit after tax corporate income": 6961,
        "Volume": 13103258,
        "Close of Quarter": 3.4,
        "EPS": 387.0,
        "Non-adjusted EPS": 774,
        "PE": 4.4,
        "Book Price": 7.3
      }
    },
    {
      "quarter": "Q3 2011",
      "income status": {
        "Net sales": 12968,
        "Cost of goods sold": 11040,
        "Gross Profit": 1927,
        "Financial expenses": 533,
        "Of which: Interest expense": 533,
        "Cost of sales": "N/A",
        "Enterprise cost management": 874,
        "Total Operating Expenses": 1407,
        "Total revenue financing activities": 1036,
        "Net profit from business activities": 1557,
        "Profit": -29,
        "Profit before tax": 1528,
        "Present corporate income tax expenses": 381,
        "Deferred income taxes expenses": "N/A",
        "The interests of minority shareholders": "N/A",
        "Total Cost of profits": 381,
        "Profit after tax corporate income": 1147,
        "Volume": 10919721,
        "Close of Quarter": 5.5,
        "EPS": 832.5,
        "Non-adjusted EPS": 1998,
        "PE": 2.8,
        "Book Price": 7.1
      }
    },
    {
      "quarter": "Q2 2011",
      "income status": {
        "Net sales": 22181,
        "Cost of goods sold": 16551,
        "Gross Profit": 5630,
        "Financial expenses": "N/A",
        "Of which: Interest expense": "N/A",
        "Cost of sales": "N/A",
        "Enterprise cost management": 4803,
        "Total Operating Expenses": 4803,
        "Total revenue financing activities": 633,
        "Net profit from business activities": 1459,
        "Profit": 17,
        "Profit before tax": 1476,
        "Present corporate income tax expenses": 369,
        "Deferred income taxes expenses": "N/A",
        "The interests of minority shareholders": "N/A",
        "Total Cost of profits": 369,
        "Profit after tax corporate income": 1107,
        "Volume": 10919721,
        "Close of Quarter": 5.3,
        "EPS": 893.8,
        "Non-adjusted EPS": 2145,
        "PE": 2.5,
        "Book Price": 7.0
      }
    },
    {
      "quarter": "Q1 2011",
      "income status": {
        "Net sales": 18215,
        "Cost of goods sold": 16506,
        "Gross Profit": 1709,
        "Financial expenses": "N/A",
        "Of which: Interest expense": "N/A",
        "Cost of sales": 592,
        "Enterprise cost management": 820,
        "Total Operating Expenses": 1412,
        "Total revenue financing activities": 935,
        "Net profit from business activities": 1232,
        "Profit": 10,
        "Profit before tax": 1242,
        "Present corporate income tax expenses": 311,
        "Deferred income taxes expenses": "N/A",
        "The interests of minority shareholders": "N/A",
        "Total Cost of profits": 311,
        "Profit after tax corporate income": 932,
        "Volume": 10919721,
        "Close of Quarter": 8.0,
        "EPS": 986.3,
        "Non-adjusted EPS": 2367,
        "PE": 3.4,
        "Book Price": 7.2
      }
    },
    {
      "quarter": "Q4 2010",
      "income status": {
        "Net sales": 112083,
        "Cost of goods sold": 76548,
        "Gross Profit": 35535,
        "Financial expenses": 4107,
        "Of which: Interest expense": 31,
        "Cost of sales": "N/A",
        "Enterprise cost management": 11670,
        "Total Operating Expenses": 15777,
        "Total revenue financing activities": 4327,
        "Net profit from business activities": 24085,
        "Profit": 884,
        "Profit before tax": 24969,
        "Present corporate income tax expenses": 6338,
        "Deferred income taxes expenses": "N/A",
        "The interests of minority shareholders": "N/A",
        "Total Cost of profits": 6338,
        "Profit after tax corporate income": 18631,
        "Volume": 10919721,
        "Close of Quarter": 11.5,
        "EPS": 1039.6,
        "Non-adjusted EPS": 2495,
        "PE": 4.6,
        "Book Price": 7.1
      }
    },
    {
      "quarter": "Q3 2010",
      "income status": {
        "Net sales": 14237,
        "Cost of goods sold": 13180,
        "Gross Profit": 1057,
        "Financial expenses": -1460,
        "Of which: Interest expense": -1485,
        "Cost of sales": 57,
        "Enterprise cost management": 1581,
        "Total Operating Expenses": 178,
        "Total revenue financing activities": 1854,
        "Net profit from business activities": 2732,
        "Profit": 813,
        "Profit before tax": 3546,
        "Present corporate income tax expenses": 726,
        "Deferred income taxes expenses": "N/A",
        "The interests of minority shareholders": 65,
        "Total Cost of profits": 791,
        "Profit after tax corporate income": 2755,
        "Volume": 9099989,
        "Close of Quarter": 14.8,
        "EPS": 968.5,
        "Non-adjusted EPS": 2789,
        "PE": 5.3,
        "Book Price": 6.2
      }
    },
    {
      "quarter": "Q2 2010",
      "income status": {
        "Net sales": 7875,
        "Cost of goods sold": 5194,
        "Gross Profit": 2681,
        "Financial expenses": 1491,
        "Of which: Interest expense": 1491,
        "Cost of sales": 4,
        "Enterprise cost management": 980,
        "Total Operating Expenses": 2475,
        "Total revenue financing activities": 4262,
        "Net profit from business activities": 4467,
        "Profit": 41,
        "Profit before tax": 4118,
        "Present corporate income tax expenses": 554,
        "Deferred income taxes expenses": "N/A",
        "The interests of minority shareholders": 31,
        "Total Cost of profits": 585,
        "Profit after tax corporate income": 3534,
        "Volume": 9099989,
        "Close of Quarter": 19.6,
        "EPS": 1181.0,
        "Non-adjusted EPS": 3401,
        "PE": 5.8,
        "Book Price": 6.1
      }
    },
    {
      "quarter": "Q1 2010",
      "income status": {
        "Net sales": 3477,
        "Cost of goods sold": 846,
        "Gross Profit": 2632,
        "Financial expenses": "N/A",
        "Of which: Interest expense": "N/A",
        "Cost of sales": 2,
        "Enterprise cost management": 1595,
        "Total Operating Expenses": 1597,
        "Total revenue financing activities": 3882,
        "Net profit from business activities": 4916,
        "Profit": -1474,
        "Profit before tax": 3442,
        "Present corporate income tax expenses": 1287,
        "Deferred income taxes expenses": "N/A",
        "The interests of minority shareholders": -170,
        "Total Cost of profits": 1117,
        "Profit after tax corporate income": 2326,
        "Volume": 9099989,
        "Close of Quarter": 21.0,
        "EPS": 1247.0,
        "Non-adjusted EPS": 3591,
        "PE": 5.8,
        "Book Price": 6.2
      }
    },
    {
      "quarter": "Q4 2009",
      "income status": {
        "Net sales": 108503,
        "Cost of goods sold": 88354,
        "Gross Profit": 20150,
        "Financial expenses": 1089,
        "Of which: Interest expense": "N/A",
        "Cost of sales": "N/A",
        "Enterprise cost management": 5599,
        "Total Operating Expenses": 6688,
        "Total revenue financing activities": 5664,
        "Net profit from business activities": 19124,
        "Profit": 151,
        "Profit before tax": 19275,
        "Present corporate income tax expenses": 2525,
        "Deferred income taxes expenses": "N/A",
        "The interests of minority shareholders": -17,
        "Total Cost of profits": 2508,
        "Profit after tax corporate income": 16767,
        "Volume": 9099989,
        "Close of Quarter": 20.2,
        "EPS": 1359.5,
        "Non-adjusted EPS": 3915,
        "PE": 5.2,
        "Book Price": 5.7
      }
    },
    {
      "quarter": "Q3 2009",
      "income status": {
        "Net sales": 36324,
        "Cost of goods sold": 29395,
        "Gross Profit": 6929,
        "Financial expenses": 2,
        "Of which: Interest expense": "N/A",
        "Cost of sales": "N/A",
        "Enterprise cost management": 3300,
        "Total Operating Expenses": 3302,
        "Total revenue financing activities": 5026,
        "Net profit from business activities": 8653,
        "Profit": 110,
        "Profit before tax": 8763,
        "Present corporate income tax expenses": 438,
        "Deferred income taxes expenses": "N/A",
        "The interests of minority shareholders": "N/A",
        "Total Cost of profits": 438,
        "Profit after tax corporate income": 8325,
        "Volume": 9099989,
        "Close of Quarter": 19.8,
        "EPS": 1059.8,
        "Non-adjusted EPS": 3052,
        "PE": 6.5,
        "Book Price": 5.5
      }
    },
    {
      "quarter": "Q2 2009",
      "income status": {
        "Net sales": 8953,
        "Cost of goods sold": 5159,
        "Gross Profit": 3794,
        "Financial expenses": 44,
        "Of which: Interest expense": "N/A",
        "Cost of sales": 49,
        "Enterprise cost management": 3398,
        "Total Operating Expenses": 3491,
        "Total revenue financing activities": 5348,
        "Net profit from business activities": 5650,
        "Profit": 115,
        "Profit before tax": 5765,
        "Present corporate income tax expenses": 525,
        "Deferred income taxes expenses": "N/A",
        "The interests of minority shareholders": -23,
        "Total Cost of profits": 502,
        "Profit after tax corporate income": 5263,
        "Volume": 9099989,
        "Close of Quarter": 11.9,
        "EPS": 1103.2,
        "Non-adjusted EPS": 3177,
        "PE": 3.8,
        "Book Price": 5.2
      }
    },
    {
      "quarter": "Q1 2009",
      "income status": {
        "Net sales": 5553,
        "Cost of goods sold": 2566,
        "Gross Profit": 2987,
        "Financial expenses": 174,
        "Of which: Interest expense": "N/A",
        "Cost of sales": 57,
        "Enterprise cost management": 2412,
        "Total Operating Expenses": 2643,
        "Total revenue financing activities": 5481,
        "Net profit from business activities": 5826,
        "Profit": -56,
        "Profit before tax": 5770,
        "Present corporate income tax expenses": 525,
        "Deferred income taxes expenses": "N/A",
        "The interests of minority shareholders": -23,
        "Total Cost of profits": 502,
        "Profit after tax corporate income": 5268,
        "Volume": 9099989,
        "Close of Quarter": 8.5,
        "EPS": 1294.9,
        "Non-adjusted EPS": 3729,
        "PE": 2.3,
        "Book Price": 5.0
      }
    },
    {
      "quarter": "Q4 2008",
      "income status": {
        "Net sales": 17204,
        "Cost of goods sold": 13566,
        "Gross Profit": 3638,
        "Financial expenses": 196,
        "Of which: Interest expense": "N/A",
        "Cost of sales": 70,
        "Enterprise cost management": 4857,
        "Total Operating Expenses": 5123,
        "Total revenue financing activities": 10827,
        "Net profit from business activities": 9342,
        "Profit": 606,
        "Profit before tax": 9948,
        "Present corporate income tax expenses": 907,
        "Deferred income taxes expenses": "N/A",
        "The interests of minority shareholders": 124,
        "Total Cost of profits": 1031,
        "Profit after tax corporate income": 8917,
        "Volume": 9099989,
        "Close of Quarter": 9.6,
        "EPS": 1351.5,
        "Non-adjusted EPS": 3892,
        "PE": 2.5,
        "Book Price": 5.0
      }
    },
    {
      "quarter": "Q3 2008",
      "income status": {
        "Net sales": 10449,
        "Cost of goods sold": 6264,
        "Gross Profit": 4184,
        "Financial expenses": -55,
        "Of which: Interest expense": "N/A",
        "Cost of sales": 105,
        "Enterprise cost management": 3068,
        "Total Operating Expenses": 3118,
        "Total revenue financing activities": 9605,
        "Net profit from business activities": 10670,
        "Profit": 323,
        "Profit before tax": 10994,
        "Present corporate income tax expenses": 1530,
        "Deferred income taxes expenses": "N/A",
        "The interests of minority shareholders": "N/A",
        "Total Cost of profits": 1530,
        "Profit after tax corporate income": 9464,
        "Volume": 7000000,
        "Close of Quarter": 18.1,
        "EPS": 1225.0,
        "Non-adjusted EPS": 4586,
        "PE": 3.9,
        "Book Price": 4.7
      }
    },
    {
      "quarter": "Q2 2008",
      "income status": {
        "Net sales": 24919,
        "Cost of goods sold": 16460,
        "Gross Profit": 8459,
        "Financial expenses": 611,
        "Of which: Interest expense": "N/A",
        "Cost of sales": 98,
        "Enterprise cost management": 4757,
        "Total Operating Expenses": 5466,
        "Total revenue financing activities": 9072,
        "Net profit from business activities": 12066,
        "Profit": 34,
        "Profit before tax": 12100,
        "Present corporate income tax expenses": 1790,
        "Deferred income taxes expenses": "N/A",
        "The interests of minority shareholders": 21,
        "Total Cost of profits": 1811,
        "Profit after tax corporate income": 10288,
        "Volume": 7000000,
        "Close of Quarter": 7.9,
        "EPS": 1283.0,
        "Non-adjusted EPS": 4803,
        "PE": 1.6,
        "Book Price": 4.4
      }
    },
    {
      "quarter": "Q1 2008",
      "income status": {
        "Net sales": 5946,
        "Cost of goods sold": 1841,
        "Gross Profit": 4105,
        "Financial expenses": 146,
        "Of which: Interest expense": "N/A",
        "Cost of sales": 82,
        "Enterprise cost management": 4320,
        "Total Operating Expenses": 4548,
        "Total revenue financing activities": 8279,
        "Net profit from business activities": 7836,
        "Profit": 7,
        "Profit before tax": 7843,
        "Present corporate income tax expenses": 1075,
        "Deferred income taxes expenses": "N/A",
        "The interests of minority shareholders": 17,
        "Total Cost of profits": 1092,
        "Profit after tax corporate income": 6751,
        "Volume": 7000000,
        "Close of Quarter": 20.0,
        "EPS": 1049.2,
        "Non-adjusted EPS": 3928,
        "PE": 5.1,
        "Book Price": 4.0
      }
    },
    {
      "quarter": "Q4 2007",
      "income status": {
        "Net sales": 49850,
        "Cost of goods sold": 39917,
        "Gross Profit": 9934,
        "Financial expenses": -281,
        "Of which: Interest expense": "N/A",
        "Cost of sales": 189,
        "Enterprise cost management": 6538,
        "Total Operating Expenses": 6446,
        "Total revenue financing activities": 5483,
        "Net profit from business activities": 8970,
        "Profit": 896,
        "Profit before tax": 9867,
        "Present corporate income tax expenses": 4234,
        "Deferred income taxes expenses": "N/A",
        "The interests of minority shareholders": 31,
        "Total Cost of profits": 4265,
        "Profit after tax corporate income": 5602,
        "Volume": 7000000,
        "Close of Quarter": 57.2,
        "EPS": 1001.7,
        "Non-adjusted EPS": 3750,
        "PE": 15.3,
        "Book Price": 3.7
      }
    },
    {
      "quarter": "Q3 2007",
      "income status": {
        "Net sales": 47297,
        "Cost of goods sold": 35260,
        "Gross Profit": 12037,
        "Financial expenses": 308,
        "Of which: Interest expense": "N/A",
        "Cost of sales": 272,
        "Enterprise cost management": 4973,
        "Total Operating Expenses": 5553,
        "Total revenue financing activities": 4297,
        "Net profit from business activities": 10781,
        "Profit": 192,
        "Profit before tax": 10973,
        "Present corporate income tax expenses": "N/A",
        "Deferred income taxes expenses": "N/A",
        "The interests of minority shareholders": -10,
        "Total Cost of profits": -10,
        "Profit after tax corporate income": 10983,
        "Volume": 7000000,
        "Close of Quarter": 35.6,
        "EPS": 1049.2,
        "Non-adjusted EPS": 3928,
        "PE": 9.1,
        "Book Price": 3.5
      }
    },
    {
      "quarter": "Q2 2007",
      "income status": {
        "Net sales": 9179,
        "Cost of goods sold": 3859,
        "Gross Profit": 5321,
        "Financial expenses": 55,
        "Of which: Interest expense": "N/A",
        "Cost of sales": 396,
        "Enterprise cost management": 4269,
        "Total Operating Expenses": 4720,
        "Total revenue financing activities": 3486,
        "Net profit from business activities": 4086,
        "Profit": 74,
        "Profit before tax": 4161,
        "Present corporate income tax expenses": "N/A",
        "Deferred income taxes expenses": "N/A",
        "The interests of minority shareholders": -2,
        "Total Cost of profits": -2,
        "Profit after tax corporate income": 4163,
        "Volume": 2000000,
        "Close of Quarter": 32.2,
        "EPS": 630.2,
        "Non-adjusted EPS": 8258,
        "PE": 3.9,
        "Book Price": 1.6
      }
    },
    {
      "quarter": "Q1 2007",
      "income status": {
        "Net sales": 10278,
        "Cost of goods sold": 4526,
        "Gross Profit": 5753,
        "Financial expenses": 32,
        "Of which: Interest expense": "N/A",
        "Cost of sales": 310,
        "Enterprise cost management": 3458,
        "Total Operating Expenses": 3800,
        "Total revenue financing activities": 3504,
        "Net profit from business activities": 5456,
        "Profit": 44,
        "Profit before tax": 5500,
        "Present corporate income tax expenses": "N/A",
        "Deferred income taxes expenses": "N/A",
        "The interests of minority shareholders": "N/A",
        "Total Cost of profits": 0,
        "Profit after tax corporate income": 5500,
        "Volume": 2000000,
        "Close of Quarter": 25.5,
        "EPS": 471.4,
        "Non-adjusted EPS": 6177,
        "PE": 4.1,
        "Book Price": 1.5
      }
    },
    {
      "quarter": "Q4 2006",
      "income status": {
        "Net sales": 11630,
        "Cost of goods sold": 5015,
        "Gross Profit": 6616,
        "Financial expenses": 20,
        "Of which: Interest expense": "N/A",
        "Cost of sales": 41,
        "Enterprise cost management": 4002,
        "Total Operating Expenses": 4063,
        "Total revenue financing activities": 5771,
        "Net profit from business activities": 8324,
        "Profit": 48,
        "Profit before tax": 8372,
        "Present corporate income tax expenses": 1519,
        "Deferred income taxes expenses": "N/A",
        "The interests of minority shareholders": "N/A",
        "Total Cost of profits": 1519,
        "Profit after tax corporate income": 6853,
        "Volume": 2000000,
        "Close of Quarter": 5.8,
        "EPS": 261.5,
        "Non-adjusted EPS": 3427,
        "PE": 1.7,
        "Book Price": 1.5
      }
    }
  ]
}