{
  "ticker": "MAFPF1",
  "data": [
    {
      "quarter": "Q2 2011",
      "income status": {
        "Net sales": 247619,
        "Cost of goods sold": 240096,
        "Gross Profit": 7523,
        "Financial expenses": 921,
        "Of which: Interest expense": 920,
        "Cost of sales": 1659,
        "Enterprise cost management": 7182,
        "Total Operating Expenses": 9762,
        "Total revenue financing activities": 2363,
        "Net profit from business activities": 124,
        "Profit": 4380,
        "Profit before tax": 4503,
        "Present corporate income tax expenses": 439,
        "Deferred income taxes expenses": 824,
        "The interests of minority shareholders": 128,
        "Total Cost of profits": 1391,
        "Profit after tax corporate income": 3937,
        "Volume": 21409530,
        "Close of Quarter": 3.8,
        "EPS": 736,
        "Non-adjusted EPS": 736,
        "PE": 5.2,
        "Book Price": "N/A"
      }
    },
    {
      "quarter": "Q1 2011",
      "income status": {
        "Net sales": 247619,
        "Cost of goods sold": 240096,
        "Gross Profit": 7523,
        "Financial expenses": 921,
        "Of which: Interest expense": 920,
        "Cost of sales": 1659,
        "Enterprise cost management": 7182,
        "Total Operating Expenses": 9762,
        "Total revenue financing activities": 2363,
        "Net profit from business activities": 124,
        "Profit": 4380,
        "Profit before tax": 4503,
        "Present corporate income tax expenses": 439,
        "Deferred income taxes expenses": 824,
        "The interests of minority shareholders": 128,
        "Total Cost of profits": 1391,
        "Profit after tax corporate income": 3937,
        "Volume": 21409530,
        "Close of Quarter": 4.3,
        "EPS": 736,
        "Non-adjusted EPS": 736,
        "PE": 5.8,
        "Book Price": "N/A"
      }
    },
    {
      "quarter": "Q4 2010",
      "income status": {
        "Net sales": 247619,
        "Cost of goods sold": 240096,
        "Gross Profit": 7523,
        "Financial expenses": 921,
        "Of which: Interest expense": 920,
        "Cost of sales": 1659,
        "Enterprise cost management": 7182,
        "Total Operating Expenses": 9762,
        "Total revenue financing activities": 2363,
        "Net profit from business activities": 124,
        "Profit": 4380,
        "Profit before tax": 4503,
        "Present corporate income tax expenses": 439,
        "Deferred income taxes expenses": 824,
        "The interests of minority shareholders": 128,
        "Total Cost of profits": 1391,
        "Profit after tax corporate income": 3937,
        "Volume": 21409530,
        "Close of Quarter": 4.6,
        "EPS": 736,
        "Non-adjusted EPS": 736,
        "PE": 6.3,
        "Book Price": "N/A"
      }
    },
    {
      "quarter": "Q3 2010",
      "income status": {
        "Net sales": 247619,
        "Cost of goods sold": 240096,
        "Gross Profit": 7523,
        "Financial expenses": 921,
        "Of which: Interest expense": 920,
        "Cost of sales": 1659,
        "Enterprise cost management": 7182,
        "Total Operating Expenses": 9762,
        "Total revenue financing activities": 2363,
        "Net profit from business activities": 124,
        "Profit": 4380,
        "Profit before tax": 4503,
        "Present corporate income tax expenses": 439,
        "Deferred income taxes expenses": 824,
        "The interests of minority shareholders": 128,
        "Total Cost of profits": 1391,
        "Profit after tax corporate income": 3937,
        "Volume": 21409530,
        "Close of Quarter": 4.4,
        "EPS": 736,
        "Non-adjusted EPS": 736,
        "PE": 6.0,
        "Book Price": "N/A"
      }
    },
    {
      "quarter": "Q2 2010",
      "income status": {
        "Net sales": 247619,
        "Cost of goods sold": 240096,
        "Gross Profit": 7523,
        "Financial expenses": 921,
        "Of which: Interest expense": 920,
        "Cost of sales": 1659,
        "Enterprise cost management": 7182,
        "Total Operating Expenses": 9762,
        "Total revenue financing activities": 2363,
        "Net profit from business activities": 124,
        "Profit": 4380,
        "Profit before tax": 4503,
        "Present corporate income tax expenses": 439,
        "Deferred income taxes expenses": 824,
        "The interests of minority shareholders": 128,
        "Total Cost of profits": 1391,
        "Profit after tax corporate income": 3937,
        "Volume": 21409530,
        "Close of Quarter": 5.2,
        "EPS": 736,
        "Non-adjusted EPS": 736,
        "PE": 7.1,
        "Book Price": "N/A"
      }
    },
    {
      "quarter": "Q1 2010",
      "income status": {
        "Net sales": 247619,
        "Cost of goods sold": 240096,
        "Gross Profit": 7523,
        "Financial expenses": 921,
        "Of which: Interest expense": 920,
        "Cost of sales": 1659,
        "Enterprise cost management": 7182,
        "Total Operating Expenses": 9762,
        "Total revenue financing activities": 2363,
        "Net profit from business activities": 124,
        "Profit": 4380,
        "Profit before tax": 4503,
        "Present corporate income tax expenses": 439,
        "Deferred income taxes expenses": 824,
        "The interests of minority shareholders": 128,
        "Total Cost of profits": 1391,
        "Profit after tax corporate income": 3937,
        "Volume": 21409530,
        "Close of Quarter": 5.6,
        "EPS": 736,
        "Non-adjusted EPS": 736,
        "PE": 7.6,
        "Book Price": "N/A"
      }
    },
    {
      "quarter": "Q4 2009",
      "income status": {
        "Net sales": 247619,
        "Cost of goods sold": 240096,
        "Gross Profit": 7523,
        "Financial expenses": 921,
        "Of which: Interest expense": 920,
        "Cost of sales": 1659,
        "Enterprise cost management": 7182,
        "Total Operating Expenses": 9762,
        "Total revenue financing activities": 2363,
        "Net profit from business activities": 124,
        "Profit": 4380,
        "Profit before tax": 4503,
        "Present corporate income tax expenses": 439,
        "Deferred income taxes expenses": 824,
        "The interests of minority shareholders": 128,
        "Total Cost of profits": 1391,
        "Profit after tax corporate income": 3937,
        "Volume": 21409530,
        "Close of Quarter": 5.9,
        "EPS": 736,
        "Non-adjusted EPS": 736,
        "PE": 8.0,
        "Book Price": "N/A"
      }
    },
    {
      "quarter": "Q3 2009",
      "income status": {
        "Net sales": 247619,
        "Cost of goods sold": 240096,
        "Gross Profit": 7523,
        "Financial expenses": 921,
        "Of which: Interest expense": 920,
        "Cost of sales": 1659,
        "Enterprise cost management": 7182,
        "Total Operating Expenses": 9762,
        "Total revenue financing activities": 2363,
        "Net profit from business activities": 124,
        "Profit": 4380,
        "Profit before tax": 4503,
        "Present corporate income tax expenses": 439,
        "Deferred income taxes expenses": 824,
        "The interests of minority shareholders": 128,
        "Total Cost of profits": 1391,
        "Profit after tax corporate income": 3937,
        "Volume": 21409530,
        "Close of Quarter": 4.8,
        "EPS": 552,
        "Non-adjusted EPS": 552,
        "PE": 8.7,
        "Book Price": "N/A"
      }
    },
    {
      "quarter": "Q2 2009",
      "income status": {
        "Net sales": 247619,
        "Cost of goods sold": 240096,
        "Gross Profit": 7523,
        "Financial expenses": 921,
        "Of which: Interest expense": 920,
        "Cost of sales": 1659,
        "Enterprise cost management": 7182,
        "Total Operating Expenses": 9762,
        "Total revenue financing activities": 2363,
        "Net profit from business activities": 124,
        "Profit": 4380,
        "Profit before tax": 4503,
        "Present corporate income tax expenses": 439,
        "Deferred income taxes expenses": 824,
        "The interests of minority shareholders": 128,
        "Total Cost of profits": 1391,
        "Profit after tax corporate income": 3937,
        "Volume": 21409530,
        "Close of Quarter": 4.8,
        "EPS": 368,
        "Non-adjusted EPS": 368,
        "PE": 13.0,
        "Book Price": "N/A"
      }
    },
    {
      "quarter": "Q1 2009",
      "income status": {
        "Net sales": 247619,
        "Cost of goods sold": 240096,
        "Gross Profit": 7523,
        "Financial expenses": 921,
        "Of which: Interest expense": 920,
        "Cost of sales": 1659,
        "Enterprise cost management": 7182,
        "Total Operating Expenses": 9762,
        "Total revenue financing activities": 2363,
        "Net profit from business activities": 124,
        "Profit": 4380,
        "Profit before tax": 4503,
        "Present corporate income tax expenses": 439,
        "Deferred income taxes expenses": 824,
        "The interests of minority shareholders": 128,
        "Total Cost of profits": 1391,
        "Profit after tax corporate income": 3937,
        "Volume": 21409530,
        "Close of Quarter": 3,
        "EPS": 184,
        "Non-adjusted EPS": 184,
        "PE": 16.3,
        "Book Price": "N/A"
      }
    }
  ]
}