{
  "ticker": "NBC",
  "data": [
    {
      "quarter": "Q1 2017",
      "income status": {
        "Net sales": 299867,
        "Cost of goods sold": 241433,
        "Gross Profit": 58434,
        "Financial expenses": 24687,
        "Of which: Interest expense": 24687,
        "Cost of sales": 5284,
        "Enterprise cost management": 22863,
        "Total Operating Expenses": 52834,
        "Total revenue financing activities": 11,
        "Net profit from business activities": 5610,
        "Profit": 1832,
        "Profit before tax": 7443,
        "Present corporate income tax expenses": 1488,
        "Deferred income taxes expenses": "N/A",
        "The interests of minority shareholders": "N/A",
        "Total Cost of profits": 1488,
        "Profit after tax corporate income": 5954,
        "Volume": 36999124,
        "Close of Quarter": 5.9,
        "EPS": 1006,
        "Non-adjusted EPS": 1006,
        "PE": 5.9,
        "Book Price": 11.6
      }
    },
    {
      "quarter": "Q4 2016",
      "income status": {
        "Net sales": 332279,
        "Cost of goods sold": 237057,
        "Gross Profit": 95221,
        "Financial expenses": 8083,
        "Of which: Interest expense": "N/A",
        "Cost of sales": 22580,
        "Enterprise cost management": 44187,
        "Total Operating Expenses": 74850,
        "Total revenue financing activities": 810,
        "Net profit from business activities": 21182,
        "Profit": 1131,
        "Profit before tax": 22313,
        "Present corporate income tax expenses": 5186,
        "Deferred income taxes expenses": "N/A",
        "The interests of minority shareholders": "N/A",
        "Total Cost of profits": 5186,
        "Profit after tax corporate income": 17126,
        "Volume": 36999124,
        "Close of Quarter": 6.6,
        "EPS": 994,
        "Non-adjusted EPS": 994,
        "PE": 6.6,
        "Book Price": 10.6
      }
    },
    {
      "quarter": "Q3 2016",
      "income status": {
        "Net sales": 236681,
        "Cost of goods sold": 193377,
        "Gross Profit": 43304,
        "Financial expenses": 2560,
        "Of which: Interest expense": 2559,
        "Cost of sales": 8122,
        "Enterprise cost management": 27940,
        "Total Operating Expenses": 38622,
        "Total revenue financing activities": 358,
        "Net profit from business activities": 5040,
        "Profit": -1754,
        "Profit before tax": 3287,
        "Present corporate income tax expenses": 657,
        "Deferred income taxes expenses": "N/A",
        "The interests of minority shareholders": "N/A",
        "Total Cost of profits": 657,
        "Profit after tax corporate income": 2629,
        "Volume": 36999124,
        "Close of Quarter": 5.4,
        "EPS": 1238,
        "Non-adjusted EPS": 1238,
        "PE": 4.4,
        "Book Price": 10.9
      }
    },
    {
      "quarter": "Q2 2016",
      "income status": {
        "Net sales": 325628,
        "Cost of goods sold": 272334,
        "Gross Profit": 53294,
        "Financial expenses": 2444,
        "Of which: Interest expense": 2444,
        "Cost of sales": 10294,
        "Enterprise cost management": 32827,
        "Total Operating Expenses": 45565,
        "Total revenue financing activities": 1072,
        "Net profit from business activities": 8802,
        "Profit": 5587,
        "Profit before tax": 14389,
        "Present corporate income tax expenses": 2878,
        "Deferred income taxes expenses": "N/A",
        "The interests of minority shareholders": "N/A",
        "Total Cost of profits": 2878,
        "Profit after tax corporate income": 11511,
        "Volume": 36999124,
        "Close of Quarter": 5.7,
        "EPS": 1202,
        "Non-adjusted EPS": 1202,
        "PE": 4.7,
        "Book Price": 10.8
      }
    },
    {
      "quarter": "Q1 2016",
      "income status": {
        "Net sales": 321536,
        "Cost of goods sold": 282140,
        "Gross Profit": 39397,
        "Financial expenses": 2229,
        "Of which: Interest expense": 2229,
        "Cost of sales": 10436,
        "Enterprise cost management": 24885,
        "Total Operating Expenses": 37550,
        "Total revenue financing activities": 9,
        "Net profit from business activities": 1855,
        "Profit": 5024,
        "Profit before tax": 6880,
        "Present corporate income tax expenses": 1376,
        "Deferred income taxes expenses": "N/A",
        "The interests of minority shareholders": "N/A",
        "Total Cost of profits": 1376,
        "Profit after tax corporate income": 5504,
        "Volume": 36999124,
        "Close of Quarter": 6.4,
        "EPS": 1148,
        "Non-adjusted EPS": 1148,
        "PE": 5.5,
        "Book Price": 10.5
      }
    },
    {
      "quarter": "Q4 2015",
      "income status": {
        "Net sales": 357567,
        "Cost of goods sold": 238482,
        "Gross Profit": 119084,
        "Financial expenses": 1064,
        "Of which: Interest expense": 1064,
        "Cost of sales": 21851,
        "Enterprise cost management": 63783,
        "Total Operating Expenses": 86698,
        "Total revenue financing activities": 478,
        "Net profit from business activities": 32865,
        "Profit": 1707,
        "Profit before tax": 34572,
        "Present corporate income tax expenses": 8398,
        "Deferred income taxes expenses": "N/A",
        "The interests of minority shareholders": "N/A",
        "Total Cost of profits": 8398,
        "Profit after tax corporate income": 26175,
        "Volume": 36999124,
        "Close of Quarter": 5.6,
        "EPS": 1199,
        "Non-adjusted EPS": 1199,
        "PE": 4.7,
        "Book Price": 10.3
      }
    },
    {
      "quarter": "Q3 2015",
      "income status": {
        "Net sales": 313907,
        "Cost of goods sold": 272533,
        "Gross Profit": 41374,
        "Financial expenses": 1172,
        "Of which: Interest expense": 1172,
        "Cost of sales": 12039,
        "Enterprise cost management": 27736,
        "Total Operating Expenses": 40947,
        "Total revenue financing activities": 25,
        "Net profit from business activities": 453,
        "Profit": 1192,
        "Profit before tax": 1644,
        "Present corporate income tax expenses": 362,
        "Deferred income taxes expenses": "N/A",
        "The interests of minority shareholders": "N/A",
        "Total Cost of profits": 362,
        "Profit after tax corporate income": 1283,
        "Volume": 36999124,
        "Close of Quarter": 6.3,
        "EPS": 1918,
        "Non-adjusted EPS": 1918,
        "PE": 3.3,
        "Book Price": 10.6
      }
    },
    {
      "quarter": "Q2 2015",
      "income status": {
        "Net sales": 391150,
        "Cost of goods sold": 336746,
        "Gross Profit": 54404,
        "Financial expenses": 2205,
        "Of which: Interest expense": 2205,
        "Cost of sales": 17708,
        "Enterprise cost management": 23603,
        "Total Operating Expenses": 43516,
        "Total revenue financing activities": 145,
        "Net profit from business activities": 11033,
        "Profit": 1172,
        "Profit before tax": 12205,
        "Present corporate income tax expenses": 2685,
        "Deferred income taxes expenses": "N/A",
        "The interests of minority shareholders": "N/A",
        "Total Cost of profits": 2685,
        "Profit after tax corporate income": 9520,
        "Volume": 27998626,
        "Close of Quarter": 7.9,
        "EPS": 2030.3,
        "Non-adjusted EPS": 2683,
        "PE": 2.9,
        "Book Price": 10.6
      }
    },
    {
      "quarter": "Q1 2015",
      "income status": {
        "Net sales": 299385,
        "Cost of goods sold": 259030,
        "Gross Profit": 40355,
        "Financial expenses": 698,
        "Of which: Interest expense": 695,
        "Cost of sales": 12904,
        "Enterprise cost management": 21000,
        "Total Operating Expenses": 34602,
        "Total revenue financing activities": 89,
        "Net profit from business activities": 5841,
        "Profit": 3639,
        "Profit before tax": 9481,
        "Present corporate income tax expenses": 2086,
        "Deferred income taxes expenses": "N/A",
        "The interests of minority shareholders": "N/A",
        "Total Cost of profits": 2086,
        "Profit after tax corporate income": 7395,
        "Volume": 27998626,
        "Close of Quarter": 8.6,
        "EPS": 2298.2,
        "Non-adjusted EPS": 3037,
        "PE": 2.8,
        "Book Price": 10.3
      }
    },
    {
      "quarter": "Q4 2014",
      "income status": {
        "Net sales": 207972,
        "Cost of goods sold": 85602,
        "Gross Profit": 122371,
        "Financial expenses": 1399,
        "Of which: Interest expense": 1399,
        "Cost of sales": 14283,
        "Enterprise cost management": 47358,
        "Total Operating Expenses": 63040,
        "Total revenue financing activities": 837,
        "Net profit from business activities": 60168,
        "Profit": 7478,
        "Profit before tax": 67646,
        "Present corporate income tax expenses": 14880,
        "Deferred income taxes expenses": "N/A",
        "The interests of minority shareholders": "N/A",
        "Total Cost of profits": 14880,
        "Profit after tax corporate income": 52766,
        "Volume": 27998626,
        "Close of Quarter": 6.7,
        "EPS": 2316.4,
        "Non-adjusted EPS": 3061,
        "PE": 2.2,
        "Book Price": 10.8
      }
    },
    {
      "quarter": "Q3 2014",
      "income status": {
        "Net sales": 521505,
        "Cost of goods sold": 479189,
        "Gross Profit": 42316,
        "Financial expenses": 2094,
        "Of which: Interest expense": 2093,
        "Cost of sales": 10321,
        "Enterprise cost management": 28951,
        "Total Operating Expenses": 41366,
        "Total revenue financing activities": 383,
        "Net profit from business activities": 1334,
        "Profit": 5625,
        "Profit before tax": 6959,
        "Present corporate income tax expenses": 1531,
        "Deferred income taxes expenses": "N/A",
        "The interests of minority shareholders": "N/A",
        "Total Cost of profits": 1531,
        "Profit after tax corporate income": 5428,
        "Volume": 27998626,
        "Close of Quarter": 7.1,
        "EPS": 2575.9,
        "Non-adjusted EPS": 3404,
        "PE": 2.1,
        "Book Price": 9.3
      }
    },
    {
      "quarter": "Q2 2014",
      "income status": {
        "Net sales": 479127,
        "Cost of goods sold": 407414,
        "Gross Profit": 71712,
        "Financial expenses": 3931,
        "Of which: Interest expense": 3783,
        "Cost of sales": 12196,
        "Enterprise cost management": 30924,
        "Total Operating Expenses": 47051,
        "Total revenue financing activities": 314,
        "Net profit from business activities": 24976,
        "Profit": -51,
        "Profit before tax": 24925,
        "Present corporate income tax expenses": 5484,
        "Deferred income taxes expenses": "N/A",
        "The interests of minority shareholders": "N/A",
        "Total Cost of profits": 5484,
        "Profit after tax corporate income": 19442,
        "Volume": 27998626,
        "Close of Quarter": 6.2,
        "EPS": 2524.5,
        "Non-adjusted EPS": 3336,
        "PE": 1.9,
        "Book Price": 9.2
      }
    },
    {
      "quarter": "Q1 2014",
      "income status": {
        "Net sales": 555395,
        "Cost of goods sold": 497718,
        "Gross Profit": 57677,
        "Financial expenses": 3878,
        "Of which: Interest expense": 3875,
        "Cost of sales": 19482,
        "Enterprise cost management": 29996,
        "Total Operating Expenses": 53356,
        "Total revenue financing activities": 94,
        "Net profit from business activities": 4415,
        "Profit": 5914,
        "Profit before tax": 10329,
        "Present corporate income tax expenses": 2272,
        "Deferred income taxes expenses": "N/A",
        "The interests of minority shareholders": "N/A",
        "Total Cost of profits": 2272,
        "Profit after tax corporate income": 8057,
        "Volume": 27998626,
        "Close of Quarter": 7.7,
        "EPS": 1864.6,
        "Non-adjusted EPS": 2464,
        "PE": 3.1,
        "Book Price": 8.6
      }
    },
    {
      "quarter": "Q4 2013",
      "income status": {
        "Net sales": 674916,
        "Cost of goods sold": 484679,
        "Gross Profit": 190237,
        "Financial expenses": 5797,
        "Of which: Interest expense": 4815,
        "Cost of sales": 38447,
        "Enterprise cost management": 50735,
        "Total Operating Expenses": 94979,
        "Total revenue financing activities": 706,
        "Net profit from business activities": 95964,
        "Profit": -11112,
        "Profit before tax": 84853,
        "Present corporate income tax expenses": 22464,
        "Deferred income taxes expenses": "N/A",
        "The interests of minority shareholders": "N/A",
        "Total Cost of profits": 22464,
        "Profit after tax corporate income": 62388,
        "Volume": 27998626,
        "Close of Quarter": 5.3,
        "EPS": 1848.0,
        "Non-adjusted EPS": 2442,
        "PE": 2.2,
        "Book Price": 9.8
      }
    },
    {
      "quarter": "Q3 2013",
      "income status": {
        "Net sales": 275376,
        "Cost of goods sold": 228023,
        "Gross Profit": 47353,
        "Financial expenses": 4715,
        "Of which: Interest expense": 4713,
        "Cost of sales": 18057,
        "Enterprise cost management": 19169,
        "Total Operating Expenses": 41941,
        "Total revenue financing activities": 295,
        "Net profit from business activities": 5707,
        "Profit": -2599,
        "Profit before tax": 3108,
        "Present corporate income tax expenses": -396,
        "Deferred income taxes expenses": "N/A",
        "The interests of minority shareholders": "N/A",
        "Total Cost of profits": -396,
        "Profit after tax corporate income": 3503,
        "Volume": 19999404,
        "Close of Quarter": 5.1,
        "EPS": 38.4,
        "Non-adjusted EPS": 71,
        "PE": 71.3,
        "Book Price": 7.3
      }
    },
    {
      "quarter": "Q2 2013",
      "income status": {
        "Net sales": 582868,
        "Cost of goods sold": 519408,
        "Gross Profit": 63460,
        "Financial expenses": 7197,
        "Of which: Interest expense": 6325,
        "Cost of sales": 28395,
        "Enterprise cost management": 27425,
        "Total Operating Expenses": 63017,
        "Total revenue financing activities": 639,
        "Net profit from business activities": 1081,
        "Profit": -6137,
        "Profit before tax": -5056,
        "Present corporate income tax expenses": -91,
        "Deferred income taxes expenses": "N/A",
        "The interests of minority shareholders": "N/A",
        "Total Cost of profits": -91,
        "Profit after tax corporate income": -4964,
        "Volume": 19999404,
        "Close of Quarter": 5.8,
        "EPS": 257.8,
        "Non-adjusted EPS": 477,
        "PE": 12.2,
        "Book Price": 7.2
      }
    },
    {
      "quarter": "Q1 2013",
      "income status": {
        "Net sales": 654928,
        "Cost of goods sold": 567547,
        "Gross Profit": 87381,
        "Financial expenses": 8944,
        "Of which: Interest expense": 8867,
        "Cost of sales": 37724,
        "Enterprise cost management": 31793,
        "Total Operating Expenses": 78461,
        "Total revenue financing activities": 135,
        "Net profit from business activities": 9055,
        "Profit": 884,
        "Profit before tax": 9940,
        "Present corporate income tax expenses": 2485,
        "Deferred income taxes expenses": "N/A",
        "The interests of minority shareholders": "N/A",
        "Total Cost of profits": 2485,
        "Profit after tax corporate income": 7455,
        "Volume": 19999404,
        "Close of Quarter": 5.3,
        "EPS": 900.0,
        "Non-adjusted EPS": 1665,
        "PE": 3.2,
        "Book Price": 7.4
      }
    },
    {
      "quarter": "Q4 2012",
      "income status": {
        "Net sales": 658211,
        "Cost of goods sold": 586016,
        "Gross Profit": 72195,
        "Financial expenses": 9811,
        "Of which: Interest expense": 9811,
        "Cost of sales": 41431,
        "Enterprise cost management": 34502,
        "Total Operating Expenses": 85744,
        "Total revenue financing activities": 228,
        "Net profit from business activities": -13322,
        "Profit": 8738,
        "Profit before tax": -4584,
        "Present corporate income tax expenses": "N/A",
        "Deferred income taxes expenses": "N/A",
        "The interests of minority shareholders": "N/A",
        "Total Cost of profits": 0,
        "Profit after tax corporate income": -4584,
        "Volume": 19999404,
        "Close of Quarter": 4.8,
        "EPS": 1104.3,
        "Non-adjusted EPS": 2043,
        "PE": 2.3,
        "Book Price": 7.8
      }
    },
    {
      "quarter": "Q3 2012",
      "income status": {
        "Net sales": 494406,
        "Cost of goods sold": 416288,
        "Gross Profit": 78119,
        "Financial expenses": 10905,
        "Of which: Interest expense": 10866,
        "Cost of sales": 28115,
        "Enterprise cost management": 26183,
        "Total Operating Expenses": 65203,
        "Total revenue financing activities": 118,
        "Net profit from business activities": 13033,
        "Profit": 2475,
        "Profit before tax": 15508,
        "Present corporate income tax expenses": 3877,
        "Deferred income taxes expenses": "N/A",
        "The interests of minority shareholders": "N/A",
        "Total Cost of profits": 3877,
        "Profit after tax corporate income": 11631,
        "Volume": 19999404,
        "Close of Quarter": 4.8,
        "EPS": 1983.2,
        "Non-adjusted EPS": 3669,
        "PE": 1.3,
        "Book Price": 8
      }
    },
    {
      "quarter": "Q2 2012",
      "income status": {
        "Net sales": 389393,
        "Cost of goods sold": 293892,
        "Gross Profit": 95502,
        "Financial expenses": 13431,
        "Of which: Interest expense": -13454,
        "Cost of sales": 34837,
        "Enterprise cost management": 25122,
        "Total Operating Expenses": 73390,
        "Total revenue financing activities": 161,
        "Net profit from business activities": 22273,
        "Profit": 2783,
        "Profit before tax": 25057,
        "Present corporate income tax expenses": 6264,
        "Deferred income taxes expenses": "N/A",
        "The interests of minority shareholders": "N/A",
        "Total Cost of profits": 6264,
        "Profit after tax corporate income": 18792,
        "Volume": 12000000,
        "Close of Quarter": 4.7,
        "EPS": 1859.1,
        "Non-adjusted EPS": 5732,
        "PE": 0.8,
        "Book Price": 7.7
      }
    },
    {
      "quarter": "Q1 2012",
      "income status": {
        "Net sales": 459989,
        "Cost of goods sold": 368650,
        "Gross Profit": 91339,
        "Financial expenses": 13471,
        "Of which: Interest expense": 13454,
        "Cost of sales": 31673,
        "Enterprise cost management": 26377,
        "Total Operating Expenses": 71521,
        "Total revenue financing activities": 197,
        "Net profit from business activities": 20015,
        "Profit": 17,
        "Profit before tax": 20033,
        "Present corporate income tax expenses": 5008,
        "Deferred income taxes expenses": "N/A",
        "The interests of minority shareholders": "N/A",
        "Total Cost of profits": 5008,
        "Profit after tax corporate income": 15024,
        "Volume": 12000000,
        "Close of Quarter": 4.2,
        "EPS": 2023.2,
        "Non-adjusted EPS": 6238,
        "PE": 0.7,
        "Book Price": 7.2
      }
    },
    {
      "quarter": "Q4 2011",
      "income status": {
        "Net sales": 663624,
        "Cost of goods sold": 529723,
        "Gross Profit": 133902,
        "Financial expenses": 11491,
        "Of which: Interest expense": 11491,
        "Cost of sales": 45554,
        "Enterprise cost management": 42688,
        "Total Operating Expenses": 99733,
        "Total revenue financing activities": 356,
        "Net profit from business activities": 34525,
        "Profit": 3443,
        "Profit before tax": 37967,
        "Present corporate income tax expenses": 10039,
        "Deferred income taxes expenses": "N/A",
        "The interests of minority shareholders": "N/A",
        "Total Cost of profits": 10039,
        "Profit after tax corporate income": 27928,
        "Volume": 12000000,
        "Close of Quarter": 2.9,
        "EPS": 2004.1,
        "Non-adjusted EPS": 6179,
        "PE": 0.5,
        "Book Price": 6.8
      }
    },
    {
      "quarter": "Q3 2011",
      "income status": {
        "Net sales": 438557,
        "Cost of goods sold": 363577,
        "Gross Profit": 74981,
        "Financial expenses": 7344,
        "Of which: Interest expense": 7344,
        "Cost of sales": 34922,
        "Enterprise cost management": 26864,
        "Total Operating Expenses": 69130,
        "Total revenue financing activities": 2277,
        "Net profit from business activities": 8128,
        "Profit": 1166,
        "Profit before tax": 9294,
        "Present corporate income tax expenses": 2258,
        "Deferred income taxes expenses": "N/A",
        "The interests of minority shareholders": "N/A",
        "Total Cost of profits": 2258,
        "Profit after tax corporate income": 7035,
        "Volume": 12000000,
        "Close of Quarter": 2.9,
        "EPS": 2151.9,
        "Non-adjusted EPS": 6635,
        "PE": 0.4,
        "Book Price": 7.4
      }
    },
    {
      "quarter": "Q2 2011",
      "income status": {
        "Net sales": 683969,
        "Cost of goods sold": 571422,
        "Gross Profit": 112547,
        "Financial expenses": 11297,
        "Of which: Interest expense": 10739,
        "Cost of sales": 41475,
        "Enterprise cost management": 31587,
        "Total Operating Expenses": 84359,
        "Total revenue financing activities": 433,
        "Net profit from business activities": 28621,
        "Profit": 4618,
        "Profit before tax": 33239,
        "Present corporate income tax expenses": 8375,
        "Deferred income taxes expenses": "N/A",
        "The interests of minority shareholders": "N/A",
        "Total Cost of profits": 8375,
        "Profit after tax corporate income": 24865,
        "Volume": 6000000,
        "Close of Quarter": 2.8,
        "EPS": 2246,
        "Non-adjusted EPS": 13850,
        "PE": 0.2,
        "Book Price": 7.2
      }
    },
    {
      "quarter": "Q1 2011",
      "income status": {
        "Net sales": 498626,
        "Cost of goods sold": 415130,
        "Gross Profit": 83496,
        "Financial expenses": 7600,
        "Of which: Interest expense": 7600,
        "Cost of sales": 30914,
        "Enterprise cost management": 27617,
        "Total Operating Expenses": 66131,
        "Total revenue financing activities": 407,
        "Net profit from business activities": 17772,
        "Profit": 1314,
        "Profit before tax": 19086,
        "Present corporate income tax expenses": 4771,
        "Deferred income taxes expenses": "N/A",
        "The interests of minority shareholders": "N/A",
        "Total Cost of profits": 4771,
        "Profit after tax corporate income": 14314,
        "Volume": 6000000,
        "Close of Quarter": 3.8,
        "EPS": 1926.5,
        "Non-adjusted EPS": 11880,
        "PE": 0.3,
        "Book Price": 6.5
      }
    },
    {
      "quarter": "Q4 2010",
      "income status": {
        "Net sales": 395391,
        "Cost of goods sold": 320904,
        "Gross Profit": 74486,
        "Financial expenses": 3156,
        "Of which: Interest expense": 3156,
        "Cost of sales": 21831,
        "Enterprise cost management": 16525,
        "Total Operating Expenses": 41512,
        "Total revenue financing activities": 205,
        "Net profit from business activities": 33179,
        "Profit": 222,
        "Profit before tax": 33402,
        "Present corporate income tax expenses": "N/A",
        "Deferred income taxes expenses": "N/A",
        "The interests of minority shareholders": "N/A",
        "Total Cost of profits": 0,
        "Profit after tax corporate income": 33402,
        "Volume": 6000000,
        "Close of Quarter": 3.6,
        "EPS": 2157.3,
        "Non-adjusted EPS": 13303,
        "PE": 0.3,
        "Book Price": 6.1
      }
    },
    {
      "quarter": "Q3 2010",
      "income status": {
        "Net sales": 405979,
        "Cost of goods sold": 290502,
        "Gross Profit": 115477,
        "Financial expenses": 6110,
        "Of which: Interest expense": 7268,
        "Cost of sales": 81755,
        "Enterprise cost management": 19549,
        "Total Operating Expenses": 107414,
        "Total revenue financing activities": 881,
        "Net profit from business activities": 8944,
        "Profit": 1573,
        "Profit before tax": 10517,
        "Present corporate income tax expenses": "N/A",
        "Deferred income taxes expenses": "N/A",
        "The interests of minority shareholders": "N/A",
        "Total Cost of profits": 0,
        "Profit after tax corporate income": 10517,
        "Volume": 6000000,
        "Close of Quarter": 3.6,
        "EPS": 2845.5,
        "Non-adjusted EPS": 17547,
        "PE": 0.2,
        "Book Price": 6.3
      }
    },
    {
      "quarter": "Q2 2010",
      "income status": {
        "Net sales": 535521,
        "Cost of goods sold": 485691,
        "Gross Profit": 49830,
        "Financial expenses": 7268,
        "Of which: Interest expense": 7268,
        "Cost of sales": 2016,
        "Enterprise cost management": 24621,
        "Total Operating Expenses": 33905,
        "Total revenue financing activities": 380,
        "Net profit from business activities": 16305,
        "Profit": 494,
        "Profit before tax": 16799,
        "Present corporate income tax expenses": 3750,
        "Deferred income taxes expenses": "N/A",
        "The interests of minority shareholders": "N/A",
        "Total Cost of profits": 3750,
        "Profit after tax corporate income": 13049,
        "Volume": 6000000,
        "Close of Quarter": 4.3,
        "EPS": 2893.9,
        "Non-adjusted EPS": 17845,
        "PE": 0.2,
        "Book Price": 6.3
      }
    },
    {
      "quarter": "Q1 2010",
      "income status": {
        "Net sales": 556778,
        "Cost of goods sold": 505216,
        "Gross Profit": 51562,
        "Financial expenses": 5981,
        "Of which: Interest expense": 5981,
        "Cost of sales": 1313,
        "Enterprise cost management": 22138,
        "Total Operating Expenses": 29432,
        "Total revenue financing activities": 336,
        "Net profit from business activities": 22465,
        "Profit": 387,
        "Profit before tax": 22852,
        "Present corporate income tax expenses": "N/A",
        "Deferred income taxes expenses": "N/A",
        "The interests of minority shareholders": "N/A",
        "Total Cost of profits": 0,
        "Profit after tax corporate income": 22852,
        "Volume": 6000000,
        "Close of Quarter": 4.7,
        "EPS": 2766.6,
        "Non-adjusted EPS": 17060,
        "PE": 0.3,
        "Book Price": 5.9
      }
    },
    {
      "quarter": "Q4 2009",
      "income status": {
        "Net sales": 498670,
        "Cost of goods sold": 413690,
        "Gross Profit": 84980,
        "Financial expenses": 9854,
        "Of which: Interest expense": "N/A",
        "Cost of sales": 3563,
        "Enterprise cost management": 14905,
        "Total Operating Expenses": 28322,
        "Total revenue financing activities": 560,
        "Net profit from business activities": 57218,
        "Profit": 1647,
        "Profit before tax": 58865,
        "Present corporate income tax expenses": "N/A",
        "Deferred income taxes expenses": "N/A",
        "The interests of minority shareholders": "N/A",
        "Total Cost of profits": 0,
        "Profit after tax corporate income": 58865,
        "Volume": 6000000,
        "Close of Quarter": 4.2,
        "EPS": 2247.6,
        "Non-adjusted EPS": 13860,
        "PE": 0.3,
        "Book Price": 7.4
      }
    },
    {
      "quarter": "Q3 2009",
      "income status": {
        "Net sales": 529301,
        "Cost of goods sold": 481682,
        "Gross Profit": 47619,
        "Financial expenses": 9662,
        "Of which: Interest expense": "N/A",
        "Cost of sales": 2385,
        "Enterprise cost management": 24692,
        "Total Operating Expenses": 36739,
        "Total revenue financing activities": 697,
        "Net profit from business activities": 11577,
        "Profit": 726,
        "Profit before tax": 12302,
        "Present corporate income tax expenses": "N/A",
        "Deferred income taxes expenses": "N/A",
        "The interests of minority shareholders": "N/A",
        "Total Cost of profits": 0,
        "Profit after tax corporate income": 12302,
        "Volume": 6000000,
        "Close of Quarter": 4.1,
        "EPS": 1959.1,
        "Non-adjusted EPS": 12081,
        "PE": 0.3,
        "Book Price": 6.3
      }
    },
    {
      "quarter": "Q2 2009",
      "income status": {
        "Net sales": 426405,
        "Cost of goods sold": 389716,
        "Gross Profit": 36688,
        "Financial expenses": 8251,
        "Of which: Interest expense": "N/A",
        "Cost of sales": 1460,
        "Enterprise cost management": 20585,
        "Total Operating Expenses": 30296,
        "Total revenue financing activities": 634,
        "Net profit from business activities": 7025,
        "Profit": 1316,
        "Profit before tax": 8341,
        "Present corporate income tax expenses": "N/A",
        "Deferred income taxes expenses": "N/A",
        "The interests of minority shareholders": "N/A",
        "Total Cost of profits": 0,
        "Profit after tax corporate income": 8341,
        "Volume": 6000000,
        "Close of Quarter": 3.3,
        "EPS": 1776.7,
        "Non-adjusted EPS": 10956,
        "PE": 0.3,
        "Book Price": 6.0
      }
    },
    {
      "quarter": "Q1 2009",
      "income status": {
        "Net sales": 343203,
        "Cost of goods sold": 317288,
        "Gross Profit": 25914,
        "Financial expenses": 8727,
        "Of which: Interest expense": "N/A",
        "Cost of sales": 781,
        "Enterprise cost management": 14859,
        "Total Operating Expenses": 24367,
        "Total revenue financing activities": 515,
        "Net profit from business activities": 2062,
        "Profit": 1588,
        "Profit before tax": 3650,
        "Present corporate income tax expenses": "N/A",
        "Deferred income taxes expenses": "N/A",
        "The interests of minority shareholders": "N/A",
        "Total Cost of profits": 0,
        "Profit after tax corporate income": 3650,
        "Volume": 6000000,
        "Close of Quarter": 2.9,
        "EPS": 1903.8,
        "Non-adjusted EPS": 11740,
        "PE": 0.3,
        "Book Price": 5.8
      }
    },
    {
      "quarter": "Q4 2008",
      "income status": {
        "Net sales": 393900,
        "Cost of goods sold": 279044,
        "Gross Profit": 114856,
        "Financial expenses": 16128,
        "Of which: Interest expense": "N/A",
        "Cost of sales": 1407,
        "Enterprise cost management": 50351,
        "Total Operating Expenses": 67886,
        "Total revenue financing activities": 732,
        "Net profit from business activities": 47702,
        "Profit": 489,
        "Profit before tax": 48191,
        "Present corporate income tax expenses": "N/A",
        "Deferred income taxes expenses": "N/A",
        "The interests of minority shareholders": "N/A",
        "Total Cost of profits": 0,
        "Profit after tax corporate income": 48191,
        "Volume": 6000000,
        "Close of Quarter": 2.8,
        "EPS": 2136.9,
        "Non-adjusted EPS": 13177,
        "PE": 0.2,
        "Book Price": 5.7
      }
    },
    {
      "quarter": "Q3 2008",
      "income status": {
        "Net sales": 385066,
        "Cost of goods sold": 351029,
        "Gross Profit": 34037,
        "Financial expenses": 7265,
        "Of which: Interest expense": "N/A",
        "Cost of sales": 795,
        "Enterprise cost management": 21130,
        "Total Operating Expenses": 29190,
        "Total revenue financing activities": 610,
        "Net profit from business activities": 5456,
        "Profit": 99,
        "Profit before tax": 5556,
        "Present corporate income tax expenses": "N/A",
        "Deferred income taxes expenses": "N/A",
        "The interests of minority shareholders": "N/A",
        "Total Cost of profits": 0,
        "Profit after tax corporate income": 5556,
        "Volume": 6000000,
        "Close of Quarter": 4.7,
        "EPS": 1600.9,
        "Non-adjusted EPS": 9872,
        "PE": 0.5,
        "Book Price": 4.8
      }
    },
    {
      "quarter": "Q2 2008",
      "income status": {
        "Net sales": 374677,
        "Cost of goods sold": 328018,
        "Gross Profit": 46659,
        "Financial expenses": 6650,
        "Of which: Interest expense": "N/A",
        "Cost of sales": 6578,
        "Enterprise cost management": 20954,
        "Total Operating Expenses": 34182,
        "Total revenue financing activities": 724,
        "Net profit from business activities": 13201,
        "Profit": -161,
        "Profit before tax": 13040,
        "Present corporate income tax expenses": "N/A",
        "Deferred income taxes expenses": "N/A",
        "The interests of minority shareholders": "N/A",
        "Total Cost of profits": 0,
        "Profit after tax corporate income": 13040,
        "Volume": 6000000,
        "Close of Quarter": 2.8,
        "EPS": 1725.8,
        "Non-adjusted EPS": 10642,
        "PE": 0.3,
        "Book Price": 4.6
      }
    },
    {
      "quarter": "Q1 2008",
      "income status": {
        "Net sales": 325928,
        "Cost of goods sold": 282245,
        "Gross Profit": 43683,
        "Financial expenses": 5934,
        "Of which: Interest expense": "N/A",
        "Cost of sales": 7205,
        "Enterprise cost management": 18801,
        "Total Operating Expenses": 31940,
        "Total revenue financing activities": 193,
        "Net profit from business activities": 11937,
        "Profit": 335,
        "Profit before tax": 12273,
        "Present corporate income tax expenses": "N/A",
        "Deferred income taxes expenses": "N/A",
        "The interests of minority shareholders": "N/A",
        "Total Cost of profits": 0,
        "Profit after tax corporate income": 12273,
        "Volume": 6000000,
        "Close of Quarter": 6.4,
        "EPS": 1378.3,
        "Non-adjusted EPS": 8499,
        "PE": 0.8,
        "Book Price": 4.3
      }
    },
    {
      "quarter": "Q4 2007",
      "income status": {
        "Net sales": 351936,
        "Cost of goods sold": 282405,
        "Gross Profit": 69531,
        "Financial expenses": 6165,
        "Of which: Interest expense": "N/A",
        "Cost of sales": 9243,
        "Enterprise cost management": 26949,
        "Total Operating Expenses": 42357,
        "Total revenue financing activities": 353,
        "Net profit from business activities": 27526,
        "Profit": 834,
        "Profit before tax": 28360,
        "Present corporate income tax expenses": "N/A",
        "Deferred income taxes expenses": "N/A",
        "The interests of minority shareholders": "N/A",
        "Total Cost of profits": 0,
        "Profit after tax corporate income": 28360,
        "Volume": 6000000,
        "Close of Quarter": 6.7,
        "EPS": 1417.2,
        "Non-adjusted EPS": 8739,
        "PE": 0.8,
        "Book Price": 4.0
      }
    },
    {
      "quarter": "Q3 2007",
      "income status": {
        "Net sales": 263484,
        "Cost of goods sold": 227979,
        "Gross Profit": 35505,
        "Financial expenses": 7139,
        "Of which: Interest expense": "N/A",
        "Cost of sales": 7210,
        "Enterprise cost management": 12562,
        "Total Operating Expenses": 26911,
        "Total revenue financing activities": 334,
        "Net profit from business activities": 8927,
        "Profit": 1254,
        "Profit before tax": 10181,
        "Present corporate income tax expenses": "N/A",
        "Deferred income taxes expenses": "N/A",
        "The interests of minority shareholders": "N/A",
        "Total Cost of profits": 0,
        "Profit after tax corporate income": 10181,
        "Volume": 6000000,
        "Close of Quarter": 6.1,
        "EPS": 1151.2,
        "Non-adjusted EPS": 7099,
        "PE": 0.9,
        "Book Price": 3.3
      }
    },
    {
      "quarter": "Q2 2007",
      "income status": {
        "Net sales": 291663,
        "Cost of goods sold": 262470,
        "Gross Profit": 29193,
        "Financial expenses": 7818,
        "Of which: Interest expense": "N/A",
        "Cost of sales": 8493,
        "Enterprise cost management": 11907,
        "Total Operating Expenses": 28218,
        "Total revenue financing activities": 424,
        "Net profit from business activities": 1399,
        "Profit": -1222,
        "Profit before tax": 177,
        "Present corporate income tax expenses": "N/A",
        "Deferred income taxes expenses": "N/A",
        "The interests of minority shareholders": "N/A",
        "Total Cost of profits": 0,
        "Profit after tax corporate income": 177,
        "Volume": 6000000,
        "Close of Quarter": 6.1,
        "EPS": 876.0,
        "Non-adjusted EPS": 5402,
        "PE": 1.1,
        "Book Price": 3.1
      }
    },
    {
      "quarter": "Q1 2007",
      "income status": {
        "Net sales": 283098,
        "Cost of goods sold": 250005,
        "Gross Profit": 33093,
        "Financial expenses": 6725,
        "Of which: Interest expense": "N/A",
        "Cost of sales": 5714,
        "Enterprise cost management": 11637,
        "Total Operating Expenses": 24076,
        "Total revenue financing activities": 218,
        "Net profit from business activities": 9235,
        "Profit": 4482,
        "Profit before tax": 13717,
        "Present corporate income tax expenses": "N/A",
        "Deferred income taxes expenses": "N/A",
        "The interests of minority shareholders": "N/A",
        "Total Cost of profits": 0,
        "Profit after tax corporate income": 13717,
        "Volume": 6000000,
        "Close of Quarter": 7.6,
        "EPS": 871.3,
        "Non-adjusted EPS": 5373,
        "PE": 1.4,
        "Book Price": 3.0
      }
    },
    {
      "quarter": "Q4 2006",
      "income status": {
        "Net sales": 314028,
        "Cost of goods sold": 257066,
        "Gross Profit": 56962,
        "Financial expenses": 8381,
        "Of which: Interest expense": "N/A",
        "Cost of sales": 13973,
        "Enterprise cost management": 13858,
        "Total Operating Expenses": 36212,
        "Total revenue financing activities": 482,
        "Net profit from business activities": 21231,
        "Profit": 1537,
        "Profit before tax": 22769,
        "Present corporate income tax expenses": 4248,
        "Deferred income taxes expenses": "N/A",
        "The interests of minority shareholders": "N/A",
        "Total Cost of profits": 4248,
        "Profit after tax corporate income": 18520,
        "Volume": 6000000,
        "Close of Quarter": 3.3,
        "EPS": 500.6,
        "Non-adjusted EPS": 3087,
        "PE": 1.1,
        "Book Price": 2.8
      }
    }
  ]
}