{
  "ticker": "VFC",
  "data": [
    {
      "quarter": "Q1 2017",
      "income status": {
        "Net sales": 241520,
        "Cost of goods sold": 226770,
        "Gross Profit": 14749,
        "Financial expenses": 4758,
        "Of which: Interest expense": 4746,
        "Cost of sales": 52,
        "Enterprise cost management": 12341,
        "Total Operating Expenses": 17151,
        "Total revenue financing activities": 58,
        "Net profit from business activities": -2514,
        "Profit": 1502,
        "Profit before tax": -1012,
        "Present corporate income tax expenses": 774,
        "Deferred income taxes expenses": "N/A",
        "The interests of minority shareholders": 488,
        "Total Cost of profits": 1262,
        "Profit after tax corporate income": -2274,
        "Volume": 33976121,
        "Close of Quarter": 10.9,
        "EPS": 34,
        "Non-adjusted EPS": 34,
        "PE": 320.6,
        "Book Price": 14.4
      }
    },
    {
      "quarter": "Q4 2016",
      "income status": {
        "Net sales": 301424,
        "Cost of goods sold": 280231,
        "Gross Profit": 21193,
        "Financial expenses": 5488,
        "Of which: Interest expense": 4950,
        "Cost of sales": 156,
        "Enterprise cost management": 16373,
        "Total Operating Expenses": 22017,
        "Total revenue financing activities": 1560,
        "Net profit from business activities": 376,
        "Profit": 5241,
        "Profit before tax": 5617,
        "Present corporate income tax expenses": 3088,
        "Deferred income taxes expenses": -197,
        "The interests of minority shareholders": 2988,
        "Total Cost of profits": 5879,
        "Profit after tax corporate income": -263,
        "Volume": 33976121,
        "Close of Quarter": 12.7,
        "EPS": 219,
        "Non-adjusted EPS": 219,
        "PE": 58.0,
        "Book Price": 14.5
      }
    },
    {
      "quarter": "Q3 2016",
      "income status": {
        "Net sales": 268564,
        "Cost of goods sold": 255072,
        "Gross Profit": 13492,
        "Financial expenses": 3637,
        "Of which: Interest expense": 3633,
        "Cost of sales": 117,
        "Enterprise cost management": 11456,
        "Total Operating Expenses": 15210,
        "Total revenue financing activities": 658,
        "Net profit from business activities": -1502,
        "Profit": -206,
        "Profit before tax": -1708,
        "Present corporate income tax expenses": 38,
        "Deferred income taxes expenses": "N/A",
        "The interests of minority shareholders": 251,
        "Total Cost of profits": 289,
        "Profit after tax corporate income": -1997,
        "Volume": 33976121,
        "Close of Quarter": 14,
        "EPS": 366,
        "Non-adjusted EPS": 366,
        "PE": 38.3,
        "Book Price": 14.3
      }
    },
    {
      "quarter": "Q2 2016",
      "income status": {
        "Net sales": 276422,
        "Cost of goods sold": 258006,
        "Gross Profit": 18417,
        "Financial expenses": 2114,
        "Of which: Interest expense": 2097,
        "Cost of sales": 105,
        "Enterprise cost management": 14102,
        "Total Operating Expenses": 16321,
        "Total revenue financing activities": 5292,
        "Net profit from business activities": 7053,
        "Profit": 2417,
        "Profit before tax": 9470,
        "Present corporate income tax expenses": 2612,
        "Deferred income taxes expenses": "N/A",
        "The interests of minority shareholders": 1182,
        "Total Cost of profits": 3794,
        "Profit after tax corporate income": 5676,
        "Volume": 33976121,
        "Close of Quarter": 10.6,
        "EPS": 574,
        "Non-adjusted EPS": 574,
        "PE": 18.5,
        "Book Price": 14.4
      }
    },
    {
      "quarter": "Q1 2016",
      "income status": {
        "Net sales": 238453,
        "Cost of goods sold": 220057,
        "Gross Profit": 18396,
        "Financial expenses": 1851,
        "Of which: Interest expense": 1835,
        "Cost of sales": 109,
        "Enterprise cost management": 10678,
        "Total Operating Expenses": 12638,
        "Total revenue financing activities": 390,
        "Net profit from business activities": 6150,
        "Profit": 795,
        "Profit before tax": 6944,
        "Present corporate income tax expenses": 1234,
        "Deferred income taxes expenses": "N/A",
        "The interests of minority shareholders": 1696,
        "Total Cost of profits": 2930,
        "Profit after tax corporate income": 4014,
        "Volume": 33976121,
        "Close of Quarter": 10.2,
        "EPS": 506,
        "Non-adjusted EPS": 506,
        "PE": 20.2,
        "Book Price": 14.7
      }
    },
    {
      "quarter": "Q4 2015",
      "income status": {
        "Net sales": 280020,
        "Cost of goods sold": 258662,
        "Gross Profit": 21357,
        "Financial expenses": 2555,
        "Of which: Interest expense": 1923,
        "Cost of sales": 136,
        "Enterprise cost management": 15116,
        "Total Operating Expenses": 17807,
        "Total revenue financing activities": 3578,
        "Net profit from business activities": 7128,
        "Profit": 55,
        "Profit before tax": 7183,
        "Present corporate income tax expenses": 1039,
        "Deferred income taxes expenses": 11,
        "The interests of minority shareholders": 1381,
        "Total Cost of profits": 2431,
        "Profit after tax corporate income": 4753,
        "Volume": 33976121,
        "Close of Quarter": 12.1,
        "EPS": 465,
        "Non-adjusted EPS": 465,
        "PE": 26.0,
        "Book Price": 14.6
      }
    },
    {
      "quarter": "Q3 2015",
      "income status": {
        "Net sales": 301989,
        "Cost of goods sold": 281724,
        "Gross Profit": 20265,
        "Financial expenses": 1548,
        "Of which: Interest expense": 1469,
        "Cost of sales": 84,
        "Enterprise cost management": 11585,
        "Total Operating Expenses": 13217,
        "Total revenue financing activities": 1783,
        "Net profit from business activities": 8830,
        "Profit": 514,
        "Profit before tax": 9344,
        "Present corporate income tax expenses": 1708,
        "Deferred income taxes expenses": "N/A",
        "The interests of minority shareholders": 2588,
        "Total Cost of profits": 4296,
        "Profit after tax corporate income": 5048,
        "Volume": 33976121,
        "Close of Quarter": 6.1,
        "EPS": 2044,
        "Non-adjusted EPS": 2044,
        "PE": 3.0,
        "Book Price": 14.4
      }
    },
    {
      "quarter": "Q2 2015",
      "income status": {
        "Net sales": 326795,
        "Cost of goods sold": 302046,
        "Gross Profit": 24749,
        "Financial expenses": 1713,
        "Of which: Interest expense": 1637,
        "Cost of sales": 106,
        "Enterprise cost management": 10977,
        "Total Operating Expenses": 12796,
        "Total revenue financing activities": 1365,
        "Net profit from business activities": 13317,
        "Profit": -2239,
        "Profit before tax": 11078,
        "Present corporate income tax expenses": 3545,
        "Deferred income taxes expenses": "N/A",
        "The interests of minority shareholders": 4162,
        "Total Cost of profits": 7707,
        "Profit after tax corporate income": 3371,
        "Volume": 33976121,
        "Close of Quarter": 9.6,
        "EPS": 2147,
        "Non-adjusted EPS": 2147,
        "PE": 4.5,
        "Book Price": 14.3
      }
    },
    {
      "quarter": "Q1 2015",
      "income status": {
        "Net sales": 273807,
        "Cost of goods sold": 258243,
        "Gross Profit": 15564,
        "Financial expenses": 1695,
        "Of which: Interest expense": 1679,
        "Cost of sales": 105,
        "Enterprise cost management": 9190,
        "Total Operating Expenses": 10990,
        "Total revenue financing activities": 338,
        "Net profit from business activities": 4913,
        "Profit": 282,
        "Profit before tax": 5195,
        "Present corporate income tax expenses": 822,
        "Deferred income taxes expenses": 103,
        "The interests of minority shareholders": 1646,
        "Total Cost of profits": 2571,
        "Profit after tax corporate income": 2623,
        "Volume": 33976121,
        "Close of Quarter": 9.3,
        "EPS": 2260,
        "Non-adjusted EPS": 2260,
        "PE": 4.1,
        "Book Price": 14
      }
    },
    {
      "quarter": "Q4 2014",
      "income status": {
        "Net sales": 286691,
        "Cost of goods sold": 269830,
        "Gross Profit": 16861,
        "Financial expenses": 5147,
        "Of which: Interest expense": 2266,
        "Cost of sales": 149,
        "Enterprise cost management": 11963,
        "Total Operating Expenses": 17259,
        "Total revenue financing activities": 70155,
        "Net profit from business activities": 73652,
        "Profit": -1103,
        "Profit before tax": 72549,
        "Present corporate income tax expenses": 13068,
        "Deferred income taxes expenses": -88,
        "The interests of minority shareholders": 1148,
        "Total Cost of profits": 14128,
        "Profit after tax corporate income": 58421,
        "Volume": 33976121,
        "Close of Quarter": 12.2,
        "EPS": 2238,
        "Non-adjusted EPS": 2238,
        "PE": 5.5,
        "Book Price": 13.9
      }
    },
    {
      "quarter": "Q3 2014",
      "income status": {
        "Net sales": 295679,
        "Cost of goods sold": 278288,
        "Gross Profit": 17391,
        "Financial expenses": 2117,
        "Of which: Interest expense": 2115,
        "Cost of sales": 77,
        "Enterprise cost management": 9769,
        "Total Operating Expenses": 11963,
        "Total revenue financing activities": 2434,
        "Net profit from business activities": 10905,
        "Profit": 226,
        "Profit before tax": 11132,
        "Present corporate income tax expenses": 367,
        "Deferred income taxes expenses": "N/A",
        "The interests of minority shareholders": 2228,
        "Total Cost of profits": 2595,
        "Profit after tax corporate income": 8537,
        "Volume": 33976121,
        "Close of Quarter": 7.7,
        "EPS": 675,
        "Non-adjusted EPS": 675,
        "PE": 11.4,
        "Book Price": 14.2
      }
    },
    {
      "quarter": "Q2 2014",
      "income status": {
        "Net sales": 319751,
        "Cost of goods sold": 295278,
        "Gross Profit": 24472,
        "Financial expenses": 1993,
        "Of which: Interest expense": 1844,
        "Cost of sales": 75,
        "Enterprise cost management": 10395,
        "Total Operating Expenses": 12463,
        "Total revenue financing activities": 1036,
        "Net profit from business activities": 15990,
        "Profit": -99,
        "Profit before tax": 15890,
        "Present corporate income tax expenses": 2423,
        "Deferred income taxes expenses": 9,
        "The interests of minority shareholders": 6258,
        "Total Cost of profits": 8690,
        "Profit after tax corporate income": 7201,
        "Volume": 33976121,
        "Close of Quarter": 10.0,
        "EPS": 525,
        "Non-adjusted EPS": 525,
        "PE": 19.0,
        "Book Price": 13.9
      }
    },
    {
      "quarter": "Q1 2014",
      "income status": {
        "Net sales": 236475,
        "Cost of goods sold": 223361,
        "Gross Profit": 13114,
        "Financial expenses": 1605,
        "Of which: Interest expense": 1589,
        "Cost of sales": 109,
        "Enterprise cost management": 7872,
        "Total Operating Expenses": 9586,
        "Total revenue financing activities": 271,
        "Net profit from business activities": 6309,
        "Profit": -10,
        "Profit before tax": 6300,
        "Present corporate income tax expenses": 1310,
        "Deferred income taxes expenses": 108,
        "The interests of minority shareholders": 2997,
        "Total Cost of profits": 4415,
        "Profit after tax corporate income": 1885,
        "Volume": 33976121,
        "Close of Quarter": 9.1,
        "EPS": 555,
        "Non-adjusted EPS": 555,
        "PE": 16.4,
        "Book Price": 15.1
      }
    },
    {
      "quarter": "Q4 2013",
      "income status": {
        "Net sales": 249601,
        "Cost of goods sold": 236442,
        "Gross Profit": 13160,
        "Financial expenses": 1269,
        "Of which: Interest expense": 1205,
        "Cost of sales": 180,
        "Enterprise cost management": 20846,
        "Total Operating Expenses": 22295,
        "Total revenue financing activities": 10757,
        "Net profit from business activities": 1622,
        "Profit": 1881,
        "Profit before tax": 6690,
        "Present corporate income tax expenses": 479,
        "Deferred income taxes expenses": -106,
        "The interests of minority shareholders": 1001,
        "Total Cost of profits": 1374,
        "Profit after tax corporate income": 5316,
        "Volume": 33976121,
        "Close of Quarter": 6.4,
        "EPS": 500,
        "Non-adjusted EPS": 500,
        "PE": 12.8,
        "Book Price": 14.2
      }
    },
    {
      "quarter": "Q3 2013",
      "income status": {
        "Net sales": 203871,
        "Cost of goods sold": 190884,
        "Gross Profit": 12987,
        "Financial expenses": 1070,
        "Of which: Interest expense": 1040,
        "Cost of sales": 71,
        "Enterprise cost management": 8938,
        "Total Operating Expenses": 10079,
        "Total revenue financing activities": 831,
        "Net profit from business activities": 3740,
        "Profit": 457,
        "Profit before tax": 7241,
        "Present corporate income tax expenses": 1737,
        "Deferred income taxes expenses": "N/A",
        "The interests of minority shareholders": 2081,
        "Total Cost of profits": 3818,
        "Profit after tax corporate income": 3423,
        "Volume": 33976121,
        "Close of Quarter": 3.1,
        "EPS": 118,
        "Non-adjusted EPS": 118,
        "PE": 25.9,
        "Book Price": 14.1
      }
    },
    {
      "quarter": "Q2 2013",
      "income status": {
        "Net sales": 183074,
        "Cost of goods sold": 169544,
        "Gross Profit": 13530,
        "Financial expenses": 1096,
        "Of which: Interest expense": 1037,
        "Cost of sales": 115,
        "Enterprise cost management": 10646,
        "Total Operating Expenses": 11857,
        "Total revenue financing activities": 11017,
        "Net profit from business activities": 12691,
        "Profit": -1504,
        "Profit before tax": 13256,
        "Present corporate income tax expenses": 2303,
        "Deferred income taxes expenses": 585,
        "The interests of minority shareholders": 2152,
        "Total Cost of profits": 5040,
        "Profit after tax corporate income": 8216,
        "Volume": 33976121,
        "Close of Quarter": 4.7,
        "EPS": 49,
        "Non-adjusted EPS": 49,
        "PE": 96.3,
        "Book Price": 14
      }
    },
    {
      "quarter": "Q1 2013",
      "income status": {
        "Net sales": 145863,
        "Cost of goods sold": 136067,
        "Gross Profit": 9795,
        "Financial expenses": 1244,
        "Of which: Interest expense": 1241,
        "Cost of sales": 226,
        "Enterprise cost management": 9130,
        "Total Operating Expenses": 10600,
        "Total revenue financing activities": 1220,
        "Net profit from business activities": 415,
        "Profit": "N/A",
        "Profit before tax": 2323,
        "Present corporate income tax expenses": 1141,
        "Deferred income taxes expenses": "N/A",
        "The interests of minority shareholders": 1141,
        "Total Cost of profits": 2282,
        "Profit after tax corporate income": 41,
        "Volume": 33976121,
        "Close of Quarter": 4.7,
        "EPS": -169,
        "Non-adjusted EPS": -169,
        "PE": -27.9,
        "Book Price": 13.7
      }
    },
    {
      "quarter": "Q4 2012",
      "income status": {
        "Net sales": 160478,
        "Cost of goods sold": 153394,
        "Gross Profit": 7084,
        "Financial expenses": 9126,
        "Of which: Interest expense": "N/A",
        "Cost of sales": 87,
        "Enterprise cost management": 12055,
        "Total Operating Expenses": 21268,
        "Total revenue financing activities": 2806,
        "Net profit from business activities": -11378,
        "Profit": 1078,
        "Profit before tax": -7411,
        "Present corporate income tax expenses": -83,
        "Deferred income taxes expenses": "N/A",
        "The interests of minority shareholders": 353,
        "Total Cost of profits": 270,
        "Profit after tax corporate income": -7682,
        "Volume": 33976121,
        "Close of Quarter": 7,
        "EPS": -67,
        "Non-adjusted EPS": -67,
        "PE": -104.5,
        "Book Price": 13.7
      }
    },
    {
      "quarter": "Q3 2012",
      "income status": {
        "Net sales": 120592,
        "Cost of goods sold": 113580,
        "Gross Profit": 7012,
        "Financial expenses": 1307,
        "Of which: Interest expense": "N/A",
        "Cost of sales": 57,
        "Enterprise cost management": 10416,
        "Total Operating Expenses": 11780,
        "Total revenue financing activities": 1952,
        "Net profit from business activities": -2817,
        "Profit": 115,
        "Profit before tax": 2470,
        "Present corporate income tax expenses": 789,
        "Deferred income taxes expenses": "N/A",
        "The interests of minority shareholders": 599,
        "Total Cost of profits": 1388,
        "Profit after tax corporate income": 1082,
        "Volume": 33976121,
        "Close of Quarter": 7.0,
        "EPS": 284,
        "Non-adjusted EPS": 284,
        "PE": 24.6,
        "Book Price": 14.5
      }
    },
    {
      "quarter": "Q2 2012",
      "income status": {
        "Net sales": 127437,
        "Cost of goods sold": 121026,
        "Gross Profit": 6411,
        "Financial expenses": 10206,
        "Of which: Interest expense": 2289,
        "Cost of sales": 1442,
        "Enterprise cost management": 10131,
        "Total Operating Expenses": 21779,
        "Total revenue financing activities": 11262,
        "Net profit from business activities": -4106,
        "Profit": 609,
        "Profit before tax": 1243,
        "Present corporate income tax expenses": -214,
        "Deferred income taxes expenses": 81,
        "The interests of minority shareholders": 575,
        "Total Cost of profits": 442,
        "Profit after tax corporate income": 801,
        "Volume": 33976121,
        "Close of Quarter": 6.5,
        "EPS": 469,
        "Non-adjusted EPS": 469,
        "PE": 13.8,
        "Book Price": 14.5
      }
    },
    {
      "quarter": "Q1 2012",
      "income status": {
        "Net sales": 105620,
        "Cost of goods sold": 101937,
        "Gross Profit": 3683,
        "Financial expenses": -7916,
        "Of which: Interest expense": "N/A",
        "Cost of sales": 25,
        "Enterprise cost management": 12136,
        "Total Operating Expenses": 4245,
        "Total revenue financing activities": 1777,
        "Net profit from business activities": 1215,
        "Profit": -45,
        "Profit before tax": 3819,
        "Present corporate income tax expenses": 644,
        "Deferred income taxes expenses": "N/A",
        "The interests of minority shareholders": -338,
        "Total Cost of profits": 306,
        "Profit after tax corporate income": 3513,
        "Volume": 33976121,
        "Close of Quarter": 6.5,
        "EPS": 505,
        "Non-adjusted EPS": 505,
        "PE": 12.9,
        "Book Price": 14.5
      }
    },
    {
      "quarter": "Q4 2011",
      "income status": {
        "Net sales": 133225,
        "Cost of goods sold": 128318,
        "Gross Profit": 4907,
        "Financial expenses": 23267,
        "Of which: Interest expense": "N/A",
        "Cost of sales": "N/A",
        "Enterprise cost management": 14871,
        "Total Operating Expenses": 38138,
        "Total revenue financing activities": 35730,
        "Net profit from business activities": 2499,
        "Profit": -184,
        "Profit before tax": 3743,
        "Present corporate income tax expenses": -1219,
        "Deferred income taxes expenses": -126,
        "The interests of minority shareholders": 825,
        "Total Cost of profits": -520,
        "Profit after tax corporate income": 4263,
        "Volume": 33976121,
        "Close of Quarter": 5.6,
        "EPS": 598,
        "Non-adjusted EPS": 598,
        "PE": 9.4,
        "Book Price": 13.3
      }
    },
    {
      "quarter": "Q3 2011",
      "income status": {
        "Net sales": 151727,
        "Cost of goods sold": 137454,
        "Gross Profit": 14274,
        "Financial expenses": 4792,
        "Of which: Interest expense": "N/A",
        "Cost of sales": 1,
        "Enterprise cost management": 13333,
        "Total Operating Expenses": 18126,
        "Total revenue financing activities": 18231,
        "Net profit from business activities": 14380,
        "Profit": 37,
        "Profit before tax": 14417,
        "Present corporate income tax expenses": 5086,
        "Deferred income taxes expenses": 92,
        "The interests of minority shareholders": 1877,
        "Total Cost of profits": 7055,
        "Profit after tax corporate income": 7361,
        "Volume": 19976121,
        "Close of Quarter": 7.5,
        "EPS": 628.5,
        "Non-adjusted EPS": 1069,
        "PE": 7.1,
        "Book Price": 13.1
      }
    },
    {
      "quarter": "Q2 2011",
      "income status": {
        "Net sales": 141155,
        "Cost of goods sold": 118814,
        "Gross Profit": 22341,
        "Financial expenses": 10417,
        "Of which: Interest expense": 5815,
        "Cost of sales": 264,
        "Enterprise cost management": 16423,
        "Total Operating Expenses": 27104,
        "Total revenue financing activities": 9952,
        "Net profit from business activities": 5190,
        "Profit": 84,
        "Profit before tax": 5274,
        "Present corporate income tax expenses": 3347,
        "Deferred income taxes expenses": -92,
        "The interests of minority shareholders": "N/A",
        "Total Cost of profits": 3255,
        "Profit after tax corporate income": 2019,
        "Volume": 19976121,
        "Close of Quarter": 7.9,
        "EPS": 622.1,
        "Non-adjusted EPS": 1058,
        "PE": 7.4,
        "Book Price": 8.9
      }
    },
    {
      "quarter": "Q1 2011",
      "income status": {
        "Net sales": 103251,
        "Cost of goods sold": 90416,
        "Gross Profit": 12835,
        "Financial expenses": 835,
        "Of which: Interest expense": 774,
        "Cost of sales": "N/A",
        "Enterprise cost management": 7865,
        "Total Operating Expenses": 8700,
        "Total revenue financing activities": 5048,
        "Net profit from business activities": 9183,
        "Profit": -29,
        "Profit before tax": 9154,
        "Present corporate income tax expenses": 2492,
        "Deferred income taxes expenses": "N/A",
        "The interests of minority shareholders": "N/A",
        "Total Cost of profits": 2492,
        "Profit after tax corporate income": 6662,
        "Volume": 19976121,
        "Close of Quarter": 12.7,
        "EPS": 706.1,
        "Non-adjusted EPS": 1201,
        "PE": 10.5,
        "Book Price": 9.1
      }
    },
    {
      "quarter": "Q4 2010",
      "income status": {
        "Net sales": 128294,
        "Cost of goods sold": 112153,
        "Gross Profit": 16142,
        "Financial expenses": 11053,
        "Of which: Interest expense": "N/A",
        "Cost of sales": "N/A",
        "Enterprise cost management": 10876,
        "Total Operating Expenses": 21929,
        "Total revenue financing activities": 12901,
        "Net profit from business activities": 7114,
        "Profit": -30,
        "Profit before tax": 7085,
        "Present corporate income tax expenses": 1841,
        "Deferred income taxes expenses": "N/A",
        "The interests of minority shareholders": -60,
        "Total Cost of profits": 1781,
        "Profit after tax corporate income": 5304,
        "Volume": 19976121,
        "Close of Quarter": 17.0,
        "EPS": 553.3,
        "Non-adjusted EPS": 941,
        "PE": 18.1,
        "Book Price": 9
      }
    },
    {
      "quarter": "Q3 2010",
      "income status": {
        "Net sales": 109210,
        "Cost of goods sold": 98926,
        "Gross Profit": 10284,
        "Financial expenses": 1837,
        "Of which: Interest expense": "N/A",
        "Cost of sales": "N/A",
        "Enterprise cost management": 7810,
        "Total Operating Expenses": 9647,
        "Total revenue financing activities": 5949,
        "Net profit from business activities": 6586,
        "Profit": 1742,
        "Profit before tax": 8328,
        "Present corporate income tax expenses": 1177,
        "Deferred income taxes expenses": "N/A",
        "The interests of minority shareholders": "N/A",
        "Total Cost of profits": 1177,
        "Profit after tax corporate income": 7151,
        "Volume": 19976121,
        "Close of Quarter": 13.6,
        "EPS": 692.6,
        "Non-adjusted EPS": 1178,
        "PE": 11.6,
        "Book Price": 8.7
      }
    },
    {
      "quarter": "Q2 2010",
      "income status": {
        "Net sales": 97068,
        "Cost of goods sold": 88559,
        "Gross Profit": 8509,
        "Financial expenses": 1341,
        "Of which: Interest expense": "N/A",
        "Cost of sales": "N/A",
        "Enterprise cost management": 8315,
        "Total Operating Expenses": 9656,
        "Total revenue financing activities": 3597,
        "Net profit from business activities": 2450,
        "Profit": 4120,
        "Profit before tax": 6571,
        "Present corporate income tax expenses": 1692,
        "Deferred income taxes expenses": "N/A",
        "The interests of minority shareholders": "N/A",
        "Total Cost of profits": 1692,
        "Profit after tax corporate income": 4879,
        "Volume": 19976121,
        "Close of Quarter": 10.6,
        "EPS": 512.1,
        "Non-adjusted EPS": 871,
        "PE": 12.2,
        "Book Price": 8.5
      }
    },
    {
      "quarter": "Q1 2010",
      "income status": {
        "Net sales": 93504,
        "Cost of goods sold": 86930,
        "Gross Profit": 6575,
        "Financial expenses": 1181,
        "Of which: Interest expense": "N/A",
        "Cost of sales": "N/A",
        "Enterprise cost management": 7144,
        "Total Operating Expenses": 8325,
        "Total revenue financing activities": 3737,
        "Net profit from business activities": 1986,
        "Profit": 5,
        "Profit before tax": 1991,
        "Present corporate income tax expenses": 498,
        "Deferred income taxes expenses": 21,
        "The interests of minority shareholders": "N/A",
        "Total Cost of profits": 519,
        "Profit after tax corporate income": 1472,
        "Volume": 19976121,
        "Close of Quarter": 9.4,
        "EPS": 566.2,
        "Non-adjusted EPS": 963,
        "PE": 9.8,
        "Book Price": 8.4
      }
    },
    {
      "quarter": "Q4 2009",
      "income status": {
        "Net sales": 94627,
        "Cost of goods sold": 89194,
        "Gross Profit": 5433,
        "Financial expenses": 1238,
        "Of which: Interest expense": 773,
        "Cost of sales": 9,
        "Enterprise cost management": 7679,
        "Total Operating Expenses": 8926,
        "Total revenue financing activities": 16562,
        "Net profit from business activities": 13069,
        "Profit": 305,
        "Profit before tax": 13374,
        "Present corporate income tax expenses": 3345,
        "Deferred income taxes expenses": "N/A",
        "The interests of minority shareholders": "N/A",
        "Total Cost of profits": 3345,
        "Profit after tax corporate income": 10029,
        "Volume": 19976121,
        "Close of Quarter": 9.7,
        "EPS": 639.7,
        "Non-adjusted EPS": 1088,
        "PE": 8.9,
        "Book Price": 8.5
      }
    },
    {
      "quarter": "Q3 2009",
      "income status": {
        "Net sales": 77096,
        "Cost of goods sold": 70726,
        "Gross Profit": 6370,
        "Financial expenses": 1003,
        "Of which: Interest expense": 615,
        "Cost of sales": 36,
        "Enterprise cost management": 6029,
        "Total Operating Expenses": 7068,
        "Total revenue financing activities": 1775,
        "Net profit from business activities": 1077,
        "Profit": 276,
        "Profit before tax": 1353,
        "Present corporate income tax expenses": 338,
        "Deferred income taxes expenses": "N/A",
        "The interests of minority shareholders": "N/A",
        "Total Cost of profits": 338,
        "Profit after tax corporate income": 1015,
        "Volume": 19986121,
        "Close of Quarter": 10.1,
        "EPS": 557.7,
        "Non-adjusted EPS": 948,
        "PE": 10.7,
        "Book Price": 8.1
      }
    },
    {
      "quarter": "Q2 2009",
      "income status": {
        "Net sales": 87812,
        "Cost of goods sold": 81887,
        "Gross Profit": 5925,
        "Financial expenses": 1120,
        "Of which: Interest expense": 947,
        "Cost of sales": 2938,
        "Enterprise cost management": 5086,
        "Total Operating Expenses": 9144,
        "Total revenue financing activities": 9715,
        "Net profit from business activities": 6496,
        "Profit": 237,
        "Profit before tax": 6733,
        "Present corporate income tax expenses": 3,
        "Deferred income taxes expenses": "N/A",
        "The interests of minority shareholders": "N/A",
        "Total Cost of profits": 3,
        "Profit after tax corporate income": 6730,
        "Volume": 20000000,
        "Close of Quarter": 8.8,
        "EPS": 530.4,
        "Non-adjusted EPS": 901,
        "PE": 9.7,
        "Book Price": 8.1
      }
    },
    {
      "quarter": "Q1 2009",
      "income status": {
        "Net sales": 104232,
        "Cost of goods sold": 92268,
        "Gross Profit": 11964,
        "Financial expenses": 855,
        "Of which: Interest expense": 444,
        "Cost of sales": 4,
        "Enterprise cost management": 7022,
        "Total Operating Expenses": 7881,
        "Total revenue financing activities": 1196,
        "Net profit from business activities": 5279,
        "Profit": 2,
        "Profit before tax": 5281,
        "Present corporate income tax expenses": 1320,
        "Deferred income taxes expenses": "N/A",
        "The interests of minority shareholders": "N/A",
        "Total Cost of profits": 1320,
        "Profit after tax corporate income": 3961,
        "Volume": 20000000,
        "Close of Quarter": 5.3,
        "EPS": 504.5,
        "Non-adjusted EPS": 857,
        "PE": 6.2,
        "Book Price": 8.2
      }
    },
    {
      "quarter": "Q4 2008",
      "income status": {
        "Net sales": 165605,
        "Cost of goods sold": 151248,
        "Gross Profit": 14356,
        "Financial expenses": 3561,
        "Of which: Interest expense": 1116,
        "Cost of sales": 9,
        "Enterprise cost management": 8641,
        "Total Operating Expenses": 12211,
        "Total revenue financing activities": 6177,
        "Net profit from business activities": 8322,
        "Profit": 275,
        "Profit before tax": 8597,
        "Present corporate income tax expenses": 1364,
        "Deferred income taxes expenses": "N/A",
        "The interests of minority shareholders": "N/A",
        "Total Cost of profits": 1364,
        "Profit after tax corporate income": 7234,
        "Volume": 20000000,
        "Close of Quarter": 5.7,
        "EPS": 383.2,
        "Non-adjusted EPS": 651,
        "PE": 8.7,
        "Book Price": 8.1
      }
    },
    {
      "quarter": "Q3 2008",
      "income status": {
        "Net sales": 93978,
        "Cost of goods sold": 86421,
        "Gross Profit": 7557,
        "Financial expenses": 1790,
        "Of which: Interest expense": 1566,
        "Cost of sales": 5,
        "Enterprise cost management": 9884,
        "Total Operating Expenses": 11679,
        "Total revenue financing activities": 4406,
        "Net profit from business activities": 285,
        "Profit": -125,
        "Profit before tax": 160,
        "Present corporate income tax expenses": 62,
        "Deferred income taxes expenses": "N/A",
        "The interests of minority shareholders": "N/A",
        "Total Cost of profits": 62,
        "Profit after tax corporate income": 98,
        "Volume": 6775627,
        "Close of Quarter": 10.2,
        "EPS": 274.8,
        "Non-adjusted EPS": 1378,
        "PE": 7.4,
        "Book Price": 3.6
      }
    },
    {
      "quarter": "Q2 2008",
      "income status": {
        "Net sales": 112247,
        "Cost of goods sold": 98141,
        "Gross Profit": 14106,
        "Financial expenses": 12261,
        "Of which: Interest expense": 1567,
        "Cost of sales": -22,
        "Enterprise cost management": 9108,
        "Total Operating Expenses": 21347,
        "Total revenue financing activities": 20950,
        "Net profit from business activities": 13709,
        "Profit": -7876,
        "Profit before tax": 5833,
        "Present corporate income tax expenses": 32,
        "Deferred income taxes expenses": -44,
        "The interests of minority shareholders": "N/A",
        "Total Cost of profits": -12,
        "Profit after tax corporate income": 5845,
        "Volume": 6775627,
        "Close of Quarter": 10.2,
        "EPS": 327.1,
        "Non-adjusted EPS": 1640,
        "PE": 6.2,
        "Book Price": 3.6
      }
    },
    {
      "quarter": "Q1 2008",
      "income status": {
        "Net sales": 82538,
        "Cost of goods sold": 72100,
        "Gross Profit": 10438,
        "Financial expenses": 1064,
        "Of which: Interest expense": "N/A",
        "Cost of sales": 737,
        "Enterprise cost management": 8632,
        "Total Operating Expenses": 10433,
        "Total revenue financing activities": 196,
        "Net profit from business activities": 202,
        "Profit": 28,
        "Profit before tax": 230,
        "Present corporate income tax expenses": 382,
        "Deferred income taxes expenses": "N/A",
        "The interests of minority shareholders": "N/A",
        "Total Cost of profits": 382,
        "Profit after tax corporate income": -152,
        "Volume": 6775627,
        "Close of Quarter": 20.1,
        "EPS": 453.9,
        "Non-adjusted EPS": 2276,
        "PE": 8.8,
        "Book Price": 3.6
      }
    },
    {
      "quarter": "Q4 2007",
      "income status": {
        "Net sales": 189766,
        "Cost of goods sold": 169626,
        "Gross Profit": 20140,
        "Financial expenses": 4771,
        "Of which: Interest expense": 206,
        "Cost of sales": 2320,
        "Enterprise cost management": 12758,
        "Total Operating Expenses": 19849,
        "Total revenue financing activities": 1112,
        "Net profit from business activities": 1403,
        "Profit": 2769,
        "Profit before tax": 4173,
        "Present corporate income tax expenses": 624,
        "Deferred income taxes expenses": "N/A",
        "The interests of minority shareholders": "N/A",
        "Total Cost of profits": 624,
        "Profit after tax corporate income": 3548,
        "Volume": 6775627,
        "Close of Quarter": 34.5,
        "EPS": 497.2,
        "Non-adjusted EPS": 2493,
        "PE": 13.9,
        "Book Price": 3.6
      }
    },
    {
      "quarter": "Q3 2007",
      "income status": {
        "Net sales": 140513,
        "Cost of goods sold": 124365,
        "Gross Profit": 16147,
        "Financial expenses": 5781,
        "Of which: Interest expense": 1215,
        "Cost of sales": 1868,
        "Enterprise cost management": 8801,
        "Total Operating Expenses": 16450,
        "Total revenue financing activities": 2744,
        "Net profit from business activities": 2442,
        "Profit": 152,
        "Profit before tax": 2594,
        "Present corporate income tax expenses": 726,
        "Deferred income taxes expenses": "N/A",
        "The interests of minority shareholders": "N/A",
        "Total Cost of profits": 726,
        "Profit after tax corporate income": 1868,
        "Volume": 6775627,
        "Close of Quarter": 29.4,
        "EPS": 430.8,
        "Non-adjusted EPS": 2160,
        "PE": 13.6,
        "Book Price": 3.5
      }
    },
    {
      "quarter": "Q2 2007",
      "income status": {
        "Net sales": 152831,
        "Cost of goods sold": 133326,
        "Gross Profit": 19505,
        "Financial expenses": 2817,
        "Of which: Interest expense": 2817,
        "Cost of sales": 2254,
        "Enterprise cost management": 8864,
        "Total Operating Expenses": 13935,
        "Total revenue financing activities": 5981,
        "Net profit from business activities": 11552,
        "Profit": 218,
        "Profit before tax": 11769,
        "Present corporate income tax expenses": 1615,
        "Deferred income taxes expenses": "N/A",
        "The interests of minority shareholders": "N/A",
        "Total Cost of profits": 1615,
        "Profit after tax corporate income": 10154,
        "Volume": 6775627,
        "Close of Quarter": 21.1,
        "EPS": 482.6,
        "Non-adjusted EPS": 2420,
        "PE": 8.7,
        "Book Price": 3.5
      }
    },
    {
      "quarter": "Q1 2007",
      "income status": {
        "Net sales": 105439,
        "Cost of goods sold": 91454,
        "Gross Profit": 13985,
        "Financial expenses": 3287,
        "Of which: Interest expense": 3092,
        "Cost of sales": 1972,
        "Enterprise cost management": 7196,
        "Total Operating Expenses": 12455,
        "Total revenue financing activities": 260,
        "Net profit from business activities": 1791,
        "Profit": 48,
        "Profit before tax": 1839,
        "Present corporate income tax expenses": 515,
        "Deferred income taxes expenses": "N/A",
        "The interests of minority shareholders": "N/A",
        "Total Cost of profits": 515,
        "Profit after tax corporate income": 1324,
        "Volume": 5575627,
        "Close of Quarter": 23.1,
        "EPS": 267.3,
        "Non-adjusted EPS": 1629,
        "PE": 14.2,
        "Book Price": 2.2
      }
    },
    {
      "quarter": "Q4 2006",
      "income status": {
        "Net sales": 75838,
        "Cost of goods sold": 57051,
        "Gross Profit": 18787,
        "Financial expenses": 6714,
        "Of which: Interest expense": 6714,
        "Cost of sales": 1225,
        "Enterprise cost management": 13698,
        "Total Operating Expenses": 21637,
        "Total revenue financing activities": 9295,
        "Net profit from business activities": 6445,
        "Profit": -3623,
        "Profit before tax": 2822,
        "Present corporate income tax expenses": 1536,
        "Deferred income taxes expenses": "N/A",
        "The interests of minority shareholders": "N/A",
        "Total Cost of profits": 1536,
        "Profit after tax corporate income": 1286,
        "Volume": 5575627,
        "Close of Quarter": 14.4,
        "EPS": 328.4,
        "Non-adjusted EPS": 2001,
        "PE": 7.2,
        "Book Price": 2.1
      }
    },
    {
      "quarter": "Q3 2006",
      "income status": {
        "Net sales": 94556,
        "Cost of goods sold": 82094,
        "Gross Profit": 12462,
        "Financial expenses": 4735,
        "Of which: Interest expense": 4734,
        "Cost of sales": 3795,
        "Enterprise cost management": 7029,
        "Total Operating Expenses": 15559,
        "Total revenue financing activities": 4093,
        "Net profit from business activities": 998,
        "Profit": 4299,
        "Profit before tax": 5297,
        "Present corporate income tax expenses": 1664,
        "Deferred income taxes expenses": "N/A",
        "The interests of minority shareholders": "N/A",
        "Total Cost of profits": 1664,
        "Profit after tax corporate income": 3633,
        "Volume": 5575627,
        "Close of Quarter": 18.2,
        "EPS": 290.5,
        "Non-adjusted EPS": 1770,
        "PE": 10.3,
        "Book Price": 2.1
      }
    },
    {
      "quarter": "Q2 2006",
      "income status": {
        "Net sales": 94285,
        "Cost of goods sold": 78664,
        "Gross Profit": 15621,
        "Financial expenses": 4857,
        "Of which: Interest expense": 4683,
        "Cost of sales": 10467,
        "Enterprise cost management": 4865,
        "Total Operating Expenses": 20189,
        "Total revenue financing activities": 11382,
        "Net profit from business activities": 6814,
        "Profit": -2274,
        "Profit before tax": 4540,
        "Present corporate income tax expenses": 1703,
        "Deferred income taxes expenses": "N/A",
        "The interests of minority shareholders": "N/A",
        "Total Cost of profits": 1703,
        "Profit after tax corporate income": 2837,
        "Volume": 5575627,
        "Close of Quarter": "N/A",
        "EPS": 183.6,
        "Non-adjusted EPS": 1119,
        "PE": "N/A",
        "Book Price": 2.1
      }
    },
    {
      "quarter": "Q1 2006",
      "income status": {
        "Net sales": 77889,
        "Cost of goods sold": 66969,
        "Gross Profit": 10920,
        "Financial expenses": 4242,
        "Of which: Interest expense": 4242,
        "Cost of sales": 3921,
        "Enterprise cost management": 4659,
        "Total Operating Expenses": 12822,
        "Total revenue financing activities": 2128,
        "Net profit from business activities": 225,
        "Profit": 3787,
        "Profit before tax": 4012,
        "Present corporate income tax expenses": 612,
        "Deferred income taxes expenses": "N/A",
        "The interests of minority shareholders": "N/A",
        "Total Cost of profits": 612,
        "Profit after tax corporate income": 3400,
        "Volume": 5575627,
        "Close of Quarter": "N/A",
        "EPS": 100.1,
        "Non-adjusted EPS": 610,
        "PE": "N/A",
        "Book Price": 1.9
      }
    }
  ]
}