{
  "ticker": "PXM",
  "data": [
    {
      "quarter": "Q1 2017",
      "income status": {
        "Net sales": 507,
        "Cost of goods sold": 1099,
        "Gross Profit": -591,
        "Financial expenses": 5514,
        "Of which: Interest expense": 5514,
        "Cost of sales": "N/A",
        "Enterprise cost management": 905,
        "Total Operating Expenses": 6419,
        "Total revenue financing activities": 3,
        "Net profit from business activities": -7007,
        "Profit": 3611,
        "Profit before tax": -3396,
        "Present corporate income tax expenses": "N/A",
        "Deferred income taxes expenses": "N/A",
        "The interests of minority shareholders": "N/A",
        "Total Cost of profits": 0,
        "Profit after tax corporate income": -3396,
        "Volume": 15000000,
        "Close of Quarter": 0.4,
        "EPS": -4169,
        "Non-adjusted EPS": -4169,
        "PE": -0.1,
        "Book Price": -20.2
      }
    },
    {
      "quarter": "Q4 2016",
      "income status": {
        "Net sales": 2021,
        "Cost of goods sold": 1826,
        "Gross Profit": 195,
        "Financial expenses": 5514,
        "Of which: Interest expense": 5514,
        "Cost of sales": "N/A",
        "Enterprise cost management": 37100,
        "Total Operating Expenses": 42614,
        "Total revenue financing activities": 1,
        "Net profit from business activities": -42418,
        "Profit": 75,
        "Profit before tax": -42344,
        "Present corporate income tax expenses": "N/A",
        "Deferred income taxes expenses": "N/A",
        "The interests of minority shareholders": "N/A",
        "Total Cost of profits": 0,
        "Profit after tax corporate income": -42344,
        "Volume": 15000000,
        "Close of Quarter": 0.3,
        "EPS": -4455,
        "Non-adjusted EPS": -4455,
        "PE": -0.1,
        "Book Price": -19.9
      }
    },
    {
      "quarter": "Q3 2016",
      "income status": {
        "Net sales": 4143,
        "Cost of goods sold": 2792,
        "Gross Profit": 1351,
        "Financial expenses": 5378,
        "Of which: Interest expense": 5378,
        "Cost of sales": "N/A",
        "Enterprise cost management": 943,
        "Total Operating Expenses": 6321,
        "Total revenue financing activities": "N/A",
        "Net profit from business activities": -4970,
        "Profit": -116,
        "Profit before tax": -5087,
        "Present corporate income tax expenses": "N/A",
        "Deferred income taxes expenses": "N/A",
        "The interests of minority shareholders": "N/A",
        "Total Cost of profits": 0,
        "Profit after tax corporate income": -5087,
        "Volume": 15000000,
        "Close of Quarter": 0.5,
        "EPS": -2014,
        "Non-adjusted EPS": -2014,
        "PE": -0.3,
        "Book Price": -17.1
      }
    },
    {
      "quarter": "Q2 2016",
      "income status": {
        "Net sales": 15159,
        "Cost of goods sold": 17711,
        "Gross Profit": -2552,
        "Financial expenses": 5755,
        "Of which: Interest expense": 5378,
        "Cost of sales": "N/A",
        "Enterprise cost management": 3259,
        "Total Operating Expenses": 9014,
        "Total revenue financing activities": "N/A",
        "Net profit from business activities": -11566,
        "Profit": -142,
        "Profit before tax": -11708,
        "Present corporate income tax expenses": "N/A",
        "Deferred income taxes expenses": "N/A",
        "The interests of minority shareholders": "N/A",
        "Total Cost of profits": 0,
        "Profit after tax corporate income": -11708,
        "Volume": 15000000,
        "Close of Quarter": 0.5,
        "EPS": -2140,
        "Non-adjusted EPS": -2140,
        "PE": -0.2,
        "Book Price": -16.8
      }
    },
    {
      "quarter": "Q1 2016",
      "income status": {
        "Net sales": 1750,
        "Cost of goods sold": 1712,
        "Gross Profit": 39,
        "Financial expenses": 5378,
        "Of which: Interest expense": 5378,
        "Cost of sales": "N/A",
        "Enterprise cost management": 1273,
        "Total Operating Expenses": 6651,
        "Total revenue financing activities": "N/A",
        "Net profit from business activities": -6613,
        "Profit": -747,
        "Profit before tax": -7359,
        "Present corporate income tax expenses": 331,
        "Deferred income taxes expenses": "N/A",
        "The interests of minority shareholders": "N/A",
        "Total Cost of profits": 331,
        "Profit after tax corporate income": -7690,
        "Volume": 15000000,
        "Close of Quarter": 1.3,
        "EPS": -1897,
        "Non-adjusted EPS": -1897,
        "PE": -0.7,
        "Book Price": -16
      }
    },
    {
      "quarter": "Q4 2015",
      "income status": {
        "Net sales": 3987,
        "Cost of goods sold": 3599,
        "Gross Profit": 387,
        "Financial expenses": 3157,
        "Of which: Interest expense": 3157,
        "Cost of sales": "N/A",
        "Enterprise cost management": 2725,
        "Total Operating Expenses": 5882,
        "Total revenue financing activities": "N/A",
        "Net profit from business activities": -5494,
        "Profit": -235,
        "Profit before tax": -5729,
        "Present corporate income tax expenses": "N/A",
        "Deferred income taxes expenses": "N/A",
        "The interests of minority shareholders": "N/A",
        "Total Cost of profits": 0,
        "Profit after tax corporate income": -5729,
        "Volume": 15000000,
        "Close of Quarter": 0.8,
        "EPS": -1920,
        "Non-adjusted EPS": -1920,
        "PE": -0.4,
        "Book Price": -15.5
      }
    },
    {
      "quarter": "Q3 2015",
      "income status": {
        "Net sales": 3590,
        "Cost of goods sold": 2312,
        "Gross Profit": 1279,
        "Financial expenses": 7283,
        "Of which: Interest expense": 7283,
        "Cost of sales": "N/A",
        "Enterprise cost management": 1167,
        "Total Operating Expenses": 8450,
        "Total revenue financing activities": 1,
        "Net profit from business activities": -7171,
        "Profit": 201,
        "Profit before tax": -6969,
        "Present corporate income tax expenses": "N/A",
        "Deferred income taxes expenses": "N/A",
        "The interests of minority shareholders": "N/A",
        "Total Cost of profits": 0,
        "Profit after tax corporate income": -6969,
        "Volume": 15000000,
        "Close of Quarter": 0.8,
        "EPS": -2322,
        "Non-adjusted EPS": -2322,
        "PE": -0.3,
        "Book Price": "N/A"
      }
    },
    {
      "quarter": "Q1 2015",
      "income status": {
        "Net sales": 782,
        "Cost of goods sold": 1149,
        "Gross Profit": -367,
        "Financial expenses": 5531,
        "Of which: Interest expense": 5531,
        "Cost of sales": "N/A",
        "Enterprise cost management": 1473,
        "Total Operating Expenses": 7004,
        "Total revenue financing activities": 3,
        "Net profit from business activities": -7367,
        "Profit": -694,
        "Profit before tax": -8061,
        "Present corporate income tax expenses": "N/A",
        "Deferred income taxes expenses": "N/A",
        "The interests of minority shareholders": "N/A",
        "Total Cost of profits": 0,
        "Profit after tax corporate income": -8061,
        "Volume": 15000000,
        "Close of Quarter": 1.4,
        "EPS": -3112,
        "Non-adjusted EPS": -3112,
        "PE": -0.5,
        "Book Price": "N/A"
      }
    },
    {
      "quarter": "Q3 2014",
      "income status": {
        "Net sales": 1832,
        "Cost of goods sold": 1787,
        "Gross Profit": 45,
        "Financial expenses": 5080,
        "Of which: Interest expense": 5080,
        "Cost of sales": "N/A",
        "Enterprise cost management": 2094,
        "Total Operating Expenses": 7174,
        "Total revenue financing activities": 5,
        "Net profit from business activities": -7124,
        "Profit": -435,
        "Profit before tax": -7559,
        "Present corporate income tax expenses": 486,
        "Deferred income taxes expenses": "N/A",
        "The interests of minority shareholders": "N/A",
        "Total Cost of profits": 486,
        "Profit after tax corporate income": -8045,
        "Volume": 15000000,
        "Close of Quarter": 2.1,
        "EPS": -2042,
        "Non-adjusted EPS": -2042,
        "PE": -1.0,
        "Book Price": -10.3
      }
    },
    {
      "quarter": "Q1 2014",
      "income status": {
        "Net sales": -134,
        "Cost of goods sold": 1494,
        "Gross Profit": -1629,
        "Financial expenses": 4856,
        "Of which: Interest expense": "N/A",
        "Cost of sales": "N/A",
        "Enterprise cost management": 4201,
        "Total Operating Expenses": 9057,
        "Total revenue financing activities": 8,
        "Net profit from business activities": -10677,
        "Profit": -1081,
        "Profit before tax": -11758,
        "Present corporate income tax expenses": "N/A",
        "Deferred income taxes expenses": "N/A",
        "The interests of minority shareholders": "N/A",
        "Total Cost of profits": 0,
        "Profit after tax corporate income": -11758,
        "Volume": 15000000,
        "Close of Quarter": 3.1,
        "EPS": -9232,
        "Non-adjusted EPS": -9232,
        "PE": -0.3,
        "Book Price": -8.3
      }
    },
    {
      "quarter": "Q4 2013",
      "income status": {
        "Net sales": 23146,
        "Cost of goods sold": 24799,
        "Gross Profit": -1653,
        "Financial expenses": 6519,
        "Of which: Interest expense": 6519,
        "Cost of sales": 102,
        "Enterprise cost management": 2859,
        "Total Operating Expenses": 9480,
        "Total revenue financing activities": 8,
        "Net profit from business activities": -17825,
        "Profit": -992,
        "Profit before tax": -18817,
        "Present corporate income tax expenses": "N/A",
        "Deferred income taxes expenses": "N/A",
        "The interests of minority shareholders": "N/A",
        "Total Cost of profits": 0,
        "Profit after tax corporate income": -18817,
        "Volume": 15000000,
        "Close of Quarter": 1.3,
        "EPS": -10149,
        "Non-adjusted EPS": -10149,
        "PE": -0.1,
        "Book Price": -7.2
      }
    },
    {
      "quarter": "Q3 2013",
      "income status": {
        "Net sales": 11584,
        "Cost of goods sold": 9210,
        "Gross Profit": 2375,
        "Financial expenses": -11677,
        "Of which: Interest expense": -11677,
        "Cost of sales": 300,
        "Enterprise cost management": 5276,
        "Total Operating Expenses": -6101,
        "Total revenue financing activities": 1423,
        "Net profit from business activities": 9899,
        "Profit": -1904,
        "Profit before tax": 7995,
        "Present corporate income tax expenses": "N/A",
        "Deferred income taxes expenses": "N/A",
        "The interests of minority shareholders": "N/A",
        "Total Cost of profits": 0,
        "Profit after tax corporate income": 7995,
        "Volume": 15000000,
        "Close of Quarter": 0.9,
        "EPS": -12445,
        "Non-adjusted EPS": -12445,
        "PE": -0.1,
        "Book Price": -6
      }
    },
    {
      "quarter": "Q2 2013",
      "income status": {
        "Net sales": 18850,
        "Cost of goods sold": 102862,
        "Gross Profit": -84011,
        "Financial expenses": 10123,
        "Of which: Interest expense": 10058,
        "Cost of sales": 333,
        "Enterprise cost management": 17574,
        "Total Operating Expenses": 28030,
        "Total revenue financing activities": 16,
        "Net profit from business activities": -110607,
        "Profit": -5287,
        "Profit before tax": -115895,
        "Present corporate income tax expenses": "N/A",
        "Deferred income taxes expenses": "N/A",
        "The interests of minority shareholders": "N/A",
        "Total Cost of profits": 0,
        "Profit after tax corporate income": -115895,
        "Volume": 15000000,
        "Close of Quarter": 1.6,
        "EPS": -14249,
        "Non-adjusted EPS": -14249,
        "PE": -0.1,
        "Book Price": -6.4
      }
    },
    {
      "quarter": "Q1 2013",
      "income status": {
        "Net sales": 29658,
        "Cost of goods sold": 36237,
        "Gross Profit": -6579,
        "Financial expenses": 10566,
        "Of which: Interest expense": 10564,
        "Cost of sales": 232,
        "Enterprise cost management": 8630,
        "Total Operating Expenses": 19428,
        "Total revenue financing activities": 18,
        "Net profit from business activities": -25989,
        "Profit": 475,
        "Profit before tax": -25514,
        "Present corporate income tax expenses": "N/A",
        "Deferred income taxes expenses": "N/A",
        "The interests of minority shareholders": "N/A",
        "Total Cost of profits": 0,
        "Profit after tax corporate income": -25514,
        "Volume": 15000000,
        "Close of Quarter": 1.8,
        "EPS": -8429,
        "Non-adjusted EPS": -8429,
        "PE": -0.2,
        "Book Price": 1.4
      }
    },
    {
      "quarter": "Q4 2012",
      "income status": {
        "Net sales": 34003,
        "Cost of goods sold": 64165,
        "Gross Profit": -30162,
        "Financial expenses": 6125,
        "Of which: Interest expense": 3261,
        "Cost of sales": 226,
        "Enterprise cost management": 18310,
        "Total Operating Expenses": 24661,
        "Total revenue financing activities": 2290,
        "Net profit from business activities": -52534,
        "Profit": -730,
        "Profit before tax": -53263,
        "Present corporate income tax expenses": "N/A",
        "Deferred income taxes expenses": "N/A",
        "The interests of minority shareholders": "N/A",
        "Total Cost of profits": 0,
        "Profit after tax corporate income": -53263,
        "Volume": 15000000,
        "Close of Quarter": 2.4,
        "EPS": -6690,
        "Non-adjusted EPS": -6690,
        "PE": -0.4,
        "Book Price": 3.6
      }
    },
    {
      "quarter": "Q3 2012",
      "income status": {
        "Net sales": 38153,
        "Cost of goods sold": 36835,
        "Gross Profit": 1318,
        "Financial expenses": 14394,
        "Of which: Interest expense": 14200,
        "Cost of sales": 182,
        "Enterprise cost management": 5651,
        "Total Operating Expenses": 20227,
        "Total revenue financing activities": 11,
        "Net profit from business activities": -18897,
        "Profit": -168,
        "Profit before tax": -19065,
        "Present corporate income tax expenses": "N/A",
        "Deferred income taxes expenses": "N/A",
        "The interests of minority shareholders": "N/A",
        "Total Cost of profits": 0,
        "Profit after tax corporate income": -19065,
        "Volume": 15000000,
        "Close of Quarter": 2.4,
        "EPS": -2789,
        "Non-adjusted EPS": -2789,
        "PE": -0.9,
        "Book Price": 7.1
      }
    },
    {
      "quarter": "Q2 2012",
      "income status": {
        "Net sales": 47404,
        "Cost of goods sold": 51014,
        "Gross Profit": -3610,
        "Financial expenses": 18854,
        "Of which: Interest expense": 18259,
        "Cost of sales": 167,
        "Enterprise cost management": 6033,
        "Total Operating Expenses": 25054,
        "Total revenue financing activities": 13,
        "Net profit from business activities": -28651,
        "Profit": -925,
        "Profit before tax": -28727,
        "Present corporate income tax expenses": -137,
        "Deferred income taxes expenses": "N/A",
        "The interests of minority shareholders": "N/A",
        "Total Cost of profits": -137,
        "Profit after tax corporate income": -28590,
        "Volume": 15000000,
        "Close of Quarter": 6.1,
        "EPS": -185,
        "Non-adjusted EPS": -185,
        "PE": -33.0,
        "Book Price": 8.4
      }
    },
    {
      "quarter": "Q1 2012",
      "income status": {
        "Net sales": 81074,
        "Cost of goods sold": 68247,
        "Gross Profit": 12827,
        "Financial expenses": 7354,
        "Of which: Interest expense": 7354,
        "Cost of sales": 213,
        "Enterprise cost management": 4829,
        "Total Operating Expenses": 12396,
        "Total revenue financing activities": 30,
        "Net profit from business activities": 461,
        "Profit": 248,
        "Profit before tax": 709,
        "Present corporate income tax expenses": 137,
        "Deferred income taxes expenses": "N/A",
        "The interests of minority shareholders": "N/A",
        "Total Cost of profits": 137,
        "Profit after tax corporate income": 572,
        "Volume": 15000000,
        "Close of Quarter": 6,
        "EPS": 1882,
        "Non-adjusted EPS": 1882,
        "PE": 3.2,
        "Book Price": 10.4
      }
    },
    {
      "quarter": "Q4 2011",
      "income status": {
        "Net sales": 240175,
        "Cost of goods sold": 219557,
        "Gross Profit": 20619,
        "Financial expenses": 9331,
        "Of which: Interest expense": 9331,
        "Cost of sales": 766,
        "Enterprise cost management": 8430,
        "Total Operating Expenses": 18527,
        "Total revenue financing activities": 3483,
        "Net profit from business activities": 5574,
        "Profit": 285,
        "Profit before tax": 5859,
        "Present corporate income tax expenses": 619,
        "Deferred income taxes expenses": "N/A",
        "The interests of minority shareholders": "N/A",
        "Total Cost of profits": 619,
        "Profit after tax corporate income": 5241,
        "Volume": 15000000,
        "Close of Quarter": 4.5,
        "EPS": 1844,
        "Non-adjusted EPS": 1844,
        "PE": 2.4,
        "Book Price": 10.7
      }
    },
    {
      "quarter": "Q3 2011",
      "income status": {
        "Net sales": 455548,
        "Cost of goods sold": 408909,
        "Gross Profit": 46639,
        "Financial expenses": 9173,
        "Of which: Interest expense": 9173,
        "Cost of sales": 103,
        "Enterprise cost management": 13224,
        "Total Operating Expenses": 22500,
        "Total revenue financing activities": 63,
        "Net profit from business activities": 24201,
        "Profit": 2518,
        "Profit before tax": 26719,
        "Present corporate income tax expenses": 6713,
        "Deferred income taxes expenses": "N/A",
        "The interests of minority shareholders": "N/A",
        "Total Cost of profits": 6713,
        "Profit after tax corporate income": 20006,
        "Volume": 15000000,
        "Close of Quarter": 6.4,
        "EPS": 1916,
        "Non-adjusted EPS": 1916,
        "PE": 3.3,
        "Book Price": 11.6
      }
    },
    {
      "quarter": "Q2 2011",
      "income status": {
        "Net sales": 189040,
        "Cost of goods sold": 160248,
        "Gross Profit": 28792,
        "Financial expenses": 15245,
        "Of which: Interest expense": 15245,
        "Cost of sales": "N/A",
        "Enterprise cost management": 10117,
        "Total Operating Expenses": 25362,
        "Total revenue financing activities": 107,
        "Net profit from business activities": 3536,
        "Profit": -101,
        "Profit before tax": 3436,
        "Present corporate income tax expenses": 1030,
        "Deferred income taxes expenses": "N/A",
        "The interests of minority shareholders": "N/A",
        "Total Cost of profits": 1030,
        "Profit after tax corporate income": 2406,
        "Volume": 15000000,
        "Close of Quarter": 6.4,
        "EPS": 1055,
        "Non-adjusted EPS": 1055,
        "PE": 6.1,
        "Book Price": 10.3
      }
    },
    {
      "quarter": "Q1 2011",
      "income status": {
        "Net sales": 52206,
        "Cost of goods sold": 38344,
        "Gross Profit": 13862,
        "Financial expenses": 9670,
        "Of which: Interest expense": 9670,
        "Cost of sales": 78,
        "Enterprise cost management": 5708,
        "Total Operating Expenses": 15456,
        "Total revenue financing activities": 1893,
        "Net profit from business activities": 299,
        "Profit": -281,
        "Profit before tax": 18,
        "Present corporate income tax expenses": 4,
        "Deferred income taxes expenses": "N/A",
        "The interests of minority shareholders": "N/A",
        "Total Cost of profits": 4,
        "Profit after tax corporate income": 13,
        "Volume": 15000000,
        "Close of Quarter": 6.6,
        "EPS": 1116,
        "Non-adjusted EPS": 1116,
        "PE": 5.9,
        "Book Price": 10.9
      }
    },
    {
      "quarter": "Q4 2010",
      "income status": {
        "Net sales": 222949,
        "Cost of goods sold": 197902,
        "Gross Profit": 25047,
        "Financial expenses": 10842,
        "Of which: Interest expense": "N/A",
        "Cost of sales": "N/A",
        "Enterprise cost management": 6329,
        "Total Operating Expenses": 17171,
        "Total revenue financing activities": 60,
        "Net profit from business activities": 7937,
        "Profit": 486,
        "Profit before tax": 8423,
        "Present corporate income tax expenses": 2106,
        "Deferred income taxes expenses": "N/A",
        "The interests of minority shareholders": "N/A",
        "Total Cost of profits": 2106,
        "Profit after tax corporate income": 6317,
        "Volume": 15000000,
        "Close of Quarter": 10.4,
        "EPS": 1303,
        "Non-adjusted EPS": 1303,
        "PE": 8.0,
        "Book Price": 10.7
      }
    },
    {
      "quarter": "Q3 2010",
      "income status": {
        "Net sales": 122955,
        "Cost of goods sold": 102616,
        "Gross Profit": 20338,
        "Financial expenses": 5645,
        "Of which: Interest expense": 2361,
        "Cost of sales": "N/A",
        "Enterprise cost management": 5550,
        "Total Operating Expenses": 11195,
        "Total revenue financing activities": 57,
        "Net profit from business activities": 9200,
        "Profit": 254,
        "Profit before tax": 9454,
        "Present corporate income tax expenses": 2364,
        "Deferred income taxes expenses": "N/A",
        "The interests of minority shareholders": "N/A",
        "Total Cost of profits": 2364,
        "Profit after tax corporate income": 7091,
        "Volume": 15000000,
        "Close of Quarter": 10.3,
        "EPS": 976,
        "Non-adjusted EPS": 976,
        "PE": 10.6,
        "Book Price": 11.1
      }
    },
    {
      "quarter": "Q2 2010",
      "income status": {
        "Net sales": 87485,
        "Cost of goods sold": 75422,
        "Gross Profit": 12063,
        "Financial expenses": 2895,
        "Of which: Interest expense": "N/A",
        "Cost of sales": 491,
        "Enterprise cost management": 4660,
        "Total Operating Expenses": 8046,
        "Total revenue financing activities": 256,
        "Net profit from business activities": 4272,
        "Profit": 162,
        "Profit before tax": 4434,
        "Present corporate income tax expenses": 1109,
        "Deferred income taxes expenses": "N/A",
        "The interests of minority shareholders": "N/A",
        "Total Cost of profits": 1109,
        "Profit after tax corporate income": 3326,
        "Volume": 15000000,
        "Close of Quarter": 16.1,
        "EPS": 606,
        "Non-adjusted EPS": 606,
        "PE": 26.6,
        "Book Price": 10.6
      }
    },
    {
      "quarter": "Q1 2010",
      "income status": {
        "Net sales": 36482,
        "Cost of goods sold": 29116,
        "Gross Profit": 7366,
        "Financial expenses": 866,
        "Of which: Interest expense": 866,
        "Cost of sales": "N/A",
        "Enterprise cost management": 3306,
        "Total Operating Expenses": 4172,
        "Total revenue financing activities": 510,
        "Net profit from business activities": 3704,
        "Profit": 43,
        "Profit before tax": 3747,
        "Present corporate income tax expenses": 937,
        "Deferred income taxes expenses": "N/A",
        "The interests of minority shareholders": "N/A",
        "Total Cost of profits": 937,
        "Profit after tax corporate income": 2810,
        "Volume": 15000000,
        "Close of Quarter": "N/A",
        "EPS": 385,
        "Non-adjusted EPS": 385,
        "PE": "N/A",
        "Book Price": 10.4
      }
    },
    {
      "quarter": "Q3 2009",
      "income status": {
        "Net sales": 47887,
        "Cost of goods sold": 42336,
        "Gross Profit": 5551,
        "Financial expenses": 969,
        "Of which: Interest expense": 969,
        "Cost of sales": "N/A",
        "Enterprise cost management": 2798,
        "Total Operating Expenses": 3767,
        "Total revenue financing activities": 112,
        "Net profit from business activities": 1895,
        "Profit": -237,
        "Profit before tax": 1658,
        "Present corporate income tax expenses": 247,
        "Deferred income taxes expenses": "N/A",
        "The interests of minority shareholders": "N/A",
        "Total Cost of profits": 247,
        "Profit after tax corporate income": 1411,
        "Volume": 15000000,
        "Close of Quarter": "N/A",
        "EPS": 197,
        "Non-adjusted EPS": 197,
        "PE": "N/A",
        "Book Price": "N/A"
      }
    },
    {
      "quarter": "Q2 2009",
      "income status": {
        "Net sales": 41445,
        "Cost of goods sold": 37013,
        "Gross Profit": 4432,
        "Financial expenses": 399,
        "Of which: Interest expense": 399,
        "Cost of sales": "N/A",
        "Enterprise cost management": 2515,
        "Total Operating Expenses": 2914,
        "Total revenue financing activities": 103,
        "Net profit from business activities": 1621,
        "Profit": 146,
        "Profit before tax": 1767,
        "Present corporate income tax expenses": 221,
        "Deferred income taxes expenses": "N/A",
        "The interests of minority shareholders": "N/A",
        "Total Cost of profits": 221,
        "Profit after tax corporate income": 1547,
        "Volume": 15000000,
        "Close of Quarter": "N/A",
        "EPS": 103,
        "Non-adjusted EPS": 103,
        "PE": "N/A",
        "Book Price": "N/A"
      }
    }
  ]
}