{
  "ticker": "FMC",
  "data": [
    {
      "quarter": "Q1 2017",
      "income status": {
        "Net sales": 531929,
        "Cost of goods sold": 493651,
        "Gross Profit": 38277,
        "Financial expenses": 8262,
        "Of which: Interest expense": 6520,
        "Cost of sales": 11678,
        "Enterprise cost management": 11198,
        "Total Operating Expenses": 31138,
        "Total revenue financing activities": 7508,
        "Net profit from business activities": 14648,
        "Profit": -421,
        "Profit before tax": 14227,
        "Present corporate income tax expenses": -379,
        "Deferred income taxes expenses": 68,
        "The interests of minority shareholders": "N/A",
        "Total Cost of profits": -311,
        "Profit after tax corporate income": 14538,
        "Volume": 30000000,
        "Close of Quarter": 17.1,
        "EPS": 3402,
        "Non-adjusted EPS": 3402,
        "PE": 5.0,
        "Book Price": 12.9
      }
    },
    {
      "quarter": "Q4 2016",
      "income status": {
        "Net sales": 826659,
        "Cost of goods sold": 764475,
        "Gross Profit": 62184,
        "Financial expenses": 13236,
        "Of which: Interest expense": 7347,
        "Cost of sales": 15157,
        "Enterprise cost management": 9939,
        "Total Operating Expenses": 38332,
        "Total revenue financing activities": 6640,
        "Net profit from business activities": 30492,
        "Profit": 7,
        "Profit before tax": 30499,
        "Present corporate income tax expenses": 1783,
        "Deferred income taxes expenses": -204,
        "The interests of minority shareholders": "N/A",
        "Total Cost of profits": 1579,
        "Profit after tax corporate income": 28920,
        "Volume": 30000000,
        "Close of Quarter": 14.9,
        "EPS": 3425,
        "Non-adjusted EPS": 3425,
        "PE": 4.4,
        "Book Price": 15.9
      }
    },
    {
      "quarter": "Q3 2016",
      "income status": {
        "Net sales": 1070203,
        "Cost of goods sold": 983282,
        "Gross Profit": 86921,
        "Financial expenses": 10196,
        "Of which: Interest expense": 7417,
        "Cost of sales": 29724,
        "Enterprise cost management": 11399,
        "Total Operating Expenses": 51319,
        "Total revenue financing activities": 3695,
        "Net profit from business activities": 39297,
        "Profit": -6,
        "Profit before tax": 39290,
        "Present corporate income tax expenses": 1749,
        "Deferred income taxes expenses": 192,
        "The interests of minority shareholders": "N/A",
        "Total Cost of profits": 1941,
        "Profit after tax corporate income": 37349,
        "Volume": 30000000,
        "Close of Quarter": 16.3,
        "EPS": 3064,
        "Non-adjusted EPS": 3064,
        "PE": 5.3,
        "Book Price": 16.7
      }
    },
    {
      "quarter": "Q2 2016",
      "income status": {
        "Net sales": 638742,
        "Cost of goods sold": 587765,
        "Gross Profit": 50977,
        "Financial expenses": 2075,
        "Of which: Interest expense": 3575,
        "Cost of sales": 15930,
        "Enterprise cost management": 14603,
        "Total Operating Expenses": 32608,
        "Total revenue financing activities": 4353,
        "Net profit from business activities": 22721,
        "Profit": -87,
        "Profit before tax": 22635,
        "Present corporate income tax expenses": 1351,
        "Deferred income taxes expenses": 35,
        "The interests of minority shareholders": "N/A",
        "Total Cost of profits": 1386,
        "Profit after tax corporate income": 21248,
        "Volume": 30000000,
        "Close of Quarter": 16.9,
        "EPS": 3302,
        "Non-adjusted EPS": 3302,
        "PE": 5.1,
        "Book Price": 15.4
      }
    },
    {
      "quarter": "Q1 2016",
      "income status": {
        "Net sales": 543230,
        "Cost of goods sold": 505422,
        "Gross Profit": 37809,
        "Financial expenses": 8245,
        "Of which: Interest expense": 2942,
        "Cost of sales": 11164,
        "Enterprise cost management": 10580,
        "Total Operating Expenses": 29989,
        "Total revenue financing activities": 8123,
        "Net profit from business activities": 15943,
        "Profit": 155,
        "Profit before tax": 16098,
        "Present corporate income tax expenses": 910,
        "Deferred income taxes expenses": -59,
        "The interests of minority shareholders": "N/A",
        "Total Cost of profits": 851,
        "Profit after tax corporate income": 15247,
        "Volume": 20000000,
        "Close of Quarter": 14.4,
        "EPS": 3278.7,
        "Non-adjusted EPS": 4918,
        "PE": 2.9,
        "Book Price": 15.1
      }
    },
    {
      "quarter": "Q4 2015",
      "income status": {
        "Net sales": 789454,
        "Cost of goods sold": 714297,
        "Gross Profit": 75157,
        "Financial expenses": 8180,
        "Of which: Interest expense": 3461,
        "Cost of sales": 22195,
        "Enterprise cost management": 31222,
        "Total Operating Expenses": 61597,
        "Total revenue financing activities": 4813,
        "Net profit from business activities": 18374,
        "Profit": -596,
        "Profit before tax": 17778,
        "Present corporate income tax expenses": -276,
        "Deferred income taxes expenses": -11,
        "The interests of minority shareholders": "N/A",
        "Total Cost of profits": -287,
        "Profit after tax corporate income": 18065,
        "Volume": 20000000,
        "Close of Quarter": 14.9,
        "EPS": 3165.3,
        "Non-adjusted EPS": 4748,
        "PE": 3.1,
        "Book Price": 11.4
      }
    },
    {
      "quarter": "Q3 2015",
      "income status": {
        "Net sales": 855295,
        "Cost of goods sold": 764086,
        "Gross Profit": 91209,
        "Financial expenses": 24069,
        "Of which: Interest expense": 3480,
        "Cost of sales": 26518,
        "Enterprise cost management": 10777,
        "Total Operating Expenses": 61364,
        "Total revenue financing activities": 6394,
        "Net profit from business activities": 36240,
        "Profit": 10220,
        "Profit before tax": 46459,
        "Present corporate income tax expenses": 1248,
        "Deferred income taxes expenses": 708,
        "The interests of minority shareholders": "N/A",
        "Total Cost of profits": 1956,
        "Profit after tax corporate income": 44503,
        "Volume": 20000000,
        "Close of Quarter": 12.9,
        "EPS": 3189.3,
        "Non-adjusted EPS": 4784,
        "PE": 2.7,
        "Book Price": 13.1
      }
    },
    {
      "quarter": "Q2 2015",
      "income status": {
        "Net sales": 727635,
        "Cost of goods sold": 667664,
        "Gross Profit": 59971,
        "Financial expenses": 9766,
        "Of which: Interest expense": 5344,
        "Cost of sales": 20962,
        "Enterprise cost management": 10220,
        "Total Operating Expenses": 40948,
        "Total revenue financing activities": 2068,
        "Net profit from business activities": 21091,
        "Profit": 1638,
        "Profit before tax": 22728,
        "Present corporate income tax expenses": 2128,
        "Deferred income taxes expenses": 55,
        "The interests of minority shareholders": "N/A",
        "Total Cost of profits": 2183,
        "Profit after tax corporate income": 20545,
        "Volume": 20000000,
        "Close of Quarter": 11.1,
        "EPS": 2253.3,
        "Non-adjusted EPS": 3380,
        "PE": 3.3,
        "Book Price": 12.7
      }
    },
    {
      "quarter": "Q1 2015",
      "income status": {
        "Net sales": 504337,
        "Cost of goods sold": 461327,
        "Gross Profit": 43010,
        "Financial expenses": 6445,
        "Of which: Interest expense": 3085,
        "Cost of sales": 14964,
        "Enterprise cost management": 8413,
        "Total Operating Expenses": 29822,
        "Total revenue financing activities": 4158,
        "Net profit from business activities": 17346,
        "Profit": -2162,
        "Profit before tax": 15184,
        "Present corporate income tax expenses": 3340,
        "Deferred income taxes expenses": "N/A",
        "The interests of minority shareholders": "N/A",
        "Total Cost of profits": 3340,
        "Profit after tax corporate income": 11843,
        "Volume": 20000000,
        "Close of Quarter": 12.5,
        "EPS": 2180.7,
        "Non-adjusted EPS": 3271,
        "PE": 3.8,
        "Book Price": 12
      }
    },
    {
      "quarter": "Q4 2014",
      "income status": {
        "Net sales": 742029,
        "Cost of goods sold": 650585,
        "Gross Profit": 91444,
        "Financial expenses": 7777,
        "Of which: Interest expense": 4052,
        "Cost of sales": 26830,
        "Enterprise cost management": 36787,
        "Total Operating Expenses": 71394,
        "Total revenue financing activities": 4003,
        "Net profit from business activities": 24054,
        "Profit": 30,
        "Profit before tax": 24084,
        "Present corporate income tax expenses": 6811,
        "Deferred income taxes expenses": -1513,
        "The interests of minority shareholders": "N/A",
        "Total Cost of profits": 5298,
        "Profit after tax corporate income": 18785,
        "Volume": 13000000,
        "Close of Quarter": 10.3,
        "EPS": 1928.8,
        "Non-adjusted EPS": 4451,
        "PE": 2.3,
        "Book Price": 12.8
      }
    },
    {
      "quarter": "Q3 2014",
      "income status": {
        "Net sales": 894554,
        "Cost of goods sold": 844689,
        "Gross Profit": 49865,
        "Financial expenses": 3707,
        "Of which: Interest expense": 3466,
        "Cost of sales": 22198,
        "Enterprise cost management": 6426,
        "Total Operating Expenses": 32331,
        "Total revenue financing activities": 3346,
        "Net profit from business activities": 20881,
        "Profit": 186,
        "Profit before tax": 21067,
        "Present corporate income tax expenses": 4635,
        "Deferred income taxes expenses": "N/A",
        "The interests of minority shareholders": "N/A",
        "Total Cost of profits": 4635,
        "Profit after tax corporate income": 16432,
        "Volume": 13000000,
        "Close of Quarter": 12.1,
        "EPS": 2226.9,
        "Non-adjusted EPS": 5139,
        "PE": 2.4,
        "Book Price": 8.8
      }
    },
    {
      "quarter": "Q2 2014",
      "income status": {
        "Net sales": 689318,
        "Cost of goods sold": 635437,
        "Gross Profit": 53881,
        "Financial expenses": 6766,
        "Of which: Interest expense": 2355,
        "Cost of sales": 19740,
        "Enterprise cost management": 8445,
        "Total Operating Expenses": 34951,
        "Total revenue financing activities": 4482,
        "Net profit from business activities": 23412,
        "Profit": 873,
        "Profit before tax": 24286,
        "Present corporate income tax expenses": 5920,
        "Deferred income taxes expenses": "N/A",
        "The interests of minority shareholders": "N/A",
        "Total Cost of profits": 5920,
        "Profit after tax corporate income": 18366,
        "Volume": 13000000,
        "Close of Quarter": 6.1,
        "EPS": 1784.0,
        "Non-adjusted EPS": 4117,
        "PE": 1.5,
        "Book Price": 8.2
      }
    },
    {
      "quarter": "Q1 2014",
      "income status": {
        "Net sales": 554861,
        "Cost of goods sold": 530210,
        "Gross Profit": 24651,
        "Financial expenses": 3116,
        "Of which: Interest expense": 3105,
        "Cost of sales": 11272,
        "Enterprise cost management": 6137,
        "Total Operating Expenses": 20525,
        "Total revenue financing activities": 1369,
        "Net profit from business activities": 5495,
        "Profit": "N/A",
        "Profit before tax": 5495,
        "Present corporate income tax expenses": 1209,
        "Deferred income taxes expenses": "N/A",
        "The interests of minority shareholders": "N/A",
        "Total Cost of profits": 1209,
        "Profit after tax corporate income": 4286,
        "Volume": 12222630,
        "Close of Quarter": 6.4,
        "EPS": 1202.7,
        "Non-adjusted EPS": 2952,
        "PE": 2.2,
        "Book Price": 7.7
      }
    },
    {
      "quarter": "Q4 2013",
      "income status": {
        "Net sales": 683989,
        "Cost of goods sold": 619047,
        "Gross Profit": 64941,
        "Financial expenses": 4289,
        "Of which: Interest expense": 4289,
        "Cost of sales": 18673,
        "Enterprise cost management": 13980,
        "Total Operating Expenses": 36942,
        "Total revenue financing activities": 1986,
        "Net profit from business activities": 29986,
        "Profit": -21,
        "Profit before tax": 29964,
        "Present corporate income tax expenses": 2247,
        "Deferred income taxes expenses": "N/A",
        "The interests of minority shareholders": "N/A",
        "Total Cost of profits": 2247,
        "Profit after tax corporate income": 27717,
        "Volume": 12222630,
        "Close of Quarter": 4.8,
        "EPS": 1093.1,
        "Non-adjusted EPS": 2683,
        "PE": 1.8,
        "Book Price": 7.9
      }
    },
    {
      "quarter": "Q3 2013",
      "income status": {
        "Net sales": 754263,
        "Cost of goods sold": 725772,
        "Gross Profit": 28491,
        "Financial expenses": 2579,
        "Of which: Interest expense": 2564,
        "Cost of sales": 19752,
        "Enterprise cost management": 6180,
        "Total Operating Expenses": 28511,
        "Total revenue financing activities": 3455,
        "Net profit from business activities": 3435,
        "Profit": -21,
        "Profit before tax": 3413,
        "Present corporate income tax expenses": 256,
        "Deferred income taxes expenses": "N/A",
        "The interests of minority shareholders": "N/A",
        "Total Cost of profits": 256,
        "Profit after tax corporate income": 3157,
        "Volume": 12222630,
        "Close of Quarter": 4.0,
        "EPS": 787.5,
        "Non-adjusted EPS": 1933,
        "PE": 2.1,
        "Book Price": 6.9
      }
    },
    {
      "quarter": "Q2 2013",
      "income status": {
        "Net sales": 452639,
        "Cost of goods sold": 430965,
        "Gross Profit": 21675,
        "Financial expenses": 5176,
        "Of which: Interest expense": 2175,
        "Cost of sales": 12416,
        "Enterprise cost management": 5056,
        "Total Operating Expenses": 22648,
        "Total revenue financing activities": 1952,
        "Net profit from business activities": 979,
        "Profit": 147,
        "Profit before tax": 1126,
        "Present corporate income tax expenses": 204,
        "Deferred income taxes expenses": "N/A",
        "The interests of minority shareholders": "N/A",
        "Total Cost of profits": 204,
        "Profit after tax corporate income": 921,
        "Volume": 12222630,
        "Close of Quarter": 3.9,
        "EPS": 759.8,
        "Non-adjusted EPS": 1865,
        "PE": 2.1,
        "Book Price": 6.8
      }
    },
    {
      "quarter": "Q1 2013",
      "income status": {
        "Net sales": 296518,
        "Cost of goods sold": 278022,
        "Gross Profit": 18496,
        "Financial expenses": 1764,
        "Of which: Interest expense": 1743,
        "Cost of sales": 10784,
        "Enterprise cost management": 5415,
        "Total Operating Expenses": 17963,
        "Total revenue financing activities": 56,
        "Net profit from business activities": 588,
        "Profit": 494,
        "Profit before tax": 1082,
        "Present corporate income tax expenses": 81,
        "Deferred income taxes expenses": "N/A",
        "The interests of minority shareholders": "N/A",
        "Total Cost of profits": 81,
        "Profit after tax corporate income": 1001,
        "Volume": 7222630,
        "Close of Quarter": 3.4,
        "EPS": 566.5,
        "Non-adjusted EPS": 2353,
        "PE": 1.5,
        "Book Price": 6.8
      }
    },
    {
      "quarter": "Q4 2012",
      "income status": {
        "Net sales": 453357,
        "Cost of goods sold": 409490,
        "Gross Profit": 43867,
        "Financial expenses": 5665,
        "Of which: Interest expense": 4905,
        "Cost of sales": 15964,
        "Enterprise cost management": 5323,
        "Total Operating Expenses": 26952,
        "Total revenue financing activities": 2405,
        "Net profit from business activities": 19320,
        "Profit": 250,
        "Profit before tax": 19570,
        "Present corporate income tax expenses": 1027,
        "Deferred income taxes expenses": "N/A",
        "The interests of minority shareholders": "N/A",
        "Total Cost of profits": 1027,
        "Profit after tax corporate income": 18543,
        "Volume": 7222630,
        "Close of Quarter": 3.3,
        "EPS": 184.4,
        "Non-adjusted EPS": 766,
        "PE": 4.3,
        "Book Price": 5.2
      }
    },
    {
      "quarter": "Q3 2012",
      "income status": {
        "Net sales": 388407,
        "Cost of goods sold": 363030,
        "Gross Profit": 25377,
        "Financial expenses": 6458,
        "Of which: Interest expense": 5616,
        "Cost of sales": 13393,
        "Enterprise cost management": 4197,
        "Total Operating Expenses": 24048,
        "Total revenue financing activities": 997,
        "Net profit from business activities": 2327,
        "Profit": 18,
        "Profit before tax": 2345,
        "Present corporate income tax expenses": 20,
        "Deferred income taxes expenses": "N/A",
        "The interests of minority shareholders": "N/A",
        "Total Cost of profits": 20,
        "Profit after tax corporate income": 2325,
        "Volume": 7222630,
        "Close of Quarter": 3.2,
        "EPS": 178.6,
        "Non-adjusted EPS": 742,
        "PE": 4.3,
        "Book Price": 4.6
      }
    },
    {
      "quarter": "Q2 2012",
      "income status": {
        "Net sales": 336579,
        "Cost of goods sold": 323336,
        "Gross Profit": 13244,
        "Financial expenses": 5507,
        "Of which: Interest expense": 5944,
        "Cost of sales": 11626,
        "Enterprise cost management": 5479,
        "Total Operating Expenses": 22612,
        "Total revenue financing activities": 3958,
        "Net profit from business activities": -5410,
        "Profit": 533,
        "Profit before tax": -4877,
        "Present corporate income tax expenses": "N/A",
        "Deferred income taxes expenses": "N/A",
        "The interests of minority shareholders": "N/A",
        "Total Cost of profits": 0,
        "Profit after tax corporate income": -4877,
        "Volume": 7222630,
        "Close of Quarter": 4.9,
        "EPS": 240.3,
        "Non-adjusted EPS": 998,
        "PE": 4.9,
        "Book Price": 4.5
      }
    },
    {
      "quarter": "Q1 2012",
      "income status": {
        "Net sales": 370523,
        "Cost of goods sold": 352042,
        "Gross Profit": 18481,
        "Financial expenses": 14269,
        "Of which: Interest expense": 12752,
        "Cost of sales": 10713,
        "Enterprise cost management": 5582,
        "Total Operating Expenses": 30564,
        "Total revenue financing activities": 1621,
        "Net profit from business activities": -10462,
        "Profit": 6,
        "Profit before tax": -10456,
        "Present corporate income tax expenses": "N/A",
        "Deferred income taxes expenses": "N/A",
        "The interests of minority shareholders": "N/A",
        "Total Cost of profits": 0,
        "Profit after tax corporate income": -10456,
        "Volume": 7222630,
        "Close of Quarter": 3.4,
        "EPS": 436.0,
        "Non-adjusted EPS": 1811,
        "PE": 1.9,
        "Book Price": 5.0
      }
    },
    {
      "quarter": "Q4 2011",
      "income status": {
        "Net sales": 610972,
        "Cost of goods sold": 554322,
        "Gross Profit": 56650,
        "Financial expenses": 14121,
        "Of which: Interest expense": 11036,
        "Cost of sales": 18042,
        "Enterprise cost management": 11407,
        "Total Operating Expenses": 43570,
        "Total revenue financing activities": 4668,
        "Net profit from business activities": 17749,
        "Profit": 707,
        "Profit before tax": 18455,
        "Present corporate income tax expenses": 88,
        "Deferred income taxes expenses": "N/A",
        "The interests of minority shareholders": "N/A",
        "Total Cost of profits": 88,
        "Profit after tax corporate income": 18367,
        "Volume": 7222630,
        "Close of Quarter": 3.0,
        "EPS": 919.7,
        "Non-adjusted EPS": 3820,
        "PE": 0.8,
        "Book Price": 5.7
      }
    },
    {
      "quarter": "Q3 2011",
      "income status": {
        "Net sales": 620394,
        "Cost of goods sold": 590063,
        "Gross Profit": 30331,
        "Financial expenses": 11348,
        "Of which: Interest expense": 9157,
        "Cost of sales": 16251,
        "Enterprise cost management": 4470,
        "Total Operating Expenses": 32069,
        "Total revenue financing activities": 5947,
        "Net profit from business activities": 4210,
        "Profit": "N/A",
        "Profit before tax": 4210,
        "Present corporate income tax expenses": 34,
        "Deferred income taxes expenses": "N/A",
        "The interests of minority shareholders": "N/A",
        "Total Cost of profits": 34,
        "Profit after tax corporate income": 4176,
        "Volume": 7222630,
        "Close of Quarter": 2.9,
        "EPS": 951.9,
        "Non-adjusted EPS": 3954,
        "PE": 0.7,
        "Book Price": 5.1
      }
    },
    {
      "quarter": "Q2 2011",
      "income status": {
        "Net sales": 387776,
        "Cost of goods sold": 367240,
        "Gross Profit": 20536,
        "Financial expenses": 8144,
        "Of which: Interest expense": 7305,
        "Cost of sales": 13743,
        "Enterprise cost management": 4301,
        "Total Operating Expenses": 26188,
        "Total revenue financing activities": 6654,
        "Net profit from business activities": 1003,
        "Profit": 2,
        "Profit before tax": 1004,
        "Present corporate income tax expenses": 8,
        "Deferred income taxes expenses": "N/A",
        "The interests of minority shareholders": "N/A",
        "Total Cost of profits": 8,
        "Profit after tax corporate income": 996,
        "Volume": 7222630,
        "Close of Quarter": 2.8,
        "EPS": 1008.0,
        "Non-adjusted EPS": 4187,
        "PE": 0.7,
        "Book Price": 5.0
      }
    },
    {
      "quarter": "Q1 2011",
      "income status": {
        "Net sales": 299078,
        "Cost of goods sold": 289814,
        "Gross Profit": 9264,
        "Financial expenses": 9050,
        "Of which: Interest expense": 8600,
        "Cost of sales": 11024,
        "Enterprise cost management": 3808,
        "Total Operating Expenses": 23882,
        "Total revenue financing activities": 18667,
        "Net profit from business activities": 4049,
        "Profit": 43,
        "Profit before tax": 4092,
        "Present corporate income tax expenses": 44,
        "Deferred income taxes expenses": "N/A",
        "The interests of minority shareholders": "N/A",
        "Total Cost of profits": 44,
        "Profit after tax corporate income": 4048,
        "Volume": 7222630,
        "Close of Quarter": 3.0,
        "EPS": 897.5,
        "Non-adjusted EPS": 3728,
        "PE": 0.8,
        "Book Price": 5.1
      }
    },
    {
      "quarter": "Q4 2010",
      "income status": {
        "Net sales": 516159,
        "Cost of goods sold": 467111,
        "Gross Profit": 49048,
        "Financial expenses": 8242,
        "Of which: Interest expense": 7526,
        "Cost of sales": 15797,
        "Enterprise cost management": 14566,
        "Total Operating Expenses": 38605,
        "Total revenue financing activities": 8803,
        "Net profit from business activities": 19247,
        "Profit": 270,
        "Profit before tax": 19518,
        "Present corporate income tax expenses": 182,
        "Deferred income taxes expenses": "N/A",
        "The interests of minority shareholders": "N/A",
        "Total Cost of profits": 182,
        "Profit after tax corporate income": 19335,
        "Volume": 7217630,
        "Close of Quarter": 3.1,
        "EPS": 843.5,
        "Non-adjusted EPS": 3506,
        "PE": 0.9,
        "Book Price": 5.5
      }
    },
    {
      "quarter": "Q3 2010",
      "income status": {
        "Net sales": 573262,
        "Cost of goods sold": 542150,
        "Gross Profit": 31111,
        "Financial expenses": 8192,
        "Of which: Interest expense": 3827,
        "Cost of sales": 15037,
        "Enterprise cost management": 3190,
        "Total Operating Expenses": 26419,
        "Total revenue financing activities": 1080,
        "Net profit from business activities": 5773,
        "Profit": 140,
        "Profit before tax": 5913,
        "Present corporate income tax expenses": 51,
        "Deferred income taxes expenses": "N/A",
        "The interests of minority shareholders": "N/A",
        "Total Cost of profits": 51,
        "Profit after tax corporate income": 5862,
        "Volume": 7217630,
        "Close of Quarter": 2.9,
        "EPS": 577.4,
        "Non-adjusted EPS": 2400,
        "PE": 1.2,
        "Book Price": 4.9
      }
    },
    {
      "quarter": "Q2 2010",
      "income status": {
        "Net sales": 210136,
        "Cost of goods sold": "N/A",
        "Gross Profit": 9600,
        "Financial expenses": "N/A",
        "Of which: Interest expense": 2060,
        "Cost of sales": "N/A",
        "Enterprise cost management": 3582,
        "Total Operating Expenses": 3582,
        "Total revenue financing activities": "N/A",
        "Net profit from business activities": -2875,
        "Profit": 557,
        "Profit before tax": -2319,
        "Present corporate income tax expenses": "N/A",
        "Deferred income taxes expenses": "N/A",
        "The interests of minority shareholders": "N/A",
        "Total Cost of profits": 0,
        "Profit after tax corporate income": -2319,
        "Volume": 7200000,
        "Close of Quarter": 3.5,
        "EPS": 450,
        "Non-adjusted EPS": 1875,
        "PE": 1.9,
        "Book Price": 4.6
      }
    },
    {
      "quarter": "Q1 2010",
      "income status": {
        "Net sales": 177718,
        "Cost of goods sold": "N/A",
        "Gross Profit": 11162,
        "Financial expenses": "N/A",
        "Of which: Interest expense": 7352,
        "Cost of sales": "N/A",
        "Enterprise cost management": 3440,
        "Total Operating Expenses": 3440,
        "Total revenue financing activities": "N/A",
        "Net profit from business activities": 1986,
        "Profit": 478,
        "Profit before tax": 2464,
        "Present corporate income tax expenses": "N/A",
        "Deferred income taxes expenses": 38,
        "The interests of minority shareholders": "N/A",
        "Total Cost of profits": 38,
        "Profit after tax corporate income": 2426,
        "Volume": 7200000,
        "Close of Quarter": 3.4,
        "EPS": 562.1,
        "Non-adjusted EPS": 2342,
        "PE": 1.5,
        "Book Price": 5.1
      }
    },
    {
      "quarter": "Q4 2009",
      "income status": {
        "Net sales": 279530,
        "Cost of goods sold": "N/A",
        "Gross Profit": 19957,
        "Financial expenses": "N/A",
        "Of which: Interest expense": "N/A",
        "Cost of sales": "N/A",
        "Enterprise cost management": 4912,
        "Total Operating Expenses": 4912,
        "Total revenue financing activities": "N/A",
        "Net profit from business activities": 11457,
        "Profit": 5,
        "Profit before tax": 11461,
        "Present corporate income tax expenses": "N/A",
        "Deferred income taxes expenses": 105,
        "The interests of minority shareholders": "N/A",
        "Total Cost of profits": 105,
        "Profit after tax corporate income": 11356,
        "Volume": 7200000,
        "Close of Quarter": 3.3,
        "EPS": 514.6,
        "Non-adjusted EPS": 2144,
        "PE": 1.5,
        "Book Price": 5.1
      }
    },
    {
      "quarter": "Q3 2009",
      "income status": {
        "Net sales": 321427,
        "Cost of goods sold": "N/A",
        "Gross Profit": 11247,
        "Financial expenses": "N/A",
        "Of which: Interest expense": 5337,
        "Cost of sales": "N/A",
        "Enterprise cost management": 3302,
        "Total Operating Expenses": 3302,
        "Total revenue financing activities": "N/A",
        "Net profit from business activities": 2034,
        "Profit": 16,
        "Profit before tax": 2051,
        "Present corporate income tax expenses": "N/A",
        "Deferred income taxes expenses": 17,
        "The interests of minority shareholders": "N/A",
        "Total Cost of profits": 17,
        "Profit after tax corporate income": 2034,
        "Volume": 7200000,
        "Close of Quarter": 4.3,
        "EPS": 235.9,
        "Non-adjusted EPS": 983,
        "PE": 4.4,
        "Book Price": 4.8
      }
    },
    {
      "quarter": "Q2 2009",
      "income status": {
        "Net sales": 215100,
        "Cost of goods sold": "N/A",
        "Gross Profit": 9209,
        "Financial expenses": "N/A",
        "Of which: Interest expense": 2207,
        "Cost of sales": "N/A",
        "Enterprise cost management": 2831,
        "Total Operating Expenses": 2831,
        "Total revenue financing activities": "N/A",
        "Net profit from business activities": 991,
        "Profit": 64,
        "Profit before tax": 1055,
        "Present corporate income tax expenses": "N/A",
        "Deferred income taxes expenses": 9,
        "The interests of minority shareholders": "N/A",
        "Total Cost of profits": 9,
        "Profit after tax corporate income": 1046,
        "Volume": 7200000,
        "Close of Quarter": 2.5,
        "EPS": 271.9,
        "Non-adjusted EPS": 1133,
        "PE": 2.2,
        "Book Price": 4.7
      }
    },
    {
      "quarter": "Q1 2009",
      "income status": {
        "Net sales": 124028,
        "Cost of goods sold": 113736,
        "Gross Profit": 10291,
        "Financial expenses": 3978,
        "Of which: Interest expense": 2536,
        "Cost of sales": 5407,
        "Enterprise cost management": 2396,
        "Total Operating Expenses": 11781,
        "Total revenue financing activities": 2497,
        "Net profit from business activities": 1008,
        "Profit": 3,
        "Profit before tax": 1011,
        "Present corporate income tax expenses": 10,
        "Deferred income taxes expenses": "N/A",
        "The interests of minority shareholders": "N/A",
        "Total Cost of profits": 10,
        "Profit after tax corporate income": 1001,
        "Volume": 7600000,
        "Close of Quarter": 2.0,
        "EPS": 330.1,
        "Non-adjusted EPS": 1303,
        "PE": 1.5,
        "Book Price": 4.8
      }
    },
    {
      "quarter": "Q4 2008",
      "income status": {
        "Net sales": 322992,
        "Cost of goods sold": 291547,
        "Gross Profit": 31445,
        "Financial expenses": 15351,
        "Of which: Interest expense": "N/A",
        "Cost of sales": 10622,
        "Enterprise cost management": 3750,
        "Total Operating Expenses": 29723,
        "Total revenue financing activities": 1225,
        "Net profit from business activities": 2947,
        "Profit": 69,
        "Profit before tax": 3016,
        "Present corporate income tax expenses": 22,
        "Deferred income taxes expenses": "N/A",
        "The interests of minority shareholders": "N/A",
        "Total Cost of profits": 22,
        "Profit after tax corporate income": 2993,
        "Volume": 7600000,
        "Close of Quarter": 2.2,
        "EPS": 406.9,
        "Non-adjusted EPS": 1606,
        "PE": 1.4,
        "Book Price": 5.1
      }
    },
    {
      "quarter": "Q3 2008",
      "income status": {
        "Net sales": 335283,
        "Cost of goods sold": 307423,
        "Gross Profit": 27860,
        "Financial expenses": 10014,
        "Of which: Interest expense": 7756,
        "Cost of sales": 14930,
        "Enterprise cost management": 2261,
        "Total Operating Expenses": 27205,
        "Total revenue financing activities": 2319,
        "Net profit from business activities": 2975,
        "Profit": 171,
        "Profit before tax": 3146,
        "Present corporate income tax expenses": 30,
        "Deferred income taxes expenses": "N/A",
        "The interests of minority shareholders": "N/A",
        "Total Cost of profits": 30,
        "Profit after tax corporate income": 3116,
        "Volume": 7600000,
        "Close of Quarter": 2.6,
        "EPS": 666.3,
        "Non-adjusted EPS": 2630,
        "PE": 1,
        "Book Price": 5.0
      }
    },
    {
      "quarter": "Q2 2008",
      "income status": {
        "Net sales": 205787,
        "Cost of goods sold": 191834,
        "Gross Profit": 13953,
        "Financial expenses": 4888,
        "Of which: Interest expense": "N/A",
        "Cost of sales": 7860,
        "Enterprise cost management": 3072,
        "Total Operating Expenses": 15820,
        "Total revenue financing activities": 4573,
        "Net profit from business activities": 2707,
        "Profit": 122,
        "Profit before tax": 2829,
        "Present corporate income tax expenses": 34,
        "Deferred income taxes expenses": "N/A",
        "The interests of minority shareholders": "N/A",
        "Total Cost of profits": 34,
        "Profit after tax corporate income": 2795,
        "Volume": 7900000,
        "Close of Quarter": 2.9,
        "EPS": 853.7,
        "Non-adjusted EPS": 3242,
        "PE": 0.9,
        "Book Price": 5.0
      }
    },
    {
      "quarter": "Q1 2008",
      "income status": {
        "Net sales": 153251,
        "Cost of goods sold": 138455,
        "Gross Profit": 14795,
        "Financial expenses": 3885,
        "Of which: Interest expense": 2678,
        "Cost of sales": 6172,
        "Enterprise cost management": 2212,
        "Total Operating Expenses": 12269,
        "Total revenue financing activities": 789,
        "Net profit from business activities": 3316,
        "Profit": 22,
        "Profit before tax": 3337,
        "Present corporate income tax expenses": 33,
        "Deferred income taxes expenses": "N/A",
        "The interests of minority shareholders": "N/A",
        "Total Cost of profits": 33,
        "Profit after tax corporate income": 3305,
        "Volume": 6900000,
        "Close of Quarter": 4.1,
        "EPS": 827.8,
        "Non-adjusted EPS": 3599,
        "PE": 1.1,
        "Book Price": 5.4
      }
    },
    {
      "quarter": "Q4 2007",
      "income status": {
        "Net sales": 282186,
        "Cost of goods sold": 257026,
        "Gross Profit": 25160,
        "Financial expenses": 3840,
        "Of which: Interest expense": "N/A",
        "Cost of sales": 9652,
        "Enterprise cost management": 2388,
        "Total Operating Expenses": 15880,
        "Total revenue financing activities": 1554,
        "Net profit from business activities": 10833,
        "Profit": 39,
        "Profit before tax": 10872,
        "Present corporate income tax expenses": 98,
        "Deferred income taxes expenses": "N/A",
        "The interests of minority shareholders": "N/A",
        "Total Cost of profits": 98,
        "Profit after tax corporate income": 10774,
        "Volume": 6900000,
        "Close of Quarter": 8.7,
        "EPS": 916.6,
        "Non-adjusted EPS": 3985,
        "PE": 2.2,
        "Book Price": 5.4
      }
    },
    {
      "quarter": "Q3 2007",
      "income status": {
        "Net sales": 288397,
        "Cost of goods sold": 266784,
        "Gross Profit": 21613,
        "Financial expenses": 3829,
        "Of which: Interest expense": "N/A",
        "Cost of sales": 8571,
        "Enterprise cost management": 2365,
        "Total Operating Expenses": 14765,
        "Total revenue financing activities": 1860,
        "Net profit from business activities": 8708,
        "Profit": 111,
        "Profit before tax": 8819,
        "Present corporate income tax expenses": 85,
        "Deferred income taxes expenses": "N/A",
        "The interests of minority shareholders": "N/A",
        "Total Cost of profits": 85,
        "Profit after tax corporate income": 8734,
        "Volume": 6900000,
        "Close of Quarter": 10.0,
        "EPS": 792.6,
        "Non-adjusted EPS": 3446,
        "PE": 2.9,
        "Book Price": 3.7
      }
    },
    {
      "quarter": "Q2 2007",
      "income status": {
        "Net sales": 215248,
        "Cost of goods sold": 198923,
        "Gross Profit": 16325,
        "Financial expenses": 2828,
        "Of which: Interest expense": 2093,
        "Cost of sales": 9260,
        "Enterprise cost management": 2304,
        "Total Operating Expenses": 14392,
        "Total revenue financing activities": 111,
        "Net profit from business activities": 2044,
        "Profit": 2,
        "Profit before tax": 2046,
        "Present corporate income tax expenses": 25,
        "Deferred income taxes expenses": "N/A",
        "The interests of minority shareholders": "N/A",
        "Total Cost of profits": 25,
        "Profit after tax corporate income": 2021,
        "Volume": 6000000,
        "Close of Quarter": 10.7,
        "EPS": 850.4,
        "Non-adjusted EPS": 4252,
        "PE": 2.5,
        "Book Price": 3.4
      }
    },
    {
      "quarter": "Q1 2007",
      "income status": {
        "Net sales": 213932,
        "Cost of goods sold": 197379,
        "Gross Profit": 16554,
        "Financial expenses": 2275,
        "Of which: Interest expense": "N/A",
        "Cost of sales": 6500,
        "Enterprise cost management": 2101,
        "Total Operating Expenses": 10876,
        "Total revenue financing activities": 346,
        "Net profit from business activities": 6024,
        "Profit": 8,
        "Profit before tax": 6032,
        "Present corporate income tax expenses": 67,
        "Deferred income taxes expenses": "N/A",
        "The interests of minority shareholders": "N/A",
        "Total Cost of profits": 67,
        "Profit after tax corporate income": 5965,
        "Volume": 6000000,
        "Close of Quarter": 13.0,
        "EPS": 991.8,
        "Non-adjusted EPS": 4959,
        "PE": 2.6,
        "Book Price": 3.8
      }
    },
    {
      "quarter": "Q4 2006",
      "income status": {
        "Net sales": 260285,
        "Cost of goods sold": 241930,
        "Gross Profit": 18355,
        "Financial expenses": 2016,
        "Of which: Interest expense": "N/A",
        "Cost of sales": 6558,
        "Enterprise cost management": 2636,
        "Total Operating Expenses": 11210,
        "Total revenue financing activities": 232,
        "Net profit from business activities": 7378,
        "Profit": -4,
        "Profit before tax": 7373,
        "Present corporate income tax expenses": 314,
        "Deferred income taxes expenses": "N/A",
        "The interests of minority shareholders": "N/A",
        "Total Cost of profits": 314,
        "Profit after tax corporate income": 7059,
        "Volume": 6000000,
        "Close of Quarter": 13.2,
        "EPS": 793,
        "Non-adjusted EPS": 3965,
        "PE": 3.3,
        "Book Price": 3.8
      }
    },
    {
      "quarter": "Q3 2006",
      "income status": {
        "Net sales": 300715,
        "Cost of goods sold": 277704,
        "Gross Profit": 23012,
        "Financial expenses": 1600,
        "Of which: Interest expense": 1267,
        "Cost of sales": 8520,
        "Enterprise cost management": 2345,
        "Total Operating Expenses": 12465,
        "Total revenue financing activities": 109,
        "Net profit from business activities": 10654,
        "Profit": -89,
        "Profit before tax": 10566,
        "Present corporate income tax expenses": 96,
        "Deferred income taxes expenses": "N/A",
        "The interests of minority shareholders": "N/A",
        "Total Cost of profits": 96,
        "Profit after tax corporate income": 10469,
        "Volume": 6000000,
        "Close of Quarter": "N/A",
        "EPS": 557.6,
        "Non-adjusted EPS": 2788,
        "PE": "N/A",
        "Book Price": 3.1
      }
    },
    {
      "quarter": "Q2 2006",
      "income status": {
        "Net sales": 199524,
        "Cost of goods sold": 178166,
        "Gross Profit": 21358,
        "Financial expenses": 1594,
        "Of which: Interest expense": 1260,
        "Cost of sales": 13885,
        "Enterprise cost management": 4208,
        "Total Operating Expenses": 19687,
        "Total revenue financing activities": 450,
        "Net profit from business activities": 2121,
        "Profit": 4200,
        "Profit before tax": 6321,
        "Present corporate income tax expenses": 60,
        "Deferred income taxes expenses": "N/A",
        "The interests of minority shareholders": "N/A",
        "Total Cost of profits": 60,
        "Profit after tax corporate income": 6261,
        "Volume": 6000000,
        "Close of Quarter": "N/A",
        "EPS": 208.8,
        "Non-adjusted EPS": 1044,
        "PE": "N/A",
        "Book Price": "N/A"
      }
    }
  ]
}