{
  "ticker": "PVT",
  "data": [
    {
      "quarter": "Q1 2017",
      "income status": {
        "Net sales": 1652047,
        "Cost of goods sold": 1464684,
        "Gross Profit": 187363,
        "Financial expenses": 39185,
        "Of which: Interest expense": 36543,
        "Cost of sales": 1263,
        "Enterprise cost management": 47063,
        "Total Operating Expenses": 87511,
        "Total revenue financing activities": 54352,
        "Net profit from business activities": 160813,
        "Profit": 2051,
        "Profit before tax": 162864,
        "Present corporate income tax expenses": 34635,
        "Deferred income taxes expenses": 1661,
        "The interests of minority shareholders": 106974,
        "Total Cost of profits": 143270,
        "Profit after tax corporate income": 19594,
        "Volume": 281440162,
        "Close of Quarter": 11.9,
        "EPS": 1274,
        "Non-adjusted EPS": 1274,
        "PE": 9.3,
        "Book Price": 15.7
      }
    },
    {
      "quarter": "Q4 2016",
      "income status": {
        "Net sales": 1917783,
        "Cost of goods sold": 1714463,
        "Gross Profit": 203320,
        "Financial expenses": 54355,
        "Of which: Interest expense": 35693,
        "Cost of sales": 3316,
        "Enterprise cost management": 57783,
        "Total Operating Expenses": 115454,
        "Total revenue financing activities": 46963,
        "Net profit from business activities": 142631,
        "Profit": 4897,
        "Profit before tax": 147528,
        "Present corporate income tax expenses": 40741,
        "Deferred income taxes expenses": 519,
        "The interests of minority shareholders": -6346,
        "Total Cost of profits": 34914,
        "Profit after tax corporate income": 112614,
        "Volume": 281440162,
        "Close of Quarter": 10.8,
        "EPS": 1468,
        "Non-adjusted EPS": 1468,
        "PE": 7.4,
        "Book Price": 15.4
      }
    },
    {
      "quarter": "Q3 2016",
      "income status": {
        "Net sales": 1602141,
        "Cost of goods sold": 1416913,
        "Gross Profit": 185229,
        "Financial expenses": 31153,
        "Of which: Interest expense": 28215,
        "Cost of sales": 1828,
        "Enterprise cost management": 56918,
        "Total Operating Expenses": 89899,
        "Total revenue financing activities": 35559,
        "Net profit from business activities": 138649,
        "Profit": 10930,
        "Profit before tax": 149579,
        "Present corporate income tax expenses": 22950,
        "Deferred income taxes expenses": 58,
        "The interests of minority shareholders": 17659,
        "Total Cost of profits": 40667,
        "Profit after tax corporate income": 108912,
        "Volume": 255857542,
        "Close of Quarter": 13.4,
        "EPS": 1617.3,
        "Non-adjusted EPS": 1779,
        "PE": 7.6,
        "Book Price": 15
      }
    },
    {
      "quarter": "Q2 2016",
      "income status": {
        "Net sales": 1731104,
        "Cost of goods sold": 1506942,
        "Gross Profit": 224162,
        "Financial expenses": 27541,
        "Of which: Interest expense": 30139,
        "Cost of sales": 1742,
        "Enterprise cost management": 61429,
        "Total Operating Expenses": 90712,
        "Total revenue financing activities": 28046,
        "Net profit from business activities": 166775,
        "Profit": 17003,
        "Profit before tax": 183779,
        "Present corporate income tax expenses": 33469,
        "Deferred income taxes expenses": 1778,
        "The interests of minority shareholders": 31200,
        "Total Cost of profits": 66447,
        "Profit after tax corporate income": 117332,
        "Volume": 255857542,
        "Close of Quarter": 11.1,
        "EPS": 1449.1,
        "Non-adjusted EPS": 1594,
        "PE": 7.0,
        "Book Price": 15.3
      }
    },
    {
      "quarter": "Q1 2016",
      "income status": {
        "Net sales": 1533691,
        "Cost of goods sold": 1383687,
        "Gross Profit": 150004,
        "Financial expenses": 36109,
        "Of which: Interest expense": 28900,
        "Cost of sales": 1747,
        "Enterprise cost management": 50143,
        "Total Operating Expenses": 87999,
        "Total revenue financing activities": 47056,
        "Net profit from business activities": 115114,
        "Profit": 6913,
        "Profit before tax": 122027,
        "Present corporate income tax expenses": 22124,
        "Deferred income taxes expenses": 700,
        "The interests of minority shareholders": 24958,
        "Total Cost of profits": 47782,
        "Profit after tax corporate income": 74245,
        "Volume": 255857542,
        "Close of Quarter": 8.3,
        "EPS": 1338.2,
        "Non-adjusted EPS": 1472,
        "PE": 5.6,
        "Book Price": 15.7
      }
    },
    {
      "quarter": "Q4 2015",
      "income status": {
        "Net sales": 1675912,
        "Cost of goods sold": 1424292,
        "Gross Profit": 251621,
        "Financial expenses": 32691,
        "Of which: Interest expense": 32364,
        "Cost of sales": 1802,
        "Enterprise cost management": 53480,
        "Total Operating Expenses": 87973,
        "Total revenue financing activities": 40460,
        "Net profit from business activities": 210048,
        "Profit": 18272,
        "Profit before tax": 228320,
        "Present corporate income tax expenses": 49052,
        "Deferred income taxes expenses": 581,
        "The interests of minority shareholders": 23974,
        "Total Cost of profits": 73607,
        "Profit after tax corporate income": 154713,
        "Volume": 255857542,
        "Close of Quarter": 8.2,
        "EPS": 1256.4,
        "Non-adjusted EPS": 1382,
        "PE": 5.9,
        "Book Price": 15.4
      }
    },
    {
      "quarter": "Q3 2015",
      "income status": {
        "Net sales": 1511482,
        "Cost of goods sold": 1289337,
        "Gross Profit": 222145,
        "Financial expenses": 111594,
        "Of which: Interest expense": 31348,
        "Cost of sales": 2088,
        "Enterprise cost management": 54532,
        "Total Operating Expenses": 168214,
        "Total revenue financing activities": 26803,
        "Net profit from business activities": 91269,
        "Profit": 8890,
        "Profit before tax": 100160,
        "Present corporate income tax expenses": 23886,
        "Deferred income taxes expenses": 101,
        "The interests of minority shareholders": 14558,
        "Total Cost of profits": 38545,
        "Profit after tax corporate income": 61615,
        "Volume": 255857542,
        "Close of Quarter": 8.4,
        "EPS": 1036.4,
        "Non-adjusted EPS": 1140,
        "PE": 7.3,
        "Book Price": 14.7
      }
    },
    {
      "quarter": "Q2 2015",
      "income status": {
        "Net sales": 1414568,
        "Cost of goods sold": 1224898,
        "Gross Profit": 189669,
        "Financial expenses": 55341,
        "Of which: Interest expense": 28127,
        "Cost of sales": 3148,
        "Enterprise cost management": 61608,
        "Total Operating Expenses": 120097,
        "Total revenue financing activities": 32287,
        "Net profit from business activities": 110903,
        "Profit": 20896,
        "Profit before tax": 131799,
        "Present corporate income tax expenses": 24686,
        "Deferred income taxes expenses": -615,
        "The interests of minority shareholders": 21805,
        "Total Cost of profits": 45876,
        "Profit after tax corporate income": 85923,
        "Volume": 255857542,
        "Close of Quarter": 9.6,
        "EPS": 1176.4,
        "Non-adjusted EPS": 1294,
        "PE": 7.5,
        "Book Price": 14.5
      }
    },
    {
      "quarter": "Q1 2015",
      "income status": {
        "Net sales": 1117331,
        "Cost of goods sold": 1007117,
        "Gross Profit": 110215,
        "Financial expenses": 26425,
        "Of which: Interest expense": 4818,
        "Cost of sales": 794,
        "Enterprise cost management": 42159,
        "Total Operating Expenses": 69378,
        "Total revenue financing activities": 32573,
        "Net profit from business activities": 79810,
        "Profit": 4160,
        "Profit before tax": 83970,
        "Present corporate income tax expenses": 15110,
        "Deferred income taxes expenses": 1070,
        "The interests of minority shareholders": 16524,
        "Total Cost of profits": 32704,
        "Profit after tax corporate income": 51266,
        "Volume": 255857542,
        "Close of Quarter": 10.2,
        "EPS": 1172.7,
        "Non-adjusted EPS": 1290,
        "PE": 7.9,
        "Book Price": 14.3
      }
    },
    {
      "quarter": "Q4 2014",
      "income status": {
        "Net sales": 1376989,
        "Cost of goods sold": 1184846,
        "Gross Profit": 192144,
        "Financial expenses": 38411,
        "Of which: Interest expense": 20558,
        "Cost of sales": 1058,
        "Enterprise cost management": 60232,
        "Total Operating Expenses": 99701,
        "Total revenue financing activities": 34655,
        "Net profit from business activities": 136261,
        "Profit": 5654,
        "Profit before tax": 141916,
        "Present corporate income tax expenses": 30075,
        "Deferred income taxes expenses": 1441,
        "The interests of minority shareholders": 17445,
        "Total Cost of profits": 48961,
        "Profit after tax corporate income": 92955,
        "Volume": 255857542,
        "Close of Quarter": 11.3,
        "EPS": 1169.1,
        "Non-adjusted EPS": 1286,
        "PE": 8.8,
        "Book Price": 14.1
      }
    },
    {
      "quarter": "Q3 2014",
      "income status": {
        "Net sales": 1304449,
        "Cost of goods sold": 1225367,
        "Gross Profit": 79082,
        "Financial expenses": 24105,
        "Of which: Interest expense": 22627,
        "Cost of sales": 1944,
        "Enterprise cost management": 41038,
        "Total Operating Expenses": 67087,
        "Total revenue financing activities": 39897,
        "Net profit from business activities": 62261,
        "Profit": 83032,
        "Profit before tax": 145293,
        "Present corporate income tax expenses": 27283,
        "Deferred income taxes expenses": 400,
        "The interests of minority shareholders": 16784,
        "Total Cost of profits": 44467,
        "Profit after tax corporate income": 100825,
        "Volume": 255857542,
        "Close of Quarter": 13.7,
        "EPS": 1049.1,
        "Non-adjusted EPS": 1154,
        "PE": 11.9,
        "Book Price": 13.8
      }
    },
    {
      "quarter": "Q2 2014",
      "income status": {
        "Net sales": 1244241,
        "Cost of goods sold": 1083781,
        "Gross Profit": 160461,
        "Financial expenses": 57021,
        "Of which: Interest expense": 29396,
        "Cost of sales": 2341,
        "Enterprise cost management": 42202,
        "Total Operating Expenses": 101564,
        "Total revenue financing activities": 52450,
        "Net profit from business activities": 116844,
        "Profit": 2583,
        "Profit before tax": 119427,
        "Present corporate income tax expenses": 11003,
        "Deferred income taxes expenses": -141,
        "The interests of minority shareholders": 23428,
        "Total Cost of profits": 34290,
        "Profit after tax corporate income": 85137,
        "Volume": 232600000,
        "Close of Quarter": 9.7,
        "EPS": 857.0,
        "Non-adjusted EPS": 1037,
        "PE": 9.4,
        "Book Price": 13.3
      }
    },
    {
      "quarter": "Q1 2014",
      "income status": {
        "Net sales": 1339482,
        "Cost of goods sold": 1228703,
        "Gross Profit": 110779,
        "Financial expenses": 26279,
        "Of which: Interest expense": 22165,
        "Cost of sales": 661,
        "Enterprise cost management": 42488,
        "Total Operating Expenses": 69428,
        "Total revenue financing activities": 31048,
        "Net profit from business activities": 75487,
        "Profit": 463,
        "Profit before tax": 75950,
        "Present corporate income tax expenses": 14426,
        "Deferred income taxes expenses": 130,
        "The interests of minority shareholders": 11391,
        "Total Cost of profits": 25947,
        "Profit after tax corporate income": 50003,
        "Volume": 232600000,
        "Close of Quarter": 11.6,
        "EPS": 858.7,
        "Non-adjusted EPS": 1039,
        "PE": 11.2,
        "Book Price": 13.1
      }
    },
    {
      "quarter": "Q4 2013",
      "income status": {
        "Net sales": 1444442,
        "Cost of goods sold": 1260191,
        "Gross Profit": 184251,
        "Financial expenses": 33315,
        "Of which: Interest expense": 32972,
        "Cost of sales": 5795,
        "Enterprise cost management": 71575,
        "Total Operating Expenses": 110685,
        "Total revenue financing activities": 37537,
        "Net profit from business activities": 111102,
        "Profit": 3155,
        "Profit before tax": 117959,
        "Present corporate income tax expenses": 27120,
        "Deferred income taxes expenses": -1164,
        "The interests of minority shareholders": 32591,
        "Total Cost of profits": 58547,
        "Profit after tax corporate income": 59412,
        "Volume": 232600000,
        "Close of Quarter": 8.6,
        "EPS": 836.4,
        "Non-adjusted EPS": 1012,
        "PE": 8.5,
        "Book Price": 10
      }
    },
    {
      "quarter": "Q3 2013",
      "income status": {
        "Net sales": 1202169,
        "Cost of goods sold": 1099596,
        "Gross Profit": 102573,
        "Financial expenses": 24366,
        "Of which: Interest expense": 23834,
        "Cost of sales": 2130,
        "Enterprise cost management": 51950,
        "Total Operating Expenses": 78446,
        "Total revenue financing activities": 43102,
        "Net profit from business activities": 67230,
        "Profit": 7287,
        "Profit before tax": 80948,
        "Present corporate income tax expenses": 14099,
        "Deferred income taxes expenses": "N/A",
        "The interests of minority shareholders": 20123,
        "Total Cost of profits": 34222,
        "Profit after tax corporate income": 46726,
        "Volume": 232600000,
        "Close of Quarter": 6.6,
        "EPS": 562,
        "Non-adjusted EPS": 680,
        "PE": 9.7,
        "Book Price": 9.8
      }
    },
    {
      "quarter": "Q2 2013",
      "income status": {
        "Net sales": 1088904,
        "Cost of goods sold": 929136,
        "Gross Profit": 159768,
        "Financial expenses": 73280,
        "Of which: Interest expense": 31903,
        "Cost of sales": 2452,
        "Enterprise cost management": 23212,
        "Total Operating Expenses": 98944,
        "Total revenue financing activities": 51918,
        "Net profit from business activities": 112742,
        "Profit": 1973,
        "Profit before tax": 122299,
        "Present corporate income tax expenses": 26152,
        "Deferred income taxes expenses": 1474,
        "The interests of minority shareholders": 9201,
        "Total Cost of profits": 36827,
        "Profit after tax corporate income": 85473,
        "Volume": 232600000,
        "Close of Quarter": 3.9,
        "EPS": 520.7,
        "Non-adjusted EPS": 630,
        "PE": 6.1,
        "Book Price": 9.6
      }
    },
    {
      "quarter": "Q1 2013",
      "income status": {
        "Net sales": 1235313,
        "Cost of goods sold": 1117253,
        "Gross Profit": 118060,
        "Financial expenses": 43497,
        "Of which: Interest expense": 25045,
        "Cost of sales": 1096,
        "Enterprise cost management": 37653,
        "Total Operating Expenses": 82246,
        "Total revenue financing activities": 23740,
        "Net profit from business activities": 59552,
        "Profit": 4437,
        "Profit before tax": 67623,
        "Present corporate income tax expenses": 14695,
        "Deferred income taxes expenses": "N/A",
        "The interests of minority shareholders": 9114,
        "Total Cost of profits": 23809,
        "Profit after tax corporate income": 43814,
        "Volume": 232600000,
        "Close of Quarter": 3.2,
        "EPS": 381,
        "Non-adjusted EPS": 461,
        "PE": 7.0,
        "Book Price": 9.3
      }
    },
    {
      "quarter": "Q4 2012",
      "income status": {
        "Net sales": 1250405,
        "Cost of goods sold": 1106322,
        "Gross Profit": 144083,
        "Financial expenses": 143414,
        "Of which: Interest expense": 24749,
        "Cost of sales": 3206,
        "Enterprise cost management": 100222,
        "Total Operating Expenses": 246842,
        "Total revenue financing activities": 41960,
        "Net profit from business activities": -60799,
        "Profit": -129,
        "Profit before tax": -55827,
        "Present corporate income tax expenses": 5613,
        "Deferred income taxes expenses": -1480,
        "The interests of minority shareholders": -42137,
        "Total Cost of profits": -38004,
        "Profit after tax corporate income": -17823,
        "Volume": 232600000,
        "Close of Quarter": 3,
        "EPS": 371.1,
        "Non-adjusted EPS": 449,
        "PE": 6.7,
        "Book Price": 9.2
      }
    },
    {
      "quarter": "Q3 2012",
      "income status": {
        "Net sales": 1032196,
        "Cost of goods sold": 900474,
        "Gross Profit": 131721,
        "Financial expenses": 91765,
        "Of which: Interest expense": 33899,
        "Cost of sales": 974,
        "Enterprise cost management": 40957,
        "Total Operating Expenses": 133696,
        "Total revenue financing activities": 32618,
        "Net profit from business activities": 30643,
        "Profit": 1497,
        "Profit before tax": 35316,
        "Present corporate income tax expenses": 4606,
        "Deferred income taxes expenses": "N/A",
        "The interests of minority shareholders": -4413,
        "Total Cost of profits": 193,
        "Profit after tax corporate income": 35122,
        "Volume": 232600000,
        "Close of Quarter": 2.9,
        "EPS": 471.9,
        "Non-adjusted EPS": 571,
        "PE": 5.1,
        "Book Price": 9.1
      }
    },
    {
      "quarter": "Q2 2012",
      "income status": {
        "Net sales": 989117,
        "Cost of goods sold": 942245,
        "Gross Profit": 46871,
        "Financial expenses": 185963,
        "Of which: Interest expense": 41570,
        "Cost of sales": 1457,
        "Enterprise cost management": 36628,
        "Total Operating Expenses": 224048,
        "Total revenue financing activities": 47467,
        "Net profit from business activities": -129711,
        "Profit": 150335,
        "Profit before tax": 23196,
        "Present corporate income tax expenses": 13328,
        "Deferred income taxes expenses": 39,
        "The interests of minority shareholders": -36369,
        "Total Cost of profits": -23002,
        "Profit after tax corporate income": 46199,
        "Volume": 232600000,
        "Close of Quarter": 3.7,
        "EPS": 393.4,
        "Non-adjusted EPS": 476,
        "PE": 7.7,
        "Book Price": 8.8
      }
    },
    {
      "quarter": "Q1 2012",
      "income status": {
        "Net sales": 1199153,
        "Cost of goods sold": 1057053,
        "Gross Profit": 142100,
        "Financial expenses": 83464,
        "Of which: Interest expense": 31509,
        "Cost of sales": 1381,
        "Enterprise cost management": 65086,
        "Total Operating Expenses": 149931,
        "Total revenue financing activities": 34962,
        "Net profit from business activities": 27132,
        "Profit": 1127,
        "Profit before tax": 30791,
        "Present corporate income tax expenses": 7851,
        "Deferred income taxes expenses": -39,
        "The interests of minority shareholders": -18058,
        "Total Cost of profits": -10246,
        "Profit after tax corporate income": 41037,
        "Volume": 232600000,
        "Close of Quarter": 3.3,
        "EPS": 207.4,
        "Non-adjusted EPS": 251,
        "PE": 13.1,
        "Book Price": 8.4
      }
    },
    {
      "quarter": "Q4 2011",
      "income status": {
        "Net sales": 1400527,
        "Cost of goods sold": 1271253,
        "Gross Profit": 129273,
        "Financial expenses": 140523,
        "Of which: Interest expense": 37708,
        "Cost of sales": 5764,
        "Enterprise cost management": 45211,
        "Total Operating Expenses": 191498,
        "Total revenue financing activities": 85503,
        "Net profit from business activities": 23278,
        "Profit": 6086,
        "Profit before tax": 43342,
        "Present corporate income tax expenses": 8550,
        "Deferred income taxes expenses": -785,
        "The interests of minority shareholders": 25125,
        "Total Cost of profits": 32890,
        "Profit after tax corporate income": 10452,
        "Volume": 232600000,
        "Close of Quarter": 2.3,
        "EPS": 102.5,
        "Non-adjusted EPS": 124,
        "PE": 18.2,
        "Book Price": 8.1
      }
    },
    {
      "quarter": "Q3 2011",
      "income status": {
        "Net sales": 856913,
        "Cost of goods sold": 765899,
        "Gross Profit": 91014,
        "Financial expenses": 153925,
        "Of which: Interest expense": 36977,
        "Cost of sales": 877,
        "Enterprise cost management": 31763,
        "Total Operating Expenses": 186565,
        "Total revenue financing activities": 107227,
        "Net profit from business activities": 11675,
        "Profit": 9677,
        "Profit before tax": 32201,
        "Present corporate income tax expenses": 4125,
        "Deferred income taxes expenses": "N/A",
        "The interests of minority shareholders": 4187,
        "Total Cost of profits": 8312,
        "Profit after tax corporate income": 13040,
        "Volume": 232600000,
        "Close of Quarter": 3.7,
        "EPS": 92.6,
        "Non-adjusted EPS": 112,
        "PE": 33.3,
        "Book Price": 8.0
      }
    },
    {
      "quarter": "Q2 2011",
      "income status": {
        "Net sales": 978710,
        "Cost of goods sold": 893968,
        "Gross Profit": 84742,
        "Financial expenses": 133551,
        "Of which: Interest expense": 49076,
        "Cost of sales": 685,
        "Enterprise cost management": 34389,
        "Total Operating Expenses": 168625,
        "Total revenue financing activities": 75623,
        "Net profit from business activities": -8259,
        "Profit": 1890,
        "Profit before tax": -6370,
        "Present corporate income tax expenses": -3887,
        "Deferred income taxes expenses": "N/A",
        "The interests of minority shareholders": 3611,
        "Total Cost of profits": -276,
        "Profit after tax corporate income": -6094,
        "Volume": 232600000,
        "Close of Quarter": 3.4,
        "EPS": -12.4,
        "Non-adjusted EPS": -15,
        "PE": -228.7,
        "Book Price": 7.8
      }
    },
    {
      "quarter": "Q1 2011",
      "income status": {
        "Net sales": 949709,
        "Cost of goods sold": 857604,
        "Gross Profit": 92106,
        "Financial expenses": 96419,
        "Of which: Interest expense": 38474,
        "Cost of sales": 990,
        "Enterprise cost management": 23685,
        "Total Operating Expenses": 121094,
        "Total revenue financing activities": 42909,
        "Net profit from business activities": 13920,
        "Profit": 4009,
        "Profit before tax": 17930,
        "Present corporate income tax expenses": 14110,
        "Deferred income taxes expenses": "N/A",
        "The interests of minority shareholders": -7682,
        "Total Cost of profits": 6428,
        "Profit after tax corporate income": 11502,
        "Volume": 232600000,
        "Close of Quarter": 5.8,
        "EPS": 115.7,
        "Non-adjusted EPS": 140,
        "PE": 41.7,
        "Book Price": 7.8
      }
    },
    {
      "quarter": "Q4 2010",
      "income status": {
        "Net sales": 1032988,
        "Cost of goods sold": 941457,
        "Gross Profit": 91531,
        "Financial expenses": 126417,
        "Of which: Interest expense": 29566,
        "Cost of sales": 951,
        "Enterprise cost management": 24758,
        "Total Operating Expenses": 152126,
        "Total revenue financing activities": 95465,
        "Net profit from business activities": 34870,
        "Profit": -2972,
        "Profit before tax": 31897,
        "Present corporate income tax expenses": 8506,
        "Deferred income taxes expenses": -131,
        "The interests of minority shareholders": 15826,
        "Total Cost of profits": 24201,
        "Profit after tax corporate income": 7696,
        "Volume": 232600000,
        "Close of Quarter": 7.5,
        "EPS": 191.7,
        "Non-adjusted EPS": 232,
        "PE": 32.1,
        "Book Price": 8.3
      }
    },
    {
      "quarter": "Q3 2010",
      "income status": {
        "Net sales": 830628,
        "Cost of goods sold": 771443,
        "Gross Profit": 59185,
        "Financial expenses": 113889,
        "Of which: Interest expense": 39170,
        "Cost of sales": 1105,
        "Enterprise cost management": 23793,
        "Total Operating Expenses": 138787,
        "Total revenue financing activities": 38172,
        "Net profit from business activities": -41431,
        "Profit": 934,
        "Profit before tax": -40496,
        "Present corporate income tax expenses": 4322,
        "Deferred income taxes expenses": "N/A",
        "The interests of minority shareholders": -28236,
        "Total Cost of profits": -23914,
        "Profit after tax corporate income": -16582,
        "Volume": 232600000,
        "Close of Quarter": 8.8,
        "EPS": 190.9,
        "Non-adjusted EPS": 231,
        "PE": 38.0,
        "Book Price": 8.2
      }
    },
    {
      "quarter": "Q2 2010",
      "income status": {
        "Net sales": 971230,
        "Cost of goods sold": 846197,
        "Gross Profit": 125032,
        "Financial expenses": 109380,
        "Of which: Interest expense": 34952,
        "Cost of sales": 1352,
        "Enterprise cost management": 24059,
        "Total Operating Expenses": 134791,
        "Total revenue financing activities": 37646,
        "Net profit from business activities": 27886,
        "Profit": 448,
        "Profit before tax": 28335,
        "Present corporate income tax expenses": 15038,
        "Deferred income taxes expenses": "N/A",
        "The interests of minority shareholders": -16603,
        "Total Cost of profits": -1565,
        "Profit after tax corporate income": 29899,
        "Volume": 230345684,
        "Close of Quarter": 11.3,
        "EPS": 340.5,
        "Non-adjusted EPS": 416,
        "PE": 27.0,
        "Book Price": 8.2
      }
    },
    {
      "quarter": "Q1 2010",
      "income status": {
        "Net sales": 692550,
        "Cost of goods sold": 601131,
        "Gross Profit": 91419,
        "Financial expenses": 46011,
        "Of which: Interest expense": 27558,
        "Cost of sales": 1103,
        "Enterprise cost management": 22873,
        "Total Operating Expenses": 69987,
        "Total revenue financing activities": 24312,
        "Net profit from business activities": 45745,
        "Profit": 2094,
        "Profit before tax": 47839,
        "Present corporate income tax expenses": 19767,
        "Deferred income taxes expenses": "N/A",
        "The interests of minority shareholders": -4802,
        "Total Cost of profits": 14965,
        "Profit after tax corporate income": 32873,
        "Volume": 230345684,
        "Close of Quarter": 9.0,
        "EPS": 73.7,
        "Non-adjusted EPS": 90,
        "PE": 99.9,
        "Book Price": 8.0
      }
    },
    {
      "quarter": "Q4 2009",
      "income status": {
        "Net sales": 798989,
        "Cost of goods sold": 686766,
        "Gross Profit": 112223,
        "Financial expenses": 98016,
        "Of which: Interest expense": 24978,
        "Cost of sales": 554,
        "Enterprise cost management": 28978,
        "Total Operating Expenses": 127548,
        "Total revenue financing activities": 20538,
        "Net profit from business activities": 5212,
        "Profit": -1196,
        "Profit before tax": 4017,
        "Present corporate income tax expenses": 9569,
        "Deferred income taxes expenses": 2428,
        "The interests of minority shareholders": -15577,
        "Total Cost of profits": -3580,
        "Profit after tax corporate income": 7597,
        "Volume": 147600000,
        "Close of Quarter": 11.2,
        "EPS": -8.9,
        "Non-adjusted EPS": -17,
        "PE": -657.7,
        "Book Price": 5.1
      }
    },
    {
      "quarter": "Q3 2009",
      "income status": {
        "Net sales": 497016,
        "Cost of goods sold": 460166,
        "Gross Profit": 36850,
        "Financial expenses": 13137,
        "Of which: Interest expense": 11932,
        "Cost of sales": 1012,
        "Enterprise cost management": 19972,
        "Total Operating Expenses": 34121,
        "Total revenue financing activities": 22747,
        "Net profit from business activities": 25477,
        "Profit": 594,
        "Profit before tax": 26071,
        "Present corporate income tax expenses": 11733,
        "Deferred income taxes expenses": "N/A",
        "The interests of minority shareholders": -11077,
        "Total Cost of profits": 656,
        "Profit after tax corporate income": 25415,
        "Volume": 147600000,
        "Close of Quarter": 13.3,
        "EPS": 5.2,
        "Non-adjusted EPS": 10,
        "PE": 1334,
        "Book Price": 5.4
      }
    },
    {
      "quarter": "Q2 2009",
      "income status": {
        "Net sales": 322179,
        "Cost of goods sold": 340617,
        "Gross Profit": -18438,
        "Financial expenses": 30229,
        "Of which: Interest expense": 22333,
        "Cost of sales": 1078,
        "Enterprise cost management": 22164,
        "Total Operating Expenses": 53471,
        "Total revenue financing activities": 24510,
        "Net profit from business activities": -47400,
        "Profit": 583,
        "Profit before tax": -46817,
        "Present corporate income tax expenses": 116,
        "Deferred income taxes expenses": "N/A",
        "The interests of minority shareholders": -1737,
        "Total Cost of profits": -1621,
        "Profit after tax corporate income": -45196,
        "Volume": 147600000,
        "Close of Quarter": 12.6,
        "EPS": 45.1,
        "Non-adjusted EPS": 86,
        "PE": 146.2,
        "Book Price": 5.2
      }
    },
    {
      "quarter": "Q1 2009",
      "income status": {
        "Net sales": 301068,
        "Cost of goods sold": 286278,
        "Gross Profit": 14789,
        "Financial expenses": 31446,
        "Of which: Interest expense": 30151,
        "Cost of sales": 865,
        "Enterprise cost management": 16590,
        "Total Operating Expenses": 48901,
        "Total revenue financing activities": 59126,
        "Net profit from business activities": 25015,
        "Profit": 716,
        "Profit before tax": 25730,
        "Present corporate income tax expenses": 5997,
        "Deferred income taxes expenses": "N/A",
        "The interests of minority shareholders": 10067,
        "Total Cost of profits": 16064,
        "Profit after tax corporate income": 9666,
        "Volume": 147600000,
        "Close of Quarter": 9.4,
        "EPS": 260.7,
        "Non-adjusted EPS": 497,
        "PE": 18.9,
        "Book Price": 5.4
      }
    },
    {
      "quarter": "Q4 2008",
      "income status": {
        "Net sales": 310951,
        "Cost of goods sold": 259233,
        "Gross Profit": 51718,
        "Financial expenses": 34078,
        "Of which: Interest expense": 18963,
        "Cost of sales": 296,
        "Enterprise cost management": 20354,
        "Total Operating Expenses": 54728,
        "Total revenue financing activities": 25591,
        "Net profit from business activities": 22581,
        "Profit": 1016,
        "Profit before tax": 23597,
        "Present corporate income tax expenses": 9363,
        "Deferred income taxes expenses": -32,
        "The interests of minority shareholders": 2682,
        "Total Cost of profits": 12013,
        "Profit after tax corporate income": 11584,
        "Volume": 147600000,
        "Close of Quarter": 10.8,
        "EPS": 253.3,
        "Non-adjusted EPS": 483,
        "PE": 22.3,
        "Book Price": 2.7
      }
    },
    {
      "quarter": "Q3 2008",
      "income status": {
        "Net sales": 409879,
        "Cost of goods sold": 308181,
        "Gross Profit": 101698,
        "Financial expenses": 41727,
        "Of which: Interest expense": 37889,
        "Cost of sales": 157,
        "Enterprise cost management": 24041,
        "Total Operating Expenses": 65925,
        "Total revenue financing activities": 21226,
        "Net profit from business activities": 56998,
        "Profit": 89,
        "Profit before tax": 57086,
        "Present corporate income tax expenses": 17381,
        "Deferred income taxes expenses": "N/A",
        "The interests of minority shareholders": 3018,
        "Total Cost of profits": 20399,
        "Profit after tax corporate income": 36688,
        "Volume": 72000000,
        "Close of Quarter": 13.5,
        "EPS": 233.6,
        "Non-adjusted EPS": 913,
        "PE": 14.8,
        "Book Price": 2.8
      }
    },
    {
      "quarter": "Q2 2008",
      "income status": {
        "Net sales": 219931,
        "Cost of goods sold": 185278,
        "Gross Profit": 34652,
        "Financial expenses": 22469,
        "Of which: Interest expense": 21756,
        "Cost of sales": 307,
        "Enterprise cost management": 16145,
        "Total Operating Expenses": 38921,
        "Total revenue financing activities": 36748,
        "Net profit from business activities": 32479,
        "Profit": 4,
        "Profit before tax": 32483,
        "Present corporate income tax expenses": 9261,
        "Deferred income taxes expenses": "N/A",
        "The interests of minority shareholders": 7852,
        "Total Cost of profits": 17113,
        "Profit after tax corporate income": 15370,
        "Volume": 72000000,
        "Close of Quarter": 6.7,
        "EPS": 104.6,
        "Non-adjusted EPS": 409,
        "PE": 16.3,
        "Book Price": 2.7
      }
    },
    {
      "quarter": "Q1 2008",
      "income status": {
        "Net sales": 171124,
        "Cost of goods sold": 139702,
        "Gross Profit": 31422,
        "Financial expenses": 17940,
        "Of which: Interest expense": 14991,
        "Cost of sales": 313,
        "Enterprise cost management": 12092,
        "Total Operating Expenses": 30345,
        "Total revenue financing activities": 11242,
        "Net profit from business activities": 12318,
        "Profit": 1,
        "Profit before tax": 12319,
        "Present corporate income tax expenses": 3773,
        "Deferred income taxes expenses": "N/A",
        "The interests of minority shareholders": 887,
        "Total Cost of profits": 4660,
        "Profit after tax corporate income": 7659,
        "Volume": 72000000,
        "Close of Quarter": 13.3,
        "EPS": 49.9,
        "Non-adjusted EPS": 195,
        "PE": 68,
        "Book Price": 2.7
      }
    },
    {
      "quarter": "Q4 2007",
      "income status": {
        "Net sales": 121000,
        "Cost of goods sold": 101091,
        "Gross Profit": 19909,
        "Financial expenses": 12268,
        "Of which: Interest expense": 11069,
        "Cost of sales": 18,
        "Enterprise cost management": 9181,
        "Total Operating Expenses": 21467,
        "Total revenue financing activities": 9939,
        "Net profit from business activities": 8381,
        "Profit": "N/A",
        "Profit before tax": 8381,
        "Present corporate income tax expenses": 2347,
        "Deferred income taxes expenses": "N/A",
        "The interests of minority shareholders": "N/A",
        "Total Cost of profits": 2347,
        "Profit after tax corporate income": 6034,
        "Volume": 72000000,
        "Close of Quarter": 34.4,
        "EPS": 22.8,
        "Non-adjusted EPS": 89,
        "PE": 386.5,
        "Book Price": 2.7
      }
    },
    {
      "quarter": "Q3 2007",
      "income status": {
        "Net sales": 111240,
        "Cost of goods sold": 87832,
        "Gross Profit": 23408,
        "Financial expenses": 14612,
        "Of which: Interest expense": 14505,
        "Cost of sales": "N/A",
        "Enterprise cost management": 10034,
        "Total Operating Expenses": 24646,
        "Total revenue financing activities": 2824,
        "Net profit from business activities": 1587,
        "Profit": "N/A",
        "Profit before tax": 1587,
        "Present corporate income tax expenses": 1219,
        "Deferred income taxes expenses": "N/A",
        "The interests of minority shareholders": "N/A",
        "Total Cost of profits": 1219,
        "Profit after tax corporate income": 367,
        "Volume": 72000000,
        "Close of Quarter": "N/A",
        "EPS": 1.3,
        "Non-adjusted EPS": 5,
        "PE": "N/A",
        "Book Price": 2.7
      }
    }
  ]
}