{
  "ticker": "SD1",
  "data": [
    {
      "quarter": "Q1 2015",
      "income status": {
        "Net sales": 2870,
        "Cost of goods sold": 2384,
        "Gross Profit": 486,
        "Financial expenses": 200,
        "Of which: Interest expense": 200,
        "Cost of sales": "N/A",
        "Enterprise cost management": 288,
        "Total Operating Expenses": 488,
        "Total revenue financing activities": 361,
        "Net profit from business activities": 359,
        "Profit": "N/A",
        "Profit before tax": 359,
        "Present corporate income tax expenses": "N/A",
        "Deferred income taxes expenses": "N/A",
        "The interests of minority shareholders": "N/A",
        "Total Cost of profits": 0,
        "Profit after tax corporate income": 359,
        "Volume": 5000000,
        "Close of Quarter": 3.4,
        "EPS": -8943,
        "Non-adjusted EPS": -8943,
        "PE": -0.4,
        "Book Price": -4.8
      }
    },
    {
      "quarter": "Q4 2014",
      "income status": {
        "Net sales": 7328,
        "Cost of goods sold": 22833,
        "Gross Profit": -15505,
        "Financial expenses": 2232,
        "Of which: Interest expense": 2232,
        "Cost of sales": 19,
        "Enterprise cost management": 4647,
        "Total Operating Expenses": 6898,
        "Total revenue financing activities": 358,
        "Net profit from business activities": -22046,
        "Profit": 2702,
        "Profit before tax": -19344,
        "Present corporate income tax expenses": -254,
        "Deferred income taxes expenses": "N/A",
        "The interests of minority shareholders": "N/A",
        "Total Cost of profits": -254,
        "Profit after tax corporate income": -19090,
        "Volume": 5000000,
        "Close of Quarter": 3,
        "EPS": -9061,
        "Non-adjusted EPS": -9061,
        "PE": -0.3,
        "Book Price": -6.2
      }
    },
    {
      "quarter": "Q3 2014",
      "income status": {
        "Net sales": 3283,
        "Cost of goods sold": 6298,
        "Gross Profit": -3015,
        "Financial expenses": 1850,
        "Of which: Interest expense": 1850,
        "Cost of sales": "N/A",
        "Enterprise cost management": 1336,
        "Total Operating Expenses": 3186,
        "Total revenue financing activities": 36,
        "Net profit from business activities": -6165,
        "Profit": -94,
        "Profit before tax": -6259,
        "Present corporate income tax expenses": "N/A",
        "Deferred income taxes expenses": "N/A",
        "The interests of minority shareholders": "N/A",
        "Total Cost of profits": 0,
        "Profit after tax corporate income": -6259,
        "Volume": 5000000,
        "Close of Quarter": 3.9,
        "EPS": -2585,
        "Non-adjusted EPS": -2585,
        "PE": -1.5,
        "Book Price": -2.3
      }
    },
    {
      "quarter": "Q2 2014",
      "income status": {
        "Net sales": 24833,
        "Cost of goods sold": 37702,
        "Gross Profit": -12868,
        "Financial expenses": 2921,
        "Of which: Interest expense": 2921,
        "Cost of sales": "N/A",
        "Enterprise cost management": 3285,
        "Total Operating Expenses": 6206,
        "Total revenue financing activities": 199,
        "Net profit from business activities": -18875,
        "Profit": -598,
        "Profit before tax": -19474,
        "Present corporate income tax expenses": 254,
        "Deferred income taxes expenses": "N/A",
        "The interests of minority shareholders": "N/A",
        "Total Cost of profits": 254,
        "Profit after tax corporate income": -19727,
        "Volume": 5000000,
        "Close of Quarter": 3.3,
        "EPS": -1543,
        "Non-adjusted EPS": -1543,
        "PE": -2.1,
        "Book Price": -1.1
      }
    },
    {
      "quarter": "Q1 2014",
      "income status": {
        "Net sales": 4643,
        "Cost of goods sold": 3811,
        "Gross Profit": 832,
        "Financial expenses": 1308,
        "Of which: Interest expense": 961,
        "Cost of sales": "N/A",
        "Enterprise cost management": 447,
        "Total Operating Expenses": 1755,
        "Total revenue financing activities": 536,
        "Net profit from business activities": -387,
        "Profit": -31,
        "Profit before tax": -418,
        "Present corporate income tax expenses": "N/A",
        "Deferred income taxes expenses": "N/A",
        "The interests of minority shareholders": -189,
        "Total Cost of profits": -189,
        "Profit after tax corporate income": -229,
        "Volume": 5000000,
        "Close of Quarter": 4.9,
        "EPS": 957,
        "Non-adjusted EPS": 957,
        "PE": 5.1,
        "Book Price": 3.8
      }
    },
    {
      "quarter": "Q4 2013",
      "income status": {
        "Net sales": 32632,
        "Cost of goods sold": 17933,
        "Gross Profit": 14699,
        "Financial expenses": 4778,
        "Of which: Interest expense": 4486,
        "Cost of sales": "N/A",
        "Enterprise cost management": 967,
        "Total Operating Expenses": 5745,
        "Total revenue financing activities": 908,
        "Net profit from business activities": 9862,
        "Profit": 3428,
        "Profit before tax": 13290,
        "Present corporate income tax expenses": "N/A",
        "Deferred income taxes expenses": "N/A",
        "The interests of minority shareholders": "N/A",
        "Total Cost of profits": 0,
        "Profit after tax corporate income": 13290,
        "Volume": 5000000,
        "Close of Quarter": 2.7,
        "EPS": 778,
        "Non-adjusted EPS": 778,
        "PE": 3.5,
        "Book Price": 8.3
      }
    },
    {
      "quarter": "Q3 2013",
      "income status": {
        "Net sales": 3736,
        "Cost of goods sold": 3042,
        "Gross Profit": 694,
        "Financial expenses": 2202,
        "Of which: Interest expense": 2065,
        "Cost of sales": "N/A",
        "Enterprise cost management": 2230,
        "Total Operating Expenses": 4432,
        "Total revenue financing activities": 191,
        "Net profit from business activities": -3547,
        "Profit": 3434,
        "Profit before tax": -113,
        "Present corporate income tax expenses": "N/A",
        "Deferred income taxes expenses": "N/A",
        "The interests of minority shareholders": 935,
        "Total Cost of profits": 935,
        "Profit after tax corporate income": -1048,
        "Volume": 5000000,
        "Close of Quarter": 1.6,
        "EPS": -3328,
        "Non-adjusted EPS": -3328,
        "PE": -0.5,
        "Book Price": 5.7
      }
    },
    {
      "quarter": "Q2 2013",
      "income status": {
        "Net sales": 17034,
        "Cost of goods sold": 23468,
        "Gross Profit": -6434,
        "Financial expenses": 3847,
        "Of which: Interest expense": 3713,
        "Cost of sales": "N/A",
        "Enterprise cost management": 3366,
        "Total Operating Expenses": 7213,
        "Total revenue financing activities": 165,
        "Net profit from business activities": -13483,
        "Profit": 3932,
        "Profit before tax": -9551,
        "Present corporate income tax expenses": "N/A",
        "Deferred income taxes expenses": "N/A",
        "The interests of minority shareholders": -2324,
        "Total Cost of profits": -2324,
        "Profit after tax corporate income": -7227,
        "Volume": 5000000,
        "Close of Quarter": 2.6,
        "EPS": -3734,
        "Non-adjusted EPS": -3734,
        "PE": -0.7,
        "Book Price": 7
      }
    },
    {
      "quarter": "Q1 2013",
      "income status": {
        "Net sales": 22568,
        "Cost of goods sold": 21790,
        "Gross Profit": 778,
        "Financial expenses": 1823,
        "Of which: Interest expense": 1807,
        "Cost of sales": "N/A",
        "Enterprise cost management": 2090,
        "Total Operating Expenses": 3913,
        "Total revenue financing activities": 121,
        "Net profit from business activities": -3014,
        "Profit": 1370,
        "Profit before tax": -1644,
        "Present corporate income tax expenses": 148,
        "Deferred income taxes expenses": "N/A",
        "The interests of minority shareholders": -666,
        "Total Cost of profits": -518,
        "Profit after tax corporate income": -1126,
        "Volume": 5000000,
        "Close of Quarter": 2.9,
        "EPS": -3196,
        "Non-adjusted EPS": -3196,
        "PE": -0.9,
        "Book Price": 8.7
      }
    },
    {
      "quarter": "Q4 2012",
      "income status": {
        "Net sales": 24336,
        "Cost of goods sold": 30097,
        "Gross Profit": -5762,
        "Financial expenses": 8471,
        "Of which: Interest expense": 1614,
        "Cost of sales": "N/A",
        "Enterprise cost management": 4862,
        "Total Operating Expenses": 13333,
        "Total revenue financing activities": 7168,
        "Net profit from business activities": -11926,
        "Profit": 532,
        "Profit before tax": -11395,
        "Present corporate income tax expenses": 93,
        "Deferred income taxes expenses": "N/A",
        "The interests of minority shareholders": -4251,
        "Total Cost of profits": -4158,
        "Profit after tax corporate income": -7237,
        "Volume": 5000000,
        "Close of Quarter": 3,
        "EPS": -3025,
        "Non-adjusted EPS": -3025,
        "PE": -1.0,
        "Book Price": 12.7
      }
    },
    {
      "quarter": "Q3 2012",
      "income status": {
        "Net sales": 26334,
        "Cost of goods sold": 26589,
        "Gross Profit": -255,
        "Financial expenses": 3112,
        "Of which: Interest expense": 1277,
        "Cost of sales": "N/A",
        "Enterprise cost management": 1565,
        "Total Operating Expenses": 4677,
        "Total revenue financing activities": 127,
        "Net profit from business activities": -4805,
        "Profit": 597,
        "Profit before tax": -4209,
        "Present corporate income tax expenses": 57,
        "Deferred income taxes expenses": "N/A",
        "The interests of minority shareholders": -1186,
        "Total Cost of profits": -1129,
        "Profit after tax corporate income": -3080,
        "Volume": 5000000,
        "Close of Quarter": 2.7,
        "EPS": -676,
        "Non-adjusted EPS": -676,
        "PE": -4.0,
        "Book Price": 14.1
      }
    },
    {
      "quarter": "Q2 2012",
      "income status": {
        "Net sales": 31888,
        "Cost of goods sold": 37757,
        "Gross Profit": -5869,
        "Financial expenses": 2204,
        "Of which: Interest expense": 2368,
        "Cost of sales": "N/A",
        "Enterprise cost management": 3574,
        "Total Operating Expenses": 5778,
        "Total revenue financing activities": 1668,
        "Net profit from business activities": -9979,
        "Profit": 1884,
        "Profit before tax": -8094,
        "Present corporate income tax expenses": 102,
        "Deferred income taxes expenses": "N/A",
        "The interests of minority shareholders": -3658,
        "Total Cost of profits": -3556,
        "Profit after tax corporate income": -4538,
        "Volume": 5000000,
        "Close of Quarter": 5,
        "EPS": -125,
        "Non-adjusted EPS": -125,
        "PE": -40,
        "Book Price": 14.7
      }
    },
    {
      "quarter": "Q1 2012",
      "income status": {
        "Net sales": 44270,
        "Cost of goods sold": 41360,
        "Gross Profit": 2910,
        "Financial expenses": 2229,
        "Of which: Interest expense": 2583,
        "Cost of sales": "N/A",
        "Enterprise cost management": 2746,
        "Total Operating Expenses": 4975,
        "Total revenue financing activities": 151,
        "Net profit from business activities": -1913,
        "Profit": 522,
        "Profit before tax": -1391,
        "Present corporate income tax expenses": "N/A",
        "Deferred income taxes expenses": "N/A",
        "The interests of minority shareholders": -1120,
        "Total Cost of profits": -1120,
        "Profit after tax corporate income": -271,
        "Volume": 5000000,
        "Close of Quarter": 6.7,
        "EPS": 1220,
        "Non-adjusted EPS": 1220,
        "PE": 5.5,
        "Book Price": 16.6
      }
    },
    {
      "quarter": "Q4 2011",
      "income status": {
        "Net sales": 48424,
        "Cost of goods sold": 35432,
        "Gross Profit": 12991,
        "Financial expenses": 3930,
        "Of which: Interest expense": 2900,
        "Cost of sales": "N/A",
        "Enterprise cost management": 6357,
        "Total Operating Expenses": 10287,
        "Total revenue financing activities": 355,
        "Net profit from business activities": 3060,
        "Profit": 2529,
        "Profit before tax": 5589,
        "Present corporate income tax expenses": 252,
        "Deferred income taxes expenses": "N/A",
        "The interests of minority shareholders": 829,
        "Total Cost of profits": 1081,
        "Profit after tax corporate income": 4508,
        "Volume": 5000000,
        "Close of Quarter": 4.3,
        "EPS": 2224,
        "Non-adjusted EPS": 2224,
        "PE": 1.9,
        "Book Price": 17.5
      }
    },
    {
      "quarter": "Q3 2011",
      "income status": {
        "Net sales": 29328,
        "Cost of goods sold": 24371,
        "Gross Profit": 4957,
        "Financial expenses": 2985,
        "Of which: Interest expense": 1016,
        "Cost of sales": "N/A",
        "Enterprise cost management": 5801,
        "Total Operating Expenses": 8786,
        "Total revenue financing activities": 384,
        "Net profit from business activities": -3446,
        "Profit": 2520,
        "Profit before tax": -926,
        "Present corporate income tax expenses": 322,
        "Deferred income taxes expenses": "N/A",
        "The interests of minority shareholders": -922,
        "Total Cost of profits": -600,
        "Profit after tax corporate income": -326,
        "Volume": 5000000,
        "Close of Quarter": 8.3,
        "EPS": 2359,
        "Non-adjusted EPS": 2359,
        "PE": 3.5,
        "Book Price": 16.6
      }
    },
    {
      "quarter": "Q2 2011",
      "income status": {
        "Net sales": 88953,
        "Cost of goods sold": 79274,
        "Gross Profit": 9678,
        "Financial expenses": 3867,
        "Of which: Interest expense": 3023,
        "Cost of sales": "N/A",
        "Enterprise cost management": 4769,
        "Total Operating Expenses": 8636,
        "Total revenue financing activities": 692,
        "Net profit from business activities": 1735,
        "Profit": 1302,
        "Profit before tax": 3036,
        "Present corporate income tax expenses": 747,
        "Deferred income taxes expenses": "N/A",
        "The interests of minority shareholders": 100,
        "Total Cost of profits": 847,
        "Profit after tax corporate income": 2189,
        "Volume": 5000000,
        "Close of Quarter": 9.5,
        "EPS": 2769,
        "Non-adjusted EPS": 2769,
        "PE": 3.4,
        "Book Price": 16.7
      }
    },
    {
      "quarter": "Q1 2011",
      "income status": {
        "Net sales": 47749,
        "Cost of goods sold": 40203,
        "Gross Profit": 7545,
        "Financial expenses": 2051,
        "Of which: Interest expense": 2032,
        "Cost of sales": "N/A",
        "Enterprise cost management": 5434,
        "Total Operating Expenses": 7485,
        "Total revenue financing activities": 1640,
        "Net profit from business activities": 1701,
        "Profit": 4432,
        "Profit before tax": 6133,
        "Present corporate income tax expenses": 1122,
        "Deferred income taxes expenses": "N/A",
        "The interests of minority shareholders": 260,
        "Total Cost of profits": 1382,
        "Profit after tax corporate income": 4751,
        "Volume": 5000000,
        "Close of Quarter": 11.4,
        "EPS": 2598,
        "Non-adjusted EPS": 2598,
        "PE": 4.4,
        "Book Price": 18
      }
    },
    {
      "quarter": "Q4 2010",
      "income status": {
        "Net sales": 121759,
        "Cost of goods sold": 104099,
        "Gross Profit": 17660,
        "Financial expenses": 3292,
        "Of which: Interest expense": 3192,
        "Cost of sales": "N/A",
        "Enterprise cost management": 6900,
        "Total Operating Expenses": 10192,
        "Total revenue financing activities": 144,
        "Net profit from business activities": 7612,
        "Profit": -946,
        "Profit before tax": 6666,
        "Present corporate income tax expenses": 1416,
        "Deferred income taxes expenses": "N/A",
        "The interests of minority shareholders": 68,
        "Total Cost of profits": 1484,
        "Profit after tax corporate income": 5182,
        "Volume": 5000000,
        "Close of Quarter": 16.7,
        "EPS": 2339,
        "Non-adjusted EPS": 2339,
        "PE": 7.1,
        "Book Price": 17.1
      }
    },
    {
      "quarter": "Q3 2010",
      "income status": {
        "Net sales": 20044,
        "Cost of goods sold": 23457,
        "Gross Profit": -3413,
        "Financial expenses": 2007,
        "Of which: Interest expense": 1218,
        "Cost of sales": "N/A",
        "Enterprise cost management": 1852,
        "Total Operating Expenses": 3859,
        "Total revenue financing activities": 640,
        "Net profit from business activities": -6632,
        "Profit": 9151,
        "Profit before tax": 2519,
        "Present corporate income tax expenses": 794,
        "Deferred income taxes expenses": "N/A",
        "The interests of minority shareholders": "N/A",
        "Total Cost of profits": 794,
        "Profit after tax corporate income": 1725,
        "Volume": 5000000,
        "Close of Quarter": 22.4,
        "EPS": 1485,
        "Non-adjusted EPS": 1485,
        "PE": 15.1,
        "Book Price": 16
      }
    },
    {
      "quarter": "Q2 2010",
      "income status": {
        "Net sales": 99644,
        "Cost of goods sold": 95020,
        "Gross Profit": 4624,
        "Financial expenses": 3934,
        "Of which: Interest expense": 2161,
        "Cost of sales": "N/A",
        "Enterprise cost management": 3679,
        "Total Operating Expenses": 7613,
        "Total revenue financing activities": 3114,
        "Net profit from business activities": 124,
        "Profit": 2168,
        "Profit before tax": 2292,
        "Present corporate income tax expenses": 960,
        "Deferred income taxes expenses": "N/A",
        "The interests of minority shareholders": "N/A",
        "Total Cost of profits": 960,
        "Profit after tax corporate income": 1332,
        "Volume": 5000000,
        "Close of Quarter": "N/A",
        "EPS": 8624,
        "Non-adjusted EPS": 8624,
        "PE": "N/A",
        "Book Price": 15.7
      }
    },
    {
      "quarter": "Q1 2010",
      "income status": {
        "Net sales": 28112,
        "Cost of goods sold": 22241,
        "Gross Profit": 5871,
        "Financial expenses": 1153,
        "Of which: Interest expense": 1153,
        "Cost of sales": "N/A",
        "Enterprise cost management": 4303,
        "Total Operating Expenses": 5456,
        "Total revenue financing activities": 1907,
        "Net profit from business activities": 2322,
        "Profit": 1980,
        "Profit before tax": 4302,
        "Present corporate income tax expenses": 844,
        "Deferred income taxes expenses": "N/A",
        "The interests of minority shareholders": "N/A",
        "Total Cost of profits": 844,
        "Profit after tax corporate income": 3458,
        "Volume": 5000000,
        "Close of Quarter": "N/A",
        "EPS": 1435,
        "Non-adjusted EPS": 1435,
        "PE": "N/A",
        "Book Price": 16.1
      }
    },
    {
      "quarter": "Q4 2009",
      "income status": {
        "Net sales": 133862,
        "Cost of goods sold": 141036,
        "Gross Profit": -7174,
        "Financial expenses": 2342,
        "Of which: Interest expense": 2307,
        "Cost of sales": "N/A",
        "Enterprise cost management": -11144,
        "Total Operating Expenses": -8802,
        "Total revenue financing activities": 123,
        "Net profit from business activities": 1751,
        "Profit": 120,
        "Profit before tax": 1872,
        "Present corporate income tax expenses": 962,
        "Deferred income taxes expenses": "N/A",
        "The interests of minority shareholders": "N/A",
        "Total Cost of profits": 962,
        "Profit after tax corporate income": 910,
        "Volume": 5000000,
        "Close of Quarter": "N/A",
        "EPS": 1114,
        "Non-adjusted EPS": 1114,
        "PE": "N/A",
        "Book Price": 6.1
      }
    },
    {
      "quarter": "Q3 2009",
      "income status": {
        "Net sales": 32070,
        "Cost of goods sold": 25966,
        "Gross Profit": 6104,
        "Financial expenses": 1630,
        "Of which: Interest expense": 1548,
        "Cost of sales": "N/A",
        "Enterprise cost management": 1348,
        "Total Operating Expenses": 2978,
        "Total revenue financing activities": 34725,
        "Net profit from business activities": 37851,
        "Profit": 258,
        "Profit before tax": 38109,
        "Present corporate income tax expenses": 687,
        "Deferred income taxes expenses": "N/A",
        "The interests of minority shareholders": "N/A",
        "Total Cost of profits": 687,
        "Profit after tax corporate income": 37422,
        "Volume": 5000000,
        "Close of Quarter": "N/A",
        "EPS": 932,
        "Non-adjusted EPS": 932,
        "PE": "N/A",
        "Book Price": "N/A"
      }
    },
    {
      "quarter": "Q2 2009",
      "income status": {
        "Net sales": 45888,
        "Cost of goods sold": 55064,
        "Gross Profit": -9177,
        "Financial expenses": 2357,
        "Of which: Interest expense": 2273,
        "Cost of sales": "N/A",
        "Enterprise cost management": 23930,
        "Total Operating Expenses": 26287,
        "Total revenue financing activities": 950,
        "Net profit from business activities": -34514,
        "Profit": -103,
        "Profit before tax": -34617,
        "Present corporate income tax expenses": "N/A",
        "Deferred income taxes expenses": "N/A",
        "The interests of minority shareholders": "N/A",
        "Total Cost of profits": 0,
        "Profit after tax corporate income": -34617,
        "Volume": 5000000,
        "Close of Quarter": "N/A",
        "EPS": -6552,
        "Non-adjusted EPS": -6552,
        "PE": "N/A",
        "Book Price": "N/A"
      }
    },
    {
      "quarter": "Q1 2009",
      "income status": {
        "Net sales": 28586,
        "Cost of goods sold": 26412,
        "Gross Profit": 2174,
        "Financial expenses": 2859,
        "Of which: Interest expense": 2805,
        "Cost of sales": "N/A",
        "Enterprise cost management": 2836,
        "Total Operating Expenses": 5695,
        "Total revenue financing activities": 5374,
        "Net profit from business activities": 1853,
        "Profit": 2,
        "Profit before tax": 1855,
        "Present corporate income tax expenses": "N/A",
        "Deferred income taxes expenses": "N/A",
        "The interests of minority shareholders": "N/A",
        "Total Cost of profits": 0,
        "Profit after tax corporate income": 1855,
        "Volume": 5000000,
        "Close of Quarter": "N/A",
        "EPS": 371,
        "Non-adjusted EPS": 371,
        "PE": "N/A",
        "Book Price": "N/A"
      }
    }
  ]
}