{
  "ticker": "DNP",
  "data": [
    {
      "quarter": "Q1 2017",
      "income status": {
        "Net sales": 305997,
        "Cost of goods sold": 236513,
        "Gross Profit": 69484,
        "Financial expenses": 23748,
        "Of which: Interest expense": 21904,
        "Cost of sales": 13256,
        "Enterprise cost management": 27216,
        "Total Operating Expenses": 64220,
        "Total revenue financing activities": 1142,
        "Net profit from business activities": 6405,
        "Profit": 437,
        "Profit before tax": 6842,
        "Present corporate income tax expenses": 2383,
        "Deferred income taxes expenses": -455,
        "The interests of minority shareholders": 994,
        "Total Cost of profits": 2922,
        "Profit after tax corporate income": 3920,
        "Volume": 30005624,
        "Close of Quarter": 24.8,
        "EPS": 2475,
        "Non-adjusted EPS": 2475,
        "PE": 10.0,
        "Book Price": 18.7
      }
    },
    {
      "quarter": "Q4 2016",
      "income status": {
        "Net sales": 370579,
        "Cost of goods sold": 260848,
        "Gross Profit": 109731,
        "Financial expenses": 23890,
        "Of which: Interest expense": 21496,
        "Cost of sales": 11843,
        "Enterprise cost management": 39943,
        "Total Operating Expenses": 75676,
        "Total revenue financing activities": 1076,
        "Net profit from business activities": 34118,
        "Profit": 2383,
        "Profit before tax": 36501,
        "Present corporate income tax expenses": 4089,
        "Deferred income taxes expenses": 651,
        "The interests of minority shareholders": -1520,
        "Total Cost of profits": 3220,
        "Profit after tax corporate income": 33280,
        "Volume": 30005624,
        "Close of Quarter": 23.9,
        "EPS": 3016,
        "Non-adjusted EPS": 3016,
        "PE": 7.9,
        "Book Price": 19.1
      }
    },
    {
      "quarter": "Q3 2016",
      "income status": {
        "Net sales": 388015,
        "Cost of goods sold": 319361,
        "Gross Profit": 68654,
        "Financial expenses": 16530,
        "Of which: Interest expense": 16514,
        "Cost of sales": 13451,
        "Enterprise cost management": 23909,
        "Total Operating Expenses": 53890,
        "Total revenue financing activities": 3927,
        "Net profit from business activities": 18170,
        "Profit": -30,
        "Profit before tax": 18140,
        "Present corporate income tax expenses": 3090,
        "Deferred income taxes expenses": 104,
        "The interests of minority shareholders": 1953,
        "Total Cost of profits": 5147,
        "Profit after tax corporate income": 12993,
        "Volume": 27013724,
        "Close of Quarter": 30.8,
        "EPS": 2425.4,
        "Non-adjusted EPS": 2694,
        "PE": 11.4,
        "Book Price": 14.6
      }
    },
    {
      "quarter": "Q2 2016",
      "income status": {
        "Net sales": 406416,
        "Cost of goods sold": 315633,
        "Gross Profit": 90783,
        "Financial expenses": 13744,
        "Of which: Interest expense": 12994,
        "Cost of sales": 10627,
        "Enterprise cost management": 33316,
        "Total Operating Expenses": 57687,
        "Total revenue financing activities": 2969,
        "Net profit from business activities": 37391,
        "Profit": -153,
        "Profit before tax": 37238,
        "Present corporate income tax expenses": 10135,
        "Deferred income taxes expenses": -2393,
        "The interests of minority shareholders": 5436,
        "Total Cost of profits": 13178,
        "Profit after tax corporate income": 24060,
        "Volume": 13507141,
        "Close of Quarter": 28.5,
        "EPS": 2330.5,
        "Non-adjusted EPS": 5177,
        "PE": 5.5,
        "Book Price": 11.5
      }
    },
    {
      "quarter": "Q1 2016",
      "income status": {
        "Net sales": 285352,
        "Cost of goods sold": 221524,
        "Gross Profit": 63829,
        "Financial expenses": 10381,
        "Of which: Interest expense": 9430,
        "Cost of sales": 10827,
        "Enterprise cost management": 20040,
        "Total Operating Expenses": 41248,
        "Total revenue financing activities": 903,
        "Net profit from business activities": 20295,
        "Profit": 7823,
        "Profit before tax": 28118,
        "Present corporate income tax expenses": 3331,
        "Deferred income taxes expenses": 730,
        "The interests of minority shareholders": 3880,
        "Total Cost of profits": 7941,
        "Profit after tax corporate income": 20177,
        "Volume": 13507141,
        "Close of Quarter": 21.5,
        "EPS": 2087.8,
        "Non-adjusted EPS": 4638,
        "PE": 4.6,
        "Book Price": 10.7
      }
    },
    {
      "quarter": "Q4 2015",
      "income status": {
        "Net sales": 250997,
        "Cost of goods sold": 204100,
        "Gross Profit": 46896,
        "Financial expenses": 7162,
        "Of which: Interest expense": 5288,
        "Cost of sales": 8037,
        "Enterprise cost management": 18171,
        "Total Operating Expenses": 33370,
        "Total revenue financing activities": 2598,
        "Net profit from business activities": 16125,
        "Profit": 1643,
        "Profit before tax": 17767,
        "Present corporate income tax expenses": 123,
        "Deferred income taxes expenses": "N/A",
        "The interests of minority shareholders": 2105,
        "Total Cost of profits": 2228,
        "Profit after tax corporate income": 15539,
        "Volume": 13507141,
        "Close of Quarter": 12.2,
        "EPS": 1542.7,
        "Non-adjusted EPS": 3427,
        "PE": 3.6,
        "Book Price": 8.9
      }
    },
    {
      "quarter": "Q3 2015",
      "income status": {
        "Net sales": 265530,
        "Cost of goods sold": 221898,
        "Gross Profit": 43632,
        "Financial expenses": 8992,
        "Of which: Interest expense": 7632,
        "Cost of sales": 7163,
        "Enterprise cost management": 14054,
        "Total Operating Expenses": 30209,
        "Total revenue financing activities": 978,
        "Net profit from business activities": 14402,
        "Profit": "N/A",
        "Profit before tax": 14402,
        "Present corporate income tax expenses": 3557,
        "Deferred income taxes expenses": "N/A",
        "The interests of minority shareholders": 688,
        "Total Cost of profits": 4245,
        "Profit after tax corporate income": 10157,
        "Volume": 7872141,
        "Close of Quarter": 10.8,
        "EPS": 1398.9,
        "Non-adjusted EPS": 5332,
        "PE": 2.0,
        "Book Price": 8.2
      }
    },
    {
      "quarter": "Q2 2015",
      "income status": {
        "Net sales": 225475,
        "Cost of goods sold": 172132,
        "Gross Profit": 53343,
        "Financial expenses": 6562,
        "Of which: Interest expense": 3965,
        "Cost of sales": 9602,
        "Enterprise cost management": 13934,
        "Total Operating Expenses": 30098,
        "Total revenue financing activities": 472,
        "Net profit from business activities": 23717,
        "Profit": 198,
        "Profit before tax": 23915,
        "Present corporate income tax expenses": 3448,
        "Deferred income taxes expenses": 92,
        "The interests of minority shareholders": 3602,
        "Total Cost of profits": 7142,
        "Profit after tax corporate income": 16774,
        "Volume": 6786583,
        "Close of Quarter": 9.0,
        "EPS": 1198.5,
        "Non-adjusted EPS": 5299,
        "PE": 1.7,
        "Book Price": 5.3
      }
    },
    {
      "quarter": "Q1 2015",
      "income status": {
        "Net sales": 161841,
        "Cost of goods sold": 142269,
        "Gross Profit": 19572,
        "Financial expenses": 7472,
        "Of which: Interest expense": 5576,
        "Cost of sales": "N/A",
        "Enterprise cost management": 6679,
        "Total Operating Expenses": 14151,
        "Total revenue financing activities": 8,
        "Net profit from business activities": 5430,
        "Profit": "N/A",
        "Profit before tax": 5430,
        "Present corporate income tax expenses": 1127,
        "Deferred income taxes expenses": "N/A",
        "The interests of minority shareholders": 482,
        "Total Cost of profits": 1609,
        "Profit after tax corporate income": 3821,
        "Volume": 6786583,
        "Close of Quarter": 7.0,
        "EPS": 738.9,
        "Non-adjusted EPS": 3267,
        "PE": 2.2,
        "Book Price": 3.9
      }
    },
    {
      "quarter": "Q4 2014",
      "income status": {
        "Net sales": 238817,
        "Cost of goods sold": 199481,
        "Gross Profit": 39336,
        "Financial expenses": 5886,
        "Of which: Interest expense": 3335,
        "Cost of sales": 5596,
        "Enterprise cost management": 10804,
        "Total Operating Expenses": 22286,
        "Total revenue financing activities": 419,
        "Net profit from business activities": 17469,
        "Profit": -2454,
        "Profit before tax": 15016,
        "Present corporate income tax expenses": 3760,
        "Deferred income taxes expenses": "N/A",
        "The interests of minority shareholders": 32,
        "Total Cost of profits": 3792,
        "Profit after tax corporate income": 11224,
        "Volume": 3427637,
        "Close of Quarter": 8.7,
        "EPS": 705.4,
        "Non-adjusted EPS": 6175,
        "PE": 1.4,
        "Book Price": 3.7
      }
    },
    {
      "quarter": "Q3 2014",
      "income status": {
        "Net sales": 123986,
        "Cost of goods sold": 107814,
        "Gross Profit": 16172,
        "Financial expenses": 2961,
        "Of which: Interest expense": 2961,
        "Cost of sales": 3935,
        "Enterprise cost management": 4622,
        "Total Operating Expenses": 11518,
        "Total revenue financing activities": 7,
        "Net profit from business activities": 4661,
        "Profit": 432,
        "Profit before tax": 5093,
        "Present corporate income tax expenses": 917,
        "Deferred income taxes expenses": "N/A",
        "The interests of minority shareholders": 32,
        "Total Cost of profits": 949,
        "Profit after tax corporate income": 4144,
        "Volume": 3427637,
        "Close of Quarter": 4.4,
        "EPS": 435.5,
        "Non-adjusted EPS": 3812,
        "PE": 1.2,
        "Book Price": 3.3
      }
    },
    {
      "quarter": "Q2 2014",
      "income status": {
        "Net sales": 117569,
        "Cost of goods sold": 99594,
        "Gross Profit": 17975,
        "Financial expenses": 3842,
        "Of which: Interest expense": 2676,
        "Cost of sales": 4990,
        "Enterprise cost management": 5514,
        "Total Operating Expenses": 14346,
        "Total revenue financing activities": 4,
        "Net profit from business activities": 3633,
        "Profit": 141,
        "Profit before tax": 3773,
        "Present corporate income tax expenses": 1055,
        "Deferred income taxes expenses": -31,
        "The interests of minority shareholders": -234,
        "Total Cost of profits": 790,
        "Profit after tax corporate income": 2983,
        "Volume": 3415127,
        "Close of Quarter": 4.6,
        "EPS": 359.8,
        "Non-adjusted EPS": 3161,
        "PE": 1.5,
        "Book Price": 3.1
      }
    },
    {
      "quarter": "Q1 2014",
      "income status": {
        "Net sales": 116537,
        "Cost of goods sold": 104682,
        "Gross Profit": 11855,
        "Financial expenses": 2447,
        "Of which: Interest expense": 2433,
        "Cost of sales": 2695,
        "Enterprise cost management": 3270,
        "Total Operating Expenses": 8412,
        "Total revenue financing activities": 4,
        "Net profit from business activities": 3447,
        "Profit": -150,
        "Profit before tax": 3297,
        "Present corporate income tax expenses": 247,
        "Deferred income taxes expenses": "N/A",
        "The interests of minority shareholders": 237,
        "Total Cost of profits": 484,
        "Profit after tax corporate income": 2813,
        "Volume": 3415127,
        "Close of Quarter": 5.5,
        "EPS": 396.5,
        "Non-adjusted EPS": 3484,
        "PE": 1.6,
        "Book Price": 3.1
      }
    },
    {
      "quarter": "Q4 2013",
      "income status": {
        "Net sales": 133558,
        "Cost of goods sold": 117462,
        "Gross Profit": 16096,
        "Financial expenses": 3674,
        "Of which: Interest expense": 3668,
        "Cost of sales": 4167,
        "Enterprise cost management": 4192,
        "Total Operating Expenses": 12033,
        "Total revenue financing activities": 546,
        "Net profit from business activities": 4609,
        "Profit": -63,
        "Profit before tax": 4546,
        "Present corporate income tax expenses": 341,
        "Deferred income taxes expenses": "N/A",
        "The interests of minority shareholders": 1079,
        "Total Cost of profits": 1420,
        "Profit after tax corporate income": 3126,
        "Volume": 3415127,
        "Close of Quarter": 3.8,
        "EPS": 311.3,
        "Non-adjusted EPS": 2735,
        "PE": 1.4,
        "Book Price": 3.1
      }
    },
    {
      "quarter": "Q3 2013",
      "income status": {
        "Net sales": 109335,
        "Cost of goods sold": 97925,
        "Gross Profit": 11410,
        "Financial expenses": 2928,
        "Of which: Interest expense": 2816,
        "Cost of sales": 3261,
        "Enterprise cost management": 3618,
        "Total Operating Expenses": 9807,
        "Total revenue financing activities": 721,
        "Net profit from business activities": 2324,
        "Profit": -9,
        "Profit before tax": 2315,
        "Present corporate income tax expenses": 174,
        "Deferred income taxes expenses": "N/A",
        "The interests of minority shareholders": 269,
        "Total Cost of profits": 443,
        "Profit after tax corporate income": 1872,
        "Volume": 3415127,
        "Close of Quarter": 3.7,
        "EPS": 388.7,
        "Non-adjusted EPS": 3415,
        "PE": 1.1,
        "Book Price": 3.0
      }
    },
    {
      "quarter": "Q2 2013",
      "income status": {
        "Net sales": 88204,
        "Cost of goods sold": 73778,
        "Gross Profit": 14426,
        "Financial expenses": 4416,
        "Of which: Interest expense": 2767,
        "Cost of sales": 3585,
        "Enterprise cost management": 3031,
        "Total Operating Expenses": 11032,
        "Total revenue financing activities": 788,
        "Net profit from business activities": 4182,
        "Profit": 330,
        "Profit before tax": 4511,
        "Present corporate income tax expenses": 350,
        "Deferred income taxes expenses": 67,
        "The interests of minority shareholders": 4,
        "Total Cost of profits": 421,
        "Profit after tax corporate income": 4089,
        "Volume": 3415127,
        "Close of Quarter": 3.7,
        "EPS": 358.3,
        "Non-adjusted EPS": 3148,
        "PE": 1.2,
        "Book Price": 2.8
      }
    },
    {
      "quarter": "Q1 2013",
      "income status": {
        "Net sales": 60723,
        "Cost of goods sold": 51758,
        "Gross Profit": 8966,
        "Financial expenses": 2429,
        "Of which: Interest expense": 2429,
        "Cost of sales": 2277,
        "Enterprise cost management": 3932,
        "Total Operating Expenses": 8638,
        "Total revenue financing activities": 6,
        "Net profit from business activities": 335,
        "Profit": -60,
        "Profit before tax": 275,
        "Present corporate income tax expenses": 21,
        "Deferred income taxes expenses": "N/A",
        "The interests of minority shareholders": "N/A",
        "Total Cost of profits": 21,
        "Profit after tax corporate income": 254,
        "Volume": 3415127,
        "Close of Quarter": 3.7,
        "EPS": 272.3,
        "Non-adjusted EPS": 2392,
        "PE": 1.5,
        "Book Price": 2.8
      }
    },
    {
      "quarter": "Q4 2012",
      "income status": {
        "Net sales": 82647,
        "Cost of goods sold": 73491,
        "Gross Profit": 9155,
        "Financial expenses": 2241,
        "Of which: Interest expense": 2241,
        "Cost of sales": 1992,
        "Enterprise cost management": 2694,
        "Total Operating Expenses": 6927,
        "Total revenue financing activities": 8,
        "Net profit from business activities": 2236,
        "Profit": 3557,
        "Profit before tax": 5792,
        "Present corporate income tax expenses": 129,
        "Deferred income taxes expenses": "N/A",
        "The interests of minority shareholders": 214,
        "Total Cost of profits": 343,
        "Profit after tax corporate income": 5449,
        "Volume": 3415127,
        "Close of Quarter": 3.2,
        "EPS": 299.2,
        "Non-adjusted EPS": 2629,
        "PE": 1.2,
        "Book Price": 2.9
      }
    },
    {
      "quarter": "Q3 2012",
      "income status": {
        "Net sales": 68967,
        "Cost of goods sold": 58659,
        "Gross Profit": 10308,
        "Financial expenses": 2977,
        "Of which: Interest expense": 2650,
        "Cost of sales": 2004,
        "Enterprise cost management": 3668,
        "Total Operating Expenses": 8649,
        "Total revenue financing activities": 68,
        "Net profit from business activities": 1728,
        "Profit": -504,
        "Profit before tax": 1224,
        "Present corporate income tax expenses": 71,
        "Deferred income taxes expenses": "N/A",
        "The interests of minority shareholders": 195,
        "Total Cost of profits": 266,
        "Profit after tax corporate income": 958,
        "Volume": 3415127,
        "Close of Quarter": 3.1,
        "EPS": 220.6,
        "Non-adjusted EPS": 1938,
        "PE": 1.6,
        "Book Price": 2.7
      }
    },
    {
      "quarter": "Q2 2012",
      "income status": {
        "Net sales": 91269,
        "Cost of goods sold": 81127,
        "Gross Profit": 10142,
        "Financial expenses": 5775,
        "Of which: Interest expense": 2904,
        "Cost of sales": 2645,
        "Enterprise cost management": 3717,
        "Total Operating Expenses": 12137,
        "Total revenue financing activities": 2192,
        "Net profit from business activities": 197,
        "Profit": 1041,
        "Profit before tax": 1237,
        "Present corporate income tax expenses": -346,
        "Deferred income taxes expenses": 14,
        "The interests of minority shareholders": 60,
        "Total Cost of profits": -272,
        "Profit after tax corporate income": 1509,
        "Volume": 3415127,
        "Close of Quarter": 3.1,
        "EPS": 284.2,
        "Non-adjusted EPS": 2497,
        "PE": 1.3,
        "Book Price": 2.7
      }
    },
    {
      "quarter": "Q1 2012",
      "income status": {
        "Net sales": 79655,
        "Cost of goods sold": 70494,
        "Gross Profit": 9161,
        "Financial expenses": 3119,
        "Of which: Interest expense": 3119,
        "Cost of sales": 1599,
        "Enterprise cost management": 2687,
        "Total Operating Expenses": 7405,
        "Total revenue financing activities": 18,
        "Net profit from business activities": 1774,
        "Profit": "N/A",
        "Profit before tax": 1774,
        "Present corporate income tax expenses": 713,
        "Deferred income taxes expenses": "N/A",
        "The interests of minority shareholders": "N/A",
        "Total Cost of profits": 713,
        "Profit after tax corporate income": 1061,
        "Volume": 3415127,
        "Close of Quarter": 4,
        "EPS": 335.3,
        "Non-adjusted EPS": 2946,
        "PE": 1.4,
        "Book Price": 2.7
      }
    },
    {
      "quarter": "Q4 2011",
      "income status": {
        "Net sales": 102995,
        "Cost of goods sold": 92810,
        "Gross Profit": 10185,
        "Financial expenses": 3910,
        "Of which: Interest expense": 2747,
        "Cost of sales": 2558,
        "Enterprise cost management": 2928,
        "Total Operating Expenses": 9396,
        "Total revenue financing activities": 56,
        "Net profit from business activities": 844,
        "Profit": 2899,
        "Profit before tax": 3744,
        "Present corporate income tax expenses": 507,
        "Deferred income taxes expenses": 58,
        "The interests of minority shareholders": 88,
        "Total Cost of profits": 653,
        "Profit after tax corporate income": 3091,
        "Volume": 3415127,
        "Close of Quarter": 4.0,
        "EPS": 363.5,
        "Non-adjusted EPS": 3194,
        "PE": 1.3,
        "Book Price": 2.7
      }
    },
    {
      "quarter": "Q3 2011",
      "income status": {
        "Net sales": 97567,
        "Cost of goods sold": 86402,
        "Gross Profit": 11166,
        "Financial expenses": 3436,
        "Of which: Interest expense": 3416,
        "Cost of sales": 2351,
        "Enterprise cost management": 2121,
        "Total Operating Expenses": 7908,
        "Total revenue financing activities": 15,
        "Net profit from business activities": 3273,
        "Profit": -1,
        "Profit before tax": 3272,
        "Present corporate income tax expenses": 382,
        "Deferred income taxes expenses": -25,
        "The interests of minority shareholders": 48,
        "Total Cost of profits": 405,
        "Profit after tax corporate income": 2868,
        "Volume": 3415127,
        "Close of Quarter": 1.9,
        "EPS": 317.9,
        "Non-adjusted EPS": 2793,
        "PE": 0.7,
        "Book Price": 2.7
      }
    },
    {
      "quarter": "Q2 2011",
      "income status": {
        "Net sales": 89196,
        "Cost of goods sold": 78531,
        "Gross Profit": 10665,
        "Financial expenses": 6301,
        "Of which: Interest expense": 3634,
        "Cost of sales": 2702,
        "Enterprise cost management": 2506,
        "Total Operating Expenses": 11509,
        "Total revenue financing activities": 1379,
        "Net profit from business activities": 702,
        "Profit": 3362,
        "Profit before tax": 4064,
        "Present corporate income tax expenses": 971,
        "Deferred income taxes expenses": -95,
        "The interests of minority shareholders": 97,
        "Total Cost of profits": 973,
        "Profit after tax corporate income": 3041,
        "Volume": 3415127,
        "Close of Quarter": 1.6,
        "EPS": 295.2,
        "Non-adjusted EPS": 2594,
        "PE": 0.6,
        "Book Price": 2.5
      }
    },
    {
      "quarter": "Q1 2011",
      "income status": {
        "Net sales": 70197,
        "Cost of goods sold": 59697,
        "Gross Profit": 10500,
        "Financial expenses": 6120,
        "Of which: Interest expense": 3370,
        "Cost of sales": 1399,
        "Enterprise cost management": 1797,
        "Total Operating Expenses": 9316,
        "Total revenue financing activities": 1021,
        "Net profit from business activities": 2204,
        "Profit": -25,
        "Profit before tax": 2180,
        "Present corporate income tax expenses": 272,
        "Deferred income taxes expenses": "N/A",
        "The interests of minority shareholders": "N/A",
        "Total Cost of profits": 272,
        "Profit after tax corporate income": 1907,
        "Volume": 3415127,
        "Close of Quarter": 2.1,
        "EPS": 274.3,
        "Non-adjusted EPS": 2410,
        "PE": 0.9,
        "Book Price": 2.6
      }
    },
    {
      "quarter": "Q4 2010",
      "income status": {
        "Net sales": 81807,
        "Cost of goods sold": 71919,
        "Gross Profit": 9888,
        "Financial expenses": 4192,
        "Of which: Interest expense": 3959,
        "Cost of sales": 1654,
        "Enterprise cost management": 1831,
        "Total Operating Expenses": 7677,
        "Total revenue financing activities": 52,
        "Net profit from business activities": 2263,
        "Profit": -296,
        "Profit before tax": 1967,
        "Present corporate income tax expenses": 246,
        "Deferred income taxes expenses": "N/A",
        "The interests of minority shareholders": "N/A",
        "Total Cost of profits": 246,
        "Profit after tax corporate income": 1721,
        "Volume": 3415127,
        "Close of Quarter": 3.0,
        "EPS": 252.1,
        "Non-adjusted EPS": 2215,
        "PE": 1.3,
        "Book Price": 2.5
      }
    },
    {
      "quarter": "Q3 2010",
      "income status": {
        "Net sales": 53212,
        "Cost of goods sold": 45606,
        "Gross Profit": 7606,
        "Financial expenses": 3172,
        "Of which: Interest expense": 3154,
        "Cost of sales": 1073,
        "Enterprise cost management": 869,
        "Total Operating Expenses": 5114,
        "Total revenue financing activities": 10,
        "Net profit from business activities": 2501,
        "Profit": "N/A",
        "Profit before tax": 2501,
        "Present corporate income tax expenses": 313,
        "Deferred income taxes expenses": "N/A",
        "The interests of minority shareholders": "N/A",
        "Total Cost of profits": 313,
        "Profit after tax corporate income": 2189,
        "Volume": 3415127,
        "Close of Quarter": 3.5,
        "EPS": 277.0,
        "Non-adjusted EPS": 2434,
        "PE": 1.4,
        "Book Price": 2.5
      }
    },
    {
      "quarter": "Q2 2010",
      "income status": {
        "Net sales": 58217,
        "Cost of goods sold": 51023,
        "Gross Profit": 7194,
        "Financial expenses": 2477,
        "Of which: Interest expense": 2458,
        "Cost of sales": 687,
        "Enterprise cost management": 1284,
        "Total Operating Expenses": 4448,
        "Total revenue financing activities": 14,
        "Net profit from business activities": 2760,
        "Profit": "N/A",
        "Profit before tax": 2760,
        "Present corporate income tax expenses": 690,
        "Deferred income taxes expenses": -345,
        "The interests of minority shareholders": "N/A",
        "Total Cost of profits": 345,
        "Profit after tax corporate income": 2415,
        "Volume": 3415127,
        "Close of Quarter": 3.9,
        "EPS": 297.2,
        "Non-adjusted EPS": 2611,
        "PE": 1.5,
        "Book Price": 2.4
      }
    },
    {
      "quarter": "Q1 2010",
      "income status": {
        "Net sales": 37200,
        "Cost of goods sold": 30109,
        "Gross Profit": 7091,
        "Financial expenses": 1919,
        "Of which: Interest expense": 1900,
        "Cost of sales": 1084,
        "Enterprise cost management": 2683,
        "Total Operating Expenses": 5686,
        "Total revenue financing activities": 12,
        "Net profit from business activities": 1417,
        "Profit": "N/A",
        "Profit before tax": 1417,
        "Present corporate income tax expenses": 354,
        "Deferred income taxes expenses": -177,
        "The interests of minority shareholders": "N/A",
        "Total Cost of profits": 177,
        "Profit after tax corporate income": 1240,
        "Volume": 3415127,
        "Close of Quarter": 3.8,
        "EPS": 302.8,
        "Non-adjusted EPS": 2660,
        "PE": 1.4,
        "Book Price": 2.4
      }
    },
    {
      "quarter": "Q4 2009",
      "income status": {
        "Net sales": 57748,
        "Cost of goods sold": 51761,
        "Gross Profit": 5987,
        "Financial expenses": 1813,
        "Of which: Interest expense": "N/A",
        "Cost of sales": 1070,
        "Enterprise cost management": 1218,
        "Total Operating Expenses": 4101,
        "Total revenue financing activities": 42,
        "Net profit from business activities": 1928,
        "Profit": 892,
        "Profit before tax": 2819,
        "Present corporate income tax expenses": 352,
        "Deferred income taxes expenses": "N/A",
        "The interests of minority shareholders": "N/A",
        "Total Cost of profits": 352,
        "Profit after tax corporate income": 2467,
        "Volume": 3415127,
        "Close of Quarter": 4.3,
        "EPS": 337.7,
        "Non-adjusted EPS": 2967,
        "PE": 1.5,
        "Book Price": 2.5
      }
    },
    {
      "quarter": "Q3 2009",
      "income status": {
        "Net sales": 52486,
        "Cost of goods sold": 47264,
        "Gross Profit": 5222,
        "Financial expenses": 788,
        "Of which: Interest expense": "N/A",
        "Cost of sales": 825,
        "Enterprise cost management": 596,
        "Total Operating Expenses": 2209,
        "Total revenue financing activities": 43,
        "Net profit from business activities": 3055,
        "Profit": 195,
        "Profit before tax": 3251,
        "Present corporate income tax expenses": 455,
        "Deferred income taxes expenses": "N/A",
        "The interests of minority shareholders": "N/A",
        "Total Cost of profits": 455,
        "Profit after tax corporate income": 2796,
        "Volume": 3415127,
        "Close of Quarter": 4.4,
        "EPS": 385.3,
        "Non-adjusted EPS": 3385,
        "PE": 1.3,
        "Book Price": 2.4
      }
    },
    {
      "quarter": "Q2 2009",
      "income status": {
        "Net sales": 44973,
        "Cost of goods sold": 37932,
        "Gross Profit": 7041,
        "Financial expenses": 961,
        "Of which: Interest expense": "N/A",
        "Cost of sales": 542,
        "Enterprise cost management": 2543,
        "Total Operating Expenses": 4046,
        "Total revenue financing activities": 6,
        "Net profit from business activities": 3000,
        "Profit": "N/A",
        "Profit before tax": 3000,
        "Present corporate income tax expenses": 420,
        "Deferred income taxes expenses": "N/A",
        "The interests of minority shareholders": "N/A",
        "Total Cost of profits": 420,
        "Profit after tax corporate income": 2580,
        "Volume": 3415127,
        "Close of Quarter": 3.1,
        "EPS": 356.2,
        "Non-adjusted EPS": 3130,
        "PE": 1.0,
        "Book Price": 2.3
      }
    },
    {
      "quarter": "Q1 2009",
      "income status": {
        "Net sales": 38787,
        "Cost of goods sold": 31342,
        "Gross Profit": 7446,
        "Financial expenses": 1521,
        "Of which: Interest expense": 1156,
        "Cost of sales": 748,
        "Enterprise cost management": 2531,
        "Total Operating Expenses": 4800,
        "Total revenue financing activities": 18,
        "Net profit from business activities": 2663,
        "Profit": "N/A",
        "Profit before tax": 2663,
        "Present corporate income tax expenses": 746,
        "Deferred income taxes expenses": -373,
        "The interests of minority shareholders": "N/A",
        "Total Cost of profits": 373,
        "Profit after tax corporate income": 2291,
        "Volume": 3415127,
        "Close of Quarter": 1.6,
        "EPS": 335.2,
        "Non-adjusted EPS": 2945,
        "PE": 0.6,
        "Book Price": 2.3
      }
    },
    {
      "quarter": "Q4 2008",
      "income status": {
        "Net sales": 59382,
        "Cost of goods sold": 50917,
        "Gross Profit": 8465,
        "Financial expenses": 2069,
        "Of which: Interest expense": "N/A",
        "Cost of sales": 1273,
        "Enterprise cost management": 1144,
        "Total Operating Expenses": 4486,
        "Total revenue financing activities": 98,
        "Net profit from business activities": 4077,
        "Profit": 48,
        "Profit before tax": 4124,
        "Present corporate income tax expenses": 231,
        "Deferred income taxes expenses": "N/A",
        "The interests of minority shareholders": "N/A",
        "Total Cost of profits": 231,
        "Profit after tax corporate income": 3893,
        "Volume": 3415127,
        "Close of Quarter": 1.7,
        "EPS": 297.3,
        "Non-adjusted EPS": 2612,
        "PE": 0.6,
        "Book Price": 2.2
      }
    },
    {
      "quarter": "Q3 2008",
      "income status": {
        "Net sales": 46961,
        "Cost of goods sold": 39738,
        "Gross Profit": 7223,
        "Financial expenses": 2703,
        "Of which: Interest expense": 2703,
        "Cost of sales": 1223,
        "Enterprise cost management": 1084,
        "Total Operating Expenses": 5010,
        "Total revenue financing activities": 18,
        "Net profit from business activities": 2231,
        "Profit": 10,
        "Profit before tax": 2241,
        "Present corporate income tax expenses": 314,
        "Deferred income taxes expenses": "N/A",
        "The interests of minority shareholders": "N/A",
        "Total Cost of profits": 314,
        "Profit after tax corporate income": 1927,
        "Volume": 3427637,
        "Close of Quarter": 2.1,
        "EPS": 187.9,
        "Non-adjusted EPS": 1645,
        "PE": 1.3,
        "Book Price": 2.3
      }
    },
    {
      "quarter": "Q2 2008",
      "income status": {
        "Net sales": 49878,
        "Cost of goods sold": 44509,
        "Gross Profit": 5368,
        "Financial expenses": 1103,
        "Of which: Interest expense": 1103,
        "Cost of sales": 784,
        "Enterprise cost management": 1284,
        "Total Operating Expenses": 3171,
        "Total revenue financing activities": 19,
        "Net profit from business activities": 2216,
        "Profit": 48,
        "Profit before tax": 2264,
        "Present corporate income tax expenses": 634,
        "Deferred income taxes expenses": -317,
        "The interests of minority shareholders": "N/A",
        "Total Cost of profits": 317,
        "Profit after tax corporate income": 1947,
        "Volume": 3427637,
        "Close of Quarter": 1.7,
        "EPS": 157.2,
        "Non-adjusted EPS": 1376,
        "PE": 1.2,
        "Book Price": 2.2
      }
    },
    {
      "quarter": "Q1 2008",
      "income status": {
        "Net sales": 36436,
        "Cost of goods sold": 32733,
        "Gross Profit": 3703,
        "Financial expenses": 1157,
        "Of which: Interest expense": 1157,
        "Cost of sales": 709,
        "Enterprise cost management": 929,
        "Total Operating Expenses": 2795,
        "Total revenue financing activities": 247,
        "Net profit from business activities": 1155,
        "Profit": "N/A",
        "Profit before tax": 1155,
        "Present corporate income tax expenses": "N/A",
        "Deferred income taxes expenses": "N/A",
        "The interests of minority shareholders": "N/A",
        "Total Cost of profits": 0,
        "Profit after tax corporate income": 1155,
        "Volume": 3427637,
        "Close of Quarter": 3.1,
        "EPS": 168.2,
        "Non-adjusted EPS": 1472,
        "PE": 2.1,
        "Book Price": 2.2
      }
    },
    {
      "quarter": "Q4 2007",
      "income status": {
        "Net sales": 64223,
        "Cost of goods sold": 60196,
        "Gross Profit": 4028,
        "Financial expenses": 1383,
        "Of which: Interest expense": 1090,
        "Cost of sales": 640,
        "Enterprise cost management": 1247,
        "Total Operating Expenses": 3270,
        "Total revenue financing activities": -3,
        "Net profit from business activities": 754,
        "Profit": "N/A",
        "Profit before tax": 754,
        "Present corporate income tax expenses": 145,
        "Deferred income taxes expenses": "N/A",
        "The interests of minority shareholders": "N/A",
        "Total Cost of profits": 145,
        "Profit after tax corporate income": 608,
        "Volume": 2000000,
        "Close of Quarter": 7.4,
        "EPS": 176.0,
        "Non-adjusted EPS": 2641,
        "PE": 2.8,
        "Book Price": 1.1
      }
    },
    {
      "quarter": "Q3 2007",
      "income status": {
        "Net sales": 24601,
        "Cost of goods sold": 21403,
        "Gross Profit": 3198,
        "Financial expenses": 841,
        "Of which: Interest expense": 834,
        "Cost of sales": 369,
        "Enterprise cost management": 825,
        "Total Operating Expenses": 2035,
        "Total revenue financing activities": 7,
        "Net profit from business activities": 1170,
        "Profit": "N/A",
        "Profit before tax": 1170,
        "Present corporate income tax expenses": 164,
        "Deferred income taxes expenses": "N/A",
        "The interests of minority shareholders": "N/A",
        "Total Cost of profits": 164,
        "Profit after tax corporate income": 1006,
        "Volume": 2000000,
        "Close of Quarter": 8.1,
        "EPS": 280.2,
        "Non-adjusted EPS": 4204,
        "PE": 1.9,
        "Book Price": 1.2
      }
    },
    {
      "quarter": "Q2 2007",
      "income status": {
        "Net sales": 29939,
        "Cost of goods sold": 25213,
        "Gross Profit": 4726,
        "Financial expenses": 843,
        "Of which: Interest expense": 841,
        "Cost of sales": 447,
        "Enterprise cost management": 768,
        "Total Operating Expenses": 2058,
        "Total revenue financing activities": 8,
        "Net profit from business activities": 2676,
        "Profit": -29,
        "Profit before tax": 2647,
        "Present corporate income tax expenses": 371,
        "Deferred income taxes expenses": "N/A",
        "The interests of minority shareholders": "N/A",
        "Total Cost of profits": 371,
        "Profit after tax corporate income": 2276,
        "Volume": 2000000,
        "Close of Quarter": 7.9,
        "EPS": 297.4,
        "Non-adjusted EPS": 4462,
        "PE": 1.8,
        "Book Price": 1.2
      }
    },
    {
      "quarter": "Q1 2007",
      "income status": {
        "Net sales": 30605,
        "Cost of goods sold": 26906,
        "Gross Profit": 3699,
        "Financial expenses": 792,
        "Of which: Interest expense": 791,
        "Cost of sales": 355,
        "Enterprise cost management": 1063,
        "Total Operating Expenses": 2210,
        "Total revenue financing activities": 82,
        "Net profit from business activities": 1571,
        "Profit": 48,
        "Profit before tax": 1619,
        "Present corporate income tax expenses": 227,
        "Deferred income taxes expenses": "N/A",
        "The interests of minority shareholders": "N/A",
        "Total Cost of profits": 227,
        "Profit after tax corporate income": 1392,
        "Volume": 2000000,
        "Close of Quarter": 8.7,
        "EPS": 310.7,
        "Non-adjusted EPS": 4661,
        "PE": 1.9,
        "Book Price": 1.1
      }
    },
    {
      "quarter": "Q4 2006",
      "income status": {
        "Net sales": 25762,
        "Cost of goods sold": 20247,
        "Gross Profit": 5515,
        "Financial expenses": 526,
        "Of which: Interest expense": 380,
        "Cost of sales": 318,
        "Enterprise cost management": 923,
        "Total Operating Expenses": 1767,
        "Total revenue financing activities": 19,
        "Net profit from business activities": 3768,
        "Profit": -34,
        "Profit before tax": 3734,
        "Present corporate income tax expenses": "N/A",
        "Deferred income taxes expenses": "N/A",
        "The interests of minority shareholders": "N/A",
        "Total Cost of profits": 0,
        "Profit after tax corporate income": 3734,
        "Volume": 2000000,
        "Close of Quarter": 4.9,
        "EPS": 304.2,
        "Non-adjusted EPS": 4564,
        "PE": 1.1,
        "Book Price": 1.2
      }
    },
    {
      "quarter": "Q3 2006",
      "income status": {
        "Net sales": 13534,
        "Cost of goods sold": 10491,
        "Gross Profit": 3042,
        "Financial expenses": 578,
        "Of which: Interest expense": 512,
        "Cost of sales": 170,
        "Enterprise cost management": 781,
        "Total Operating Expenses": 1529,
        "Total revenue financing activities": 9,
        "Net profit from business activities": 1522,
        "Profit": "N/A",
        "Profit before tax": 1522,
        "Present corporate income tax expenses": "N/A",
        "Deferred income taxes expenses": "N/A",
        "The interests of minority shareholders": "N/A",
        "Total Cost of profits": 0,
        "Profit after tax corporate income": 1522,
        "Volume": 2000000,
        "Close of Quarter": "N/A",
        "EPS": 179.8,
        "Non-adjusted EPS": 2697,
        "PE": "N/A",
        "Book Price": 0.5
      }
    },
    {
      "quarter": "Q2 2006",
      "income status": {
        "Net sales": 14547,
        "Cost of goods sold": 10379,
        "Gross Profit": 4168,
        "Financial expenses": 464,
        "Of which: Interest expense": 464,
        "Cost of sales": 333,
        "Enterprise cost management": 708,
        "Total Operating Expenses": 1505,
        "Total revenue financing activities": "N/A",
        "Net profit from business activities": 2664,
        "Profit": 10,
        "Profit before tax": 2673,
        "Present corporate income tax expenses": "N/A",
        "Deferred income taxes expenses": "N/A",
        "The interests of minority shareholders": "N/A",
        "Total Cost of profits": 0,
        "Profit after tax corporate income": 2673,
        "Volume": 2000000,
        "Close of Quarter": "N/A",
        "EPS": 129.0,
        "Non-adjusted EPS": 1936,
        "PE": "N/A",
        "Book Price": "N/A"
      }
    },
    {
      "quarter": "Q1 2006",
      "income status": {
        "Net sales": 22730,
        "Cost of goods sold": 19689,
        "Gross Profit": 3040,
        "Financial expenses": 590,
        "Of which: Interest expense": 546,
        "Cost of sales": 432,
        "Enterprise cost management": 844,
        "Total Operating Expenses": 1866,
        "Total revenue financing activities": "N/A",
        "Net profit from business activities": 1175,
        "Profit": 23,
        "Profit before tax": 1198,
        "Present corporate income tax expenses": "N/A",
        "Deferred income taxes expenses": "N/A",
        "The interests of minority shareholders": "N/A",
        "Total Cost of profits": 0,
        "Profit after tax corporate income": 1198,
        "Volume": 2000000,
        "Close of Quarter": "N/A",
        "EPS": 39.9,
        "Non-adjusted EPS": 599,
        "PE": "N/A",
        "Book Price": "N/A"
      }
    }
  ]
}