{
  "ticker": "LAF",
  "data": [
    {
      "quarter": "Q1 2017",
      "income status": {
        "Net sales": 97314,
        "Cost of goods sold": 95763,
        "Gross Profit": 1551,
        "Financial expenses": 1155,
        "Of which: Interest expense": 793,
        "Cost of sales": 2196,
        "Enterprise cost management": 3139,
        "Total Operating Expenses": 6490,
        "Total revenue financing activities": 2317,
        "Net profit from business activities": -2622,
        "Profit": 12004,
        "Profit before tax": 9382,
        "Present corporate income tax expenses": 2276,
        "Deferred income taxes expenses": "N/A",
        "The interests of minority shareholders": "N/A",
        "Total Cost of profits": 2276,
        "Profit after tax corporate income": 7106,
        "Volume": 14728019,
        "Close of Quarter": 12,
        "EPS": 1952,
        "Non-adjusted EPS": 1952,
        "PE": 6.2,
        "Book Price": 12.4
      }
    },
    {
      "quarter": "Q4 2016",
      "income status": {
        "Net sales": 223778,
        "Cost of goods sold": 207000,
        "Gross Profit": 16778,
        "Financial expenses": 4523,
        "Of which: Interest expense": 1280,
        "Cost of sales": 3410,
        "Enterprise cost management": -362,
        "Total Operating Expenses": 7571,
        "Total revenue financing activities": 2512,
        "Net profit from business activities": 11718,
        "Profit": -640,
        "Profit before tax": 11079,
        "Present corporate income tax expenses": "N/A",
        "Deferred income taxes expenses": "N/A",
        "The interests of minority shareholders": "N/A",
        "Total Cost of profits": 0,
        "Profit after tax corporate income": 11079,
        "Volume": 14728019,
        "Close of Quarter": 11.2,
        "EPS": 1683,
        "Non-adjusted EPS": 1683,
        "PE": 6.7,
        "Book Price": 11.9
      }
    },
    {
      "quarter": "Q3 2016",
      "income status": {
        "Net sales": 351082,
        "Cost of goods sold": 322901,
        "Gross Profit": 28181,
        "Financial expenses": 1765,
        "Of which: Interest expense": 1721,
        "Cost of sales": 5583,
        "Enterprise cost management": 11365,
        "Total Operating Expenses": 18713,
        "Total revenue financing activities": 650,
        "Net profit from business activities": 10118,
        "Profit": 107,
        "Profit before tax": 10226,
        "Present corporate income tax expenses": "N/A",
        "Deferred income taxes expenses": "N/A",
        "The interests of minority shareholders": "N/A",
        "Total Cost of profits": 0,
        "Profit after tax corporate income": 10226,
        "Volume": 14728019,
        "Close of Quarter": 10.4,
        "EPS": 2040,
        "Non-adjusted EPS": 2040,
        "PE": 5.1,
        "Book Price": 11.2
      }
    },
    {
      "quarter": "Q2 2016",
      "income status": {
        "Net sales": 140528,
        "Cost of goods sold": 134156,
        "Gross Profit": 6372,
        "Financial expenses": 1513,
        "Of which: Interest expense": 1268,
        "Cost of sales": 3052,
        "Enterprise cost management": 1799,
        "Total Operating Expenses": 6364,
        "Total revenue financing activities": 396,
        "Net profit from business activities": 404,
        "Profit": -61,
        "Profit before tax": 342,
        "Present corporate income tax expenses": "N/A",
        "Deferred income taxes expenses": "N/A",
        "The interests of minority shareholders": "N/A",
        "Total Cost of profits": 0,
        "Profit after tax corporate income": 342,
        "Volume": 14728019,
        "Close of Quarter": 13.4,
        "EPS": 1642,
        "Non-adjusted EPS": 1642,
        "PE": 8.2,
        "Book Price": 10.5
      }
    },
    {
      "quarter": "Q1 2016",
      "income status": {
        "Net sales": 160346,
        "Cost of goods sold": 156351,
        "Gross Profit": 3996,
        "Financial expenses": 907,
        "Of which: Interest expense": 493,
        "Cost of sales": 3199,
        "Enterprise cost management": 2030,
        "Total Operating Expenses": 6136,
        "Total revenue financing activities": 1314,
        "Net profit from business activities": -826,
        "Profit": 5265,
        "Profit before tax": 4439,
        "Present corporate income tax expenses": 1306,
        "Deferred income taxes expenses": "N/A",
        "The interests of minority shareholders": "N/A",
        "Total Cost of profits": 1306,
        "Profit after tax corporate income": 3133,
        "Volume": 14728019,
        "Close of Quarter": 13.5,
        "EPS": 1766,
        "Non-adjusted EPS": 1766,
        "PE": 7.6,
        "Book Price": 10.5
      }
    },
    {
      "quarter": "Q4 2015",
      "income status": {
        "Net sales": 235051,
        "Cost of goods sold": 219829,
        "Gross Profit": 15223,
        "Financial expenses": 5999,
        "Of which: Interest expense": 1344,
        "Cost of sales": 4753,
        "Enterprise cost management": 7422,
        "Total Operating Expenses": 18174,
        "Total revenue financing activities": 18750,
        "Net profit from business activities": 15798,
        "Profit": 520,
        "Profit before tax": 16318,
        "Present corporate income tax expenses": "N/A",
        "Deferred income taxes expenses": -30,
        "The interests of minority shareholders": "N/A",
        "Total Cost of profits": -30,
        "Profit after tax corporate income": 16348,
        "Volume": 14728019,
        "Close of Quarter": 14.7,
        "EPS": 1656,
        "Non-adjusted EPS": 1656,
        "PE": 8.9,
        "Book Price": 10.3
      }
    },
    {
      "quarter": "Q3 2015",
      "income status": {
        "Net sales": 298237,
        "Cost of goods sold": 280906,
        "Gross Profit": 17331,
        "Financial expenses": 5428,
        "Of which: Interest expense": 1764,
        "Cost of sales": 5877,
        "Enterprise cost management": 3071,
        "Total Operating Expenses": 14376,
        "Total revenue financing activities": 2343,
        "Net profit from business activities": 5299,
        "Profit": -937,
        "Profit before tax": 4362,
        "Present corporate income tax expenses": "N/A",
        "Deferred income taxes expenses": "N/A",
        "The interests of minority shareholders": "N/A",
        "Total Cost of profits": 0,
        "Profit after tax corporate income": 4362,
        "Volume": 14728019,
        "Close of Quarter": 13.3,
        "EPS": 607,
        "Non-adjusted EPS": 607,
        "PE": 21.9,
        "Book Price": 9.2
      }
    },
    {
      "quarter": "Q2 2015",
      "income status": {
        "Net sales": 240849,
        "Cost of goods sold": 231293,
        "Gross Profit": 9556,
        "Financial expenses": 3446,
        "Of which: Interest expense": 1441,
        "Cost of sales": 4673,
        "Enterprise cost management": 277,
        "Total Operating Expenses": 8396,
        "Total revenue financing activities": 1014,
        "Net profit from business activities": 2174,
        "Profit": -2,
        "Profit before tax": 2173,
        "Present corporate income tax expenses": "N/A",
        "Deferred income taxes expenses": "N/A",
        "The interests of minority shareholders": "N/A",
        "Total Cost of profits": 0,
        "Profit after tax corporate income": 2173,
        "Volume": 14728019,
        "Close of Quarter": 13,
        "EPS": 903,
        "Non-adjusted EPS": 903,
        "PE": 14.4,
        "Book Price": 8.9
      }
    },
    {
      "quarter": "Q1 2015",
      "income status": {
        "Net sales": 102961,
        "Cost of goods sold": 98792,
        "Gross Profit": 4169,
        "Financial expenses": 927,
        "Of which: Interest expense": 519,
        "Cost of sales": 2942,
        "Enterprise cost management": 2535,
        "Total Operating Expenses": 6404,
        "Total revenue financing activities": 3429,
        "Net profit from business activities": 1195,
        "Profit": 312,
        "Profit before tax": 1507,
        "Present corporate income tax expenses": "N/A",
        "Deferred income taxes expenses": "N/A",
        "The interests of minority shareholders": "N/A",
        "Total Cost of profits": 0,
        "Profit after tax corporate income": 1507,
        "Volume": 14728019,
        "Close of Quarter": 13.9,
        "EPS": 785,
        "Non-adjusted EPS": 785,
        "PE": 17.7,
        "Book Price": 8.7
      }
    },
    {
      "quarter": "Q4 2014",
      "income status": {
        "Net sales": 162608,
        "Cost of goods sold": 151935,
        "Gross Profit": 10673,
        "Financial expenses": 2662,
        "Of which: Interest expense": 899,
        "Cost of sales": 5256,
        "Enterprise cost management": 6495,
        "Total Operating Expenses": 14413,
        "Total revenue financing activities": 4676,
        "Net profit from business activities": 936,
        "Profit": 52,
        "Profit before tax": 988,
        "Present corporate income tax expenses": "N/A",
        "Deferred income taxes expenses": 94,
        "The interests of minority shareholders": "N/A",
        "Total Cost of profits": 94,
        "Profit after tax corporate income": 895,
        "Volume": 14728019,
        "Close of Quarter": 12,
        "EPS": 791,
        "Non-adjusted EPS": 791,
        "PE": 15.2,
        "Book Price": 8.6
      }
    },
    {
      "quarter": "Q3 2014",
      "income status": {
        "Net sales": 272857,
        "Cost of goods sold": 253231,
        "Gross Profit": 19626,
        "Financial expenses": 2288,
        "Of which: Interest expense": 1395,
        "Cost of sales": 6862,
        "Enterprise cost management": 2723,
        "Total Operating Expenses": 11873,
        "Total revenue financing activities": 978,
        "Net profit from business activities": 8731,
        "Profit": -11,
        "Profit before tax": 8719,
        "Present corporate income tax expenses": "N/A",
        "Deferred income taxes expenses": "N/A",
        "The interests of minority shareholders": "N/A",
        "Total Cost of profits": 0,
        "Profit after tax corporate income": 8719,
        "Volume": 14728019,
        "Close of Quarter": 15.3,
        "EPS": 1722,
        "Non-adjusted EPS": 1722,
        "PE": 8.9,
        "Book Price": 8.5
      }
    },
    {
      "quarter": "Q2 2014",
      "income status": {
        "Net sales": 161692,
        "Cost of goods sold": 154096,
        "Gross Profit": 7596,
        "Financial expenses": 2259,
        "Of which: Interest expense": 1340,
        "Cost of sales": 4177,
        "Enterprise cost management": 2062,
        "Total Operating Expenses": 8498,
        "Total revenue financing activities": 1220,
        "Net profit from business activities": 318,
        "Profit": 29,
        "Profit before tax": 347,
        "Present corporate income tax expenses": "N/A",
        "Deferred income taxes expenses": -89,
        "The interests of minority shareholders": "N/A",
        "Total Cost of profits": -89,
        "Profit after tax corporate income": 436,
        "Volume": 14728019,
        "Close of Quarter": 10.8,
        "EPS": 1568,
        "Non-adjusted EPS": 1568,
        "PE": 6.9,
        "Book Price": 8
      }
    },
    {
      "quarter": "Q1 2014",
      "income status": {
        "Net sales": 94285,
        "Cost of goods sold": 88115,
        "Gross Profit": 6170,
        "Financial expenses": 328,
        "Of which: Interest expense": 317,
        "Cost of sales": 2675,
        "Enterprise cost management": 1868,
        "Total Operating Expenses": 4871,
        "Total revenue financing activities": 258,
        "Net profit from business activities": 1557,
        "Profit": 37,
        "Profit before tax": 1594,
        "Present corporate income tax expenses": "N/A",
        "Deferred income taxes expenses": "N/A",
        "The interests of minority shareholders": "N/A",
        "Total Cost of profits": 0,
        "Profit after tax corporate income": 1594,
        "Volume": 14728019,
        "Close of Quarter": 11.8,
        "EPS": 2412,
        "Non-adjusted EPS": 2412,
        "PE": 4.9,
        "Book Price": 7.9
      }
    },
    {
      "quarter": "Q4 2013",
      "income status": {
        "Net sales": 148024,
        "Cost of goods sold": 125148,
        "Gross Profit": 22876,
        "Financial expenses": 803,
        "Of which: Interest expense": 784,
        "Cost of sales": 4843,
        "Enterprise cost management": 7358,
        "Total Operating Expenses": 13004,
        "Total revenue financing activities": 4723,
        "Net profit from business activities": 14595,
        "Profit": 12,
        "Profit before tax": 14607,
        "Present corporate income tax expenses": "N/A",
        "Deferred income taxes expenses": "N/A",
        "The interests of minority shareholders": "N/A",
        "Total Cost of profits": 0,
        "Profit after tax corporate income": 14607,
        "Volume": 14728019,
        "Close of Quarter": 8.1,
        "EPS": 2310,
        "Non-adjusted EPS": 2310,
        "PE": 3.5,
        "Book Price": 7.8
      }
    },
    {
      "quarter": "Q3 2013",
      "income status": {
        "Net sales": 211711,
        "Cost of goods sold": 195555,
        "Gross Profit": 16157,
        "Financial expenses": 1297,
        "Of which: Interest expense": 1281,
        "Cost of sales": 4876,
        "Enterprise cost management": 3765,
        "Total Operating Expenses": 9938,
        "Total revenue financing activities": 374,
        "Net profit from business activities": 6591,
        "Profit": -139,
        "Profit before tax": 6452,
        "Present corporate income tax expenses": "N/A",
        "Deferred income taxes expenses": "N/A",
        "The interests of minority shareholders": "N/A",
        "Total Cost of profits": 0,
        "Profit after tax corporate income": 6452,
        "Volume": 14728019,
        "Close of Quarter": 4.8,
        "EPS": 773,
        "Non-adjusted EPS": 773,
        "PE": 6.2,
        "Book Price": 6.9
      }
    },
    {
      "quarter": "Q2 2013",
      "income status": {
        "Net sales": 80661,
        "Cost of goods sold": 87924,
        "Gross Profit": -7263,
        "Financial expenses": 2896,
        "Of which: Interest expense": 1853,
        "Cost of sales": 2594,
        "Enterprise cost management": 2124,
        "Total Operating Expenses": 7614,
        "Total revenue financing activities": 221,
        "Net profit from business activities": -14657,
        "Profit": 36315,
        "Profit before tax": 21659,
        "Present corporate income tax expenses": 8942,
        "Deferred income taxes expenses": -149,
        "The interests of minority shareholders": "N/A",
        "Total Cost of profits": 8793,
        "Profit after tax corporate income": 12866,
        "Volume": 14728019,
        "Close of Quarter": 5.2,
        "EPS": -996,
        "Non-adjusted EPS": -996,
        "PE": -5.2,
        "Book Price": 6.4
      }
    },
    {
      "quarter": "Q1 2013",
      "income status": {
        "Net sales": 97194,
        "Cost of goods sold": 90164,
        "Gross Profit": 7031,
        "Financial expenses": 1640,
        "Of which: Interest expense": 1639,
        "Cost of sales": 3676,
        "Enterprise cost management": 1676,
        "Total Operating Expenses": 6992,
        "Total revenue financing activities": 81,
        "Net profit from business activities": 119,
        "Profit": -15,
        "Profit before tax": 104,
        "Present corporate income tax expenses": "N/A",
        "Deferred income taxes expenses": "N/A",
        "The interests of minority shareholders": "N/A",
        "Total Cost of profits": 0,
        "Profit after tax corporate income": 104,
        "Volume": 14728019,
        "Close of Quarter": 4.8,
        "EPS": -7925,
        "Non-adjusted EPS": -7925,
        "PE": -0.6,
        "Book Price": 5.5
      }
    },
    {
      "quarter": "Q4 2012",
      "income status": {
        "Net sales": 240234,
        "Cost of goods sold": 239318,
        "Gross Profit": 916,
        "Financial expenses": 4916,
        "Of which: Interest expense": 4824,
        "Cost of sales": 5738,
        "Enterprise cost management": 3763,
        "Total Operating Expenses": 14417,
        "Total revenue financing activities": 4281,
        "Net profit from business activities": -9220,
        "Profit": 1182,
        "Profit before tax": -8038,
        "Present corporate income tax expenses": "N/A",
        "Deferred income taxes expenses": "N/A",
        "The interests of minority shareholders": "N/A",
        "Total Cost of profits": 0,
        "Profit after tax corporate income": -8038,
        "Volume": 14728019,
        "Close of Quarter": 3.9,
        "EPS": -10359,
        "Non-adjusted EPS": -10359,
        "PE": -0.4,
        "Book Price": 5.5
      }
    },
    {
      "quarter": "Q3 2012",
      "income status": {
        "Net sales": 272297,
        "Cost of goods sold": 275308,
        "Gross Profit": -3011,
        "Financial expenses": 9438,
        "Of which: Interest expense": 7748,
        "Cost of sales": 6338,
        "Enterprise cost management": 3242,
        "Total Operating Expenses": 19018,
        "Total revenue financing activities": 2622,
        "Net profit from business activities": -19406,
        "Profit": -199,
        "Profit before tax": -19605,
        "Present corporate income tax expenses": "N/A",
        "Deferred income taxes expenses": "N/A",
        "The interests of minority shareholders": "N/A",
        "Total Cost of profits": 0,
        "Profit after tax corporate income": -19605,
        "Volume": 14728019,
        "Close of Quarter": 6.9,
        "EPS": -12617,
        "Non-adjusted EPS": -12617,
        "PE": -0.6,
        "Book Price": 6.1
      }
    },
    {
      "quarter": "Q2 2012",
      "income status": {
        "Net sales": 195943,
        "Cost of goods sold": 263410,
        "Gross Profit": -67466,
        "Financial expenses": 14636,
        "Of which: Interest expense": 11281,
        "Cost of sales": 5588,
        "Enterprise cost management": 3601,
        "Total Operating Expenses": 23825,
        "Total revenue financing activities": 1400,
        "Net profit from business activities": -89890,
        "Profit": 292,
        "Profit before tax": -89598,
        "Present corporate income tax expenses": -425,
        "Deferred income taxes expenses": "N/A",
        "The interests of minority shareholders": "N/A",
        "Total Cost of profits": -425,
        "Profit after tax corporate income": -89174,
        "Volume": 14728019,
        "Close of Quarter": 11.2,
        "EPS": -10852,
        "Non-adjusted EPS": -10852,
        "PE": -1.0,
        "Book Price": 6.8
      }
    },
    {
      "quarter": "Q1 2012",
      "income status": {
        "Net sales": 197380,
        "Cost of goods sold": 217262,
        "Gross Profit": -19881,
        "Financial expenses": 10213,
        "Of which: Interest expense": 8489,
        "Cost of sales": 4484,
        "Enterprise cost management": 3386,
        "Total Operating Expenses": 18083,
        "Total revenue financing activities": 2118,
        "Net profit from business activities": -35847,
        "Profit": 103,
        "Profit before tax": -35744,
        "Present corporate income tax expenses": "N/A",
        "Deferred income taxes expenses": "N/A",
        "The interests of minority shareholders": "N/A",
        "Total Cost of profits": 0,
        "Profit after tax corporate income": -35744,
        "Volume": 14728019,
        "Close of Quarter": 15.2,
        "EPS": -4246,
        "Non-adjusted EPS": -4246,
        "PE": -3.6,
        "Book Price": 12.8
      }
    },
    {
      "quarter": "Q4 2011",
      "income status": {
        "Net sales": 279002,
        "Cost of goods sold": 327636,
        "Gross Profit": -48635,
        "Financial expenses": 17294,
        "Of which: Interest expense": 15605,
        "Cost of sales": 5212,
        "Enterprise cost management": -7983,
        "Total Operating Expenses": 14523,
        "Total revenue financing activities": 6489,
        "Net profit from business activities": -56670,
        "Profit": 281,
        "Profit before tax": -56389,
        "Present corporate income tax expenses": -15082,
        "Deferred income taxes expenses": "N/A",
        "The interests of minority shareholders": "N/A",
        "Total Cost of profits": -15082,
        "Profit after tax corporate income": -41307,
        "Volume": 14728019,
        "Close of Quarter": 14.4,
        "EPS": 716,
        "Non-adjusted EPS": 716,
        "PE": 20.1,
        "Book Price": 15.8
      }
    },
    {
      "quarter": "Q3 2011",
      "income status": {
        "Net sales": 282839,
        "Cost of goods sold": 250477,
        "Gross Profit": 32362,
        "Financial expenses": 15039,
        "Of which: Interest expense": 14594,
        "Cost of sales": 3686,
        "Enterprise cost management": 6636,
        "Total Operating Expenses": 25361,
        "Total revenue financing activities": 1356,
        "Net profit from business activities": 8357,
        "Profit": -50,
        "Profit before tax": 8306,
        "Present corporate income tax expenses": 1913,
        "Deferred income taxes expenses": "N/A",
        "The interests of minority shareholders": "N/A",
        "Total Cost of profits": 1913,
        "Profit after tax corporate income": 6394,
        "Volume": 14728019,
        "Close of Quarter": 17,
        "EPS": 6462,
        "Non-adjusted EPS": 6462,
        "PE": 2.6,
        "Book Price": 18.8
      }
    },
    {
      "quarter": "Q2 2011",
      "income status": {
        "Net sales": 183484,
        "Cost of goods sold": 162188,
        "Gross Profit": 21296,
        "Financial expenses": 10536,
        "Of which: Interest expense": 7470,
        "Cost of sales": 2917,
        "Enterprise cost management": 7381,
        "Total Operating Expenses": 20834,
        "Total revenue financing activities": 9890,
        "Net profit from business activities": 10352,
        "Profit": 43,
        "Profit before tax": 10395,
        "Present corporate income tax expenses": 2278,
        "Deferred income taxes expenses": "N/A",
        "The interests of minority shareholders": "N/A",
        "Total Cost of profits": 2278,
        "Profit after tax corporate income": 8117,
        "Volume": 13389414,
        "Close of Quarter": 16.1,
        "EPS": 7318.4,
        "Non-adjusted EPS": 8050,
        "PE": 2,
        "Book Price": 18.3
      }
    },
    {
      "quarter": "Q1 2011",
      "income status": {
        "Net sales": 161170,
        "Cost of goods sold": 105421,
        "Gross Profit": 55749,
        "Financial expenses": 1519,
        "Of which: Interest expense": 249,
        "Cost of sales": 2492,
        "Enterprise cost management": 6070,
        "Total Operating Expenses": 10081,
        "Total revenue financing activities": 3997,
        "Net profit from business activities": 49665,
        "Profit": 27,
        "Profit before tax": 49692,
        "Present corporate income tax expenses": 12357,
        "Deferred income taxes expenses": "N/A",
        "The interests of minority shareholders": "N/A",
        "Total Cost of profits": 12357,
        "Profit after tax corporate income": 37335,
        "Volume": 13389414,
        "Close of Quarter": 18.6,
        "EPS": 7385.6,
        "Non-adjusted EPS": 8124,
        "PE": 2.3,
        "Book Price": 18.8
      }
    },
    {
      "quarter": "Q4 2010",
      "income status": {
        "Net sales": 345780,
        "Cost of goods sold": 261766,
        "Gross Profit": 84014,
        "Financial expenses": 992,
        "Of which: Interest expense": 1549,
        "Cost of sales": 3927,
        "Enterprise cost management": 31009,
        "Total Operating Expenses": 35928,
        "Total revenue financing activities": 7809,
        "Net profit from business activities": 55896,
        "Profit": 376,
        "Profit before tax": 56272,
        "Present corporate income tax expenses": 12952,
        "Deferred income taxes expenses": "N/A",
        "The interests of minority shareholders": "N/A",
        "Total Cost of profits": 12952,
        "Profit after tax corporate income": 43320,
        "Volume": 13389414,
        "Close of Quarter": 19.4,
        "EPS": 5692.0,
        "Non-adjusted EPS": 6261,
        "PE": 3.1,
        "Book Price": 17
      }
    },
    {
      "quarter": "Q3 2010",
      "income status": {
        "Net sales": 270652,
        "Cost of goods sold": 223477,
        "Gross Profit": 47175,
        "Financial expenses": 10154,
        "Of which: Interest expense": 5692,
        "Cost of sales": 4771,
        "Enterprise cost management": 10056,
        "Total Operating Expenses": 24981,
        "Total revenue financing activities": 2989,
        "Net profit from business activities": 25183,
        "Profit": -30,
        "Profit before tax": 25153,
        "Present corporate income tax expenses": 6141,
        "Deferred income taxes expenses": "N/A",
        "The interests of minority shareholders": "N/A",
        "Total Cost of profits": 6141,
        "Profit after tax corporate income": 19012,
        "Volume": 13389414,
        "Close of Quarter": 17.9,
        "EPS": 3872.8,
        "Non-adjusted EPS": 4260,
        "PE": 4.2,
        "Book Price": 14.7
      }
    },
    {
      "quarter": "Q2 2010",
      "income status": {
        "Net sales": 170740,
        "Cost of goods sold": 148581,
        "Gross Profit": 22159,
        "Financial expenses": 8052,
        "Of which: Interest expense": 5921,
        "Cost of sales": 3403,
        "Enterprise cost management": 1709,
        "Total Operating Expenses": 13164,
        "Total revenue financing activities": 3018,
        "Net profit from business activities": 12012,
        "Profit": 29,
        "Profit before tax": 12041,
        "Present corporate income tax expenses": 2928,
        "Deferred income taxes expenses": "N/A",
        "The interests of minority shareholders": "N/A",
        "Total Cost of profits": 2928,
        "Profit after tax corporate income": 9114,
        "Volume": 8118384,
        "Close of Quarter": 17.6,
        "EPS": 3284.7,
        "Non-adjusted EPS": 5959,
        "PE": 3.0,
        "Book Price": 8.2
      }
    },
    {
      "quarter": "Q1 2010",
      "income status": {
        "Net sales": 125553,
        "Cost of goods sold": 106673,
        "Gross Profit": 18881,
        "Financial expenses": 4965,
        "Of which: Interest expense": 1283,
        "Cost of sales": 2960,
        "Enterprise cost management": 1939,
        "Total Operating Expenses": 9864,
        "Total revenue financing activities": 7572,
        "Net profit from business activities": 16589,
        "Profit": -48,
        "Profit before tax": 16542,
        "Present corporate income tax expenses": 4155,
        "Deferred income taxes expenses": "N/A",
        "The interests of minority shareholders": "N/A",
        "Total Cost of profits": 4155,
        "Profit after tax corporate income": 12387,
        "Volume": 8118384,
        "Close of Quarter": 19.8,
        "EPS": 2680.0,
        "Non-adjusted EPS": 4862,
        "PE": 4.1,
        "Book Price": 8.0
      }
    },
    {
      "quarter": "Q4 2009",
      "income status": {
        "Net sales": 163028,
        "Cost of goods sold": 132389,
        "Gross Profit": 30639,
        "Financial expenses": 8670,
        "Of which: Interest expense": "N/A",
        "Cost of sales": 3603,
        "Enterprise cost management": 11585,
        "Total Operating Expenses": 23858,
        "Total revenue financing activities": 12761,
        "Net profit from business activities": 19543,
        "Profit": 1181,
        "Profit before tax": 20724,
        "Present corporate income tax expenses": 4203,
        "Deferred income taxes expenses": "N/A",
        "The interests of minority shareholders": "N/A",
        "Total Cost of profits": 4203,
        "Profit after tax corporate income": 16522,
        "Volume": 8118384,
        "Close of Quarter": 12.2,
        "EPS": 1452.5,
        "Non-adjusted EPS": 2635,
        "PE": 4.6,
        "Book Price": 7.2
      }
    },
    {
      "quarter": "Q3 2009",
      "income status": {
        "Net sales": 147424,
        "Cost of goods sold": 134508,
        "Gross Profit": 12915,
        "Financial expenses": 4302,
        "Of which: Interest expense": 1944,
        "Cost of sales": 2933,
        "Enterprise cost management": 1401,
        "Total Operating Expenses": 8636,
        "Total revenue financing activities": 7531,
        "Net profit from business activities": 11811,
        "Profit": -51,
        "Profit before tax": 11760,
        "Present corporate income tax expenses": 1409,
        "Deferred income taxes expenses": "N/A",
        "The interests of minority shareholders": "N/A",
        "Total Cost of profits": 1409,
        "Profit after tax corporate income": 10351,
        "Volume": 8118384,
        "Close of Quarter": 13.7,
        "EPS": -350.0,
        "Non-adjusted EPS": -635,
        "PE": -21.6,
        "Book Price": 6.4
      }
    },
    {
      "quarter": "Q2 2009",
      "income status": {
        "Net sales": 118249,
        "Cost of goods sold": 114219,
        "Gross Profit": 4030,
        "Financial expenses": 2415,
        "Of which: Interest expense": 1440,
        "Cost of sales": 2531,
        "Enterprise cost management": 1452,
        "Total Operating Expenses": 6398,
        "Total revenue financing activities": 2357,
        "Net profit from business activities": -11,
        "Profit": 225,
        "Profit before tax": 213,
        "Present corporate income tax expenses": "N/A",
        "Deferred income taxes expenses": "N/A",
        "The interests of minority shareholders": "N/A",
        "Total Cost of profits": 0,
        "Profit after tax corporate income": 213,
        "Volume": 8118384,
        "Close of Quarter": 8.4,
        "EPS": -780.5,
        "Non-adjusted EPS": -1416,
        "PE": -6.0,
        "Book Price": 5.7
      }
    },
    {
      "quarter": "Q1 2009",
      "income status": {
        "Net sales": 99704,
        "Cost of goods sold": 100777,
        "Gross Profit": -1074,
        "Financial expenses": 2110,
        "Of which: Interest expense": 824,
        "Cost of sales": 2511,
        "Enterprise cost management": 1168,
        "Total Operating Expenses": 5789,
        "Total revenue financing activities": 1189,
        "Net profit from business activities": -5674,
        "Profit": -19,
        "Profit before tax": -5693,
        "Present corporate income tax expenses": "N/A",
        "Deferred income taxes expenses": "N/A",
        "The interests of minority shareholders": "N/A",
        "Total Cost of profits": 0,
        "Profit after tax corporate income": -5693,
        "Volume": 5798901,
        "Close of Quarter": 4.8,
        "EPS": -420.5,
        "Non-adjusted EPS": -1068,
        "PE": -4.5,
        "Book Price": 5.7
      }
    },
    {
      "quarter": "Q4 2008",
      "income status": {
        "Net sales": 171527,
        "Cost of goods sold": 179758,
        "Gross Profit": -8231,
        "Financial expenses": 4962,
        "Of which: Interest expense": 2916,
        "Cost of sales": 4903,
        "Enterprise cost management": 1251,
        "Total Operating Expenses": 11116,
        "Total revenue financing activities": 4314,
        "Net profit from business activities": -15033,
        "Profit": -84,
        "Profit before tax": -15117,
        "Present corporate income tax expenses": -5088,
        "Deferred income taxes expenses": "N/A",
        "The interests of minority shareholders": "N/A",
        "Total Cost of profits": -5088,
        "Profit after tax corporate income": -10029,
        "Volume": 5798901,
        "Close of Quarter": 4.6,
        "EPS": 308.7,
        "Non-adjusted EPS": 784,
        "PE": 5.8,
        "Book Price": 6.1
      }
    },
    {
      "quarter": "Q3 2008",
      "income status": {
        "Net sales": 184541,
        "Cost of goods sold": 169794,
        "Gross Profit": 14747,
        "Financial expenses": 6185,
        "Of which: Interest expense": 4856,
        "Cost of sales": 3948,
        "Enterprise cost management": 1267,
        "Total Operating Expenses": 11400,
        "Total revenue financing activities": 2007,
        "Net profit from business activities": 5355,
        "Profit": -45,
        "Profit before tax": 5310,
        "Present corporate income tax expenses": 1294,
        "Deferred income taxes expenses": "N/A",
        "The interests of minority shareholders": "N/A",
        "Total Cost of profits": 1294,
        "Profit after tax corporate income": 4016,
        "Volume": 5798901,
        "Close of Quarter": 10.5,
        "EPS": 1710.4,
        "Non-adjusted EPS": 4344,
        "PE": 2.4,
        "Book Price": 6.9
      }
    },
    {
      "quarter": "Q2 2008",
      "income status": {
        "Net sales": 117954,
        "Cost of goods sold": 103989,
        "Gross Profit": 13965,
        "Financial expenses": 6032,
        "Of which: Interest expense": 3562,
        "Cost of sales": 2018,
        "Enterprise cost management": 1356,
        "Total Operating Expenses": 9406,
        "Total revenue financing activities": 3012,
        "Net profit from business activities": 7571,
        "Profit": 114,
        "Profit before tax": 7685,
        "Present corporate income tax expenses": 2172,
        "Deferred income taxes expenses": "N/A",
        "The interests of minority shareholders": "N/A",
        "Total Cost of profits": 2172,
        "Profit after tax corporate income": 5513,
        "Volume": 5798901,
        "Close of Quarter": 7.5,
        "EPS": 2238.4,
        "Non-adjusted EPS": 5685,
        "PE": 1.3,
        "Book Price": 6.9
      }
    },
    {
      "quarter": "Q1 2008",
      "income status": {
        "Net sales": 90449,
        "Cost of goods sold": 78993,
        "Gross Profit": 11456,
        "Financial expenses": 795,
        "Of which: Interest expense": 381,
        "Cost of sales": 2300,
        "Enterprise cost management": 1419,
        "Total Operating Expenses": 4514,
        "Total revenue financing activities": 727,
        "Net profit from business activities": 7670,
        "Profit": -213,
        "Profit before tax": 7456,
        "Present corporate income tax expenses": 2412,
        "Deferred income taxes expenses": "N/A",
        "The interests of minority shareholders": "N/A",
        "Total Cost of profits": 2412,
        "Profit after tax corporate income": 5045,
        "Volume": 5798901,
        "Close of Quarter": 11.5,
        "EPS": 2023.4,
        "Non-adjusted EPS": 5139,
        "PE": 2.2,
        "Book Price": 6.5
      }
    },
    {
      "quarter": "Q4 2007",
      "income status": {
        "Net sales": 175585,
        "Cost of goods sold": 153123,
        "Gross Profit": 22462,
        "Financial expenses": 2499,
        "Of which: Interest expense": "N/A",
        "Cost of sales": 4207,
        "Enterprise cost management": 4371,
        "Total Operating Expenses": 11077,
        "Total revenue financing activities": 3767,
        "Net profit from business activities": 15152,
        "Profit": -959,
        "Profit before tax": 14193,
        "Present corporate income tax expenses": 3576,
        "Deferred income taxes expenses": "N/A",
        "The interests of minority shareholders": "N/A",
        "Total Cost of profits": 3576,
        "Profit after tax corporate income": 10617,
        "Volume": 5798901,
        "Close of Quarter": 24.2,
        "EPS": 1433.2,
        "Non-adjusted EPS": 3640,
        "PE": 6.7,
        "Book Price": 6.1
      }
    },
    {
      "quarter": "Q3 2007",
      "income status": {
        "Net sales": 205874,
        "Cost of goods sold": 183911,
        "Gross Profit": 21964,
        "Financial expenses": 3501,
        "Of which: Interest expense": 3061,
        "Cost of sales": 3978,
        "Enterprise cost management": 979,
        "Total Operating Expenses": 8458,
        "Total revenue financing activities": 1300,
        "Net profit from business activities": 14805,
        "Profit": -3012,
        "Profit before tax": 11793,
        "Present corporate income tax expenses": "N/A",
        "Deferred income taxes expenses": "N/A",
        "The interests of minority shareholders": "N/A",
        "Total Cost of profits": 0,
        "Profit after tax corporate income": 11793,
        "Volume": 5798901,
        "Close of Quarter": 10.8,
        "EPS": 593.4,
        "Non-adjusted EPS": 1507,
        "PE": 7.2,
        "Book Price": 5.4
      }
    },
    {
      "quarter": "Q2 2007",
      "income status": {
        "Net sales": 149617,
        "Cost of goods sold": 138897,
        "Gross Profit": 10720,
        "Financial expenses": 5848,
        "Of which: Interest expense": "N/A",
        "Cost of sales": 2943,
        "Enterprise cost management": 1383,
        "Total Operating Expenses": 10174,
        "Total revenue financing activities": 1848,
        "Net profit from business activities": 2394,
        "Profit": -51,
        "Profit before tax": 2343,
        "Present corporate income tax expenses": "N/A",
        "Deferred income taxes expenses": "N/A",
        "The interests of minority shareholders": "N/A",
        "Total Cost of profits": 0,
        "Profit after tax corporate income": 2343,
        "Volume": 5798901,
        "Close of Quarter": 8.7,
        "EPS": -432.7,
        "Non-adjusted EPS": -1099,
        "PE": -7.9,
        "Book Price": 4.6
      }
    },
    {
      "quarter": "Q1 2007",
      "income status": {
        "Net sales": 95427,
        "Cost of goods sold": 94089,
        "Gross Profit": 1338,
        "Financial expenses": 2282,
        "Of which: Interest expense": 903,
        "Cost of sales": 2229,
        "Enterprise cost management": 939,
        "Total Operating Expenses": 5450,
        "Total revenue financing activities": 378,
        "Net profit from business activities": -3734,
        "Profit": 89,
        "Profit before tax": -3644,
        "Present corporate income tax expenses": "N/A",
        "Deferred income taxes expenses": "N/A",
        "The interests of minority shareholders": "N/A",
        "Total Cost of profits": 0,
        "Profit after tax corporate income": -3644,
        "Volume": 5798901,
        "Close of Quarter": 10.9,
        "EPS": -721.3,
        "Non-adjusted EPS": -1832,
        "PE": -6.0,
        "Book Price": 4.5
      }
    },
    {
      "quarter": "Q4 2006",
      "income status": {
        "Net sales": 182527,
        "Cost of goods sold": 177335,
        "Gross Profit": 5191,
        "Financial expenses": 2339,
        "Of which: Interest expense": 1653,
        "Cost of sales": 4413,
        "Enterprise cost management": 4607,
        "Total Operating Expenses": 11359,
        "Total revenue financing activities": 2059,
        "Net profit from business activities": -4109,
        "Profit": 2356,
        "Profit before tax": -1752,
        "Present corporate income tax expenses": "N/A",
        "Deferred income taxes expenses": "N/A",
        "The interests of minority shareholders": "N/A",
        "Total Cost of profits": 0,
        "Profit after tax corporate income": -1752,
        "Volume": 5798901,
        "Close of Quarter": 6.5,
        "EPS": -898.9,
        "Non-adjusted EPS": -2283,
        "PE": -2.8,
        "Book Price": 4.7
      }
    },
    {
      "quarter": "Q3 2006",
      "income status": {
        "Net sales": 222037,
        "Cost of goods sold": 216710,
        "Gross Profit": 5327,
        "Financial expenses": 3456,
        "Of which: Interest expense": 2818,
        "Cost of sales": 4677,
        "Enterprise cost management": 1231,
        "Total Operating Expenses": 9364,
        "Total revenue financing activities": 575,
        "Net profit from business activities": -3462,
        "Profit": 142,
        "Profit before tax": -3319,
        "Present corporate income tax expenses": "N/A",
        "Deferred income taxes expenses": "N/A",
        "The interests of minority shareholders": "N/A",
        "Total Cost of profits": 0,
        "Profit after tax corporate income": -3319,
        "Volume": 3819680,
        "Close of Quarter": 9.1,
        "EPS": -780.1,
        "Non-adjusted EPS": -3008,
        "PE": -3.0,
        "Book Price": 3.6
      }
    },
    {
      "quarter": "Q2 2006",
      "income status": {
        "Net sales": 163789,
        "Cost of goods sold": 160933,
        "Gross Profit": 2856,
        "Financial expenses": 3394,
        "Of which: Interest expense": 2555,
        "Cost of sales": 3029,
        "Enterprise cost management": 1507,
        "Total Operating Expenses": 7930,
        "Total revenue financing activities": 3019,
        "Net profit from business activities": -2055,
        "Profit": 148,
        "Profit before tax": -1907,
        "Present corporate income tax expenses": "N/A",
        "Deferred income taxes expenses": "N/A",
        "The interests of minority shareholders": "N/A",
        "Total Cost of profits": 0,
        "Profit after tax corporate income": -1907,
        "Volume": 3819680,
        "Close of Quarter": 9.7,
        "EPS": -554.8,
        "Non-adjusted EPS": -2139,
        "PE": -4.5,
        "Book Price": 3.2
      }
    },
    {
      "quarter": "Q1 2006",
      "income status": {
        "Net sales": 131551,
        "Cost of goods sold": 135691,
        "Gross Profit": -4140,
        "Financial expenses": 1642,
        "Of which: Interest expense": "N/A",
        "Cost of sales": 2447,
        "Enterprise cost management": 1458,
        "Total Operating Expenses": 5547,
        "Total revenue financing activities": 3322,
        "Net profit from business activities": -6366,
        "Profit": 103,
        "Profit before tax": -6263,
        "Present corporate income tax expenses": "N/A",
        "Deferred income taxes expenses": "N/A",
        "The interests of minority shareholders": "N/A",
        "Total Cost of profits": 0,
        "Profit after tax corporate income": -6263,
        "Volume": 3819680,
        "Close of Quarter": 10.7,
        "EPS": -425.3,
        "Non-adjusted EPS": -1640,
        "PE": -6.5,
        "Book Price": 3.3
      }
    }
  ]
}