{
  "ticker": "SEL",
  "data": [
    {
      "quarter": "Q2 2013",
      "income status": {
        "Net sales": 61604,
        "Cost of goods sold": 48591,
        "Gross Profit": 13012,
        "Financial expenses": 3150,
        "Of which: Interest expense": 2100,
        "Cost of sales": "N/A",
        "Enterprise cost management": 5441,
        "Total Operating Expenses": 8591,
        "Total revenue financing activities": 19,
        "Net profit from business activities": 4440,
        "Profit": -292,
        "Profit before tax": 4149,
        "Present corporate income tax expenses": 1080,
        "Deferred income taxes expenses": "N/A",
        "The interests of minority shareholders": "N/A",
        "Total Cost of profits": 1080,
        "Profit after tax corporate income": 3068,
        "Volume": 5000000,
        "Close of Quarter": 6.9,
        "EPS": 2106,
        "Non-adjusted EPS": 2106,
        "PE": 3.3,
        "Book Price": 14.5
      }
    },
    {
      "quarter": "Q1 2013",
      "income status": {
        "Net sales": 58929,
        "Cost of goods sold": 50523,
        "Gross Profit": 8406,
        "Financial expenses": 1799,
        "Of which: Interest expense": 1799,
        "Cost of sales": "N/A",
        "Enterprise cost management": 4661,
        "Total Operating Expenses": 6460,
        "Total revenue financing activities": 49,
        "Net profit from business activities": 1994,
        "Profit": 17,
        "Profit before tax": 2012,
        "Present corporate income tax expenses": 533,
        "Deferred income taxes expenses": "N/A",
        "The interests of minority shareholders": "N/A",
        "Total Cost of profits": 533,
        "Profit after tax corporate income": 1479,
        "Volume": 5000000,
        "Close of Quarter": 6.5,
        "EPS": 1931,
        "Non-adjusted EPS": 1931,
        "PE": 3.4,
        "Book Price": 15
      }
    },
    {
      "quarter": "Q4 2012",
      "income status": {
        "Net sales": 92438,
        "Cost of goods sold": 81510,
        "Gross Profit": 10928,
        "Financial expenses": 2310,
        "Of which: Interest expense": 2310,
        "Cost of sales": "N/A",
        "Enterprise cost management": 5225,
        "Total Operating Expenses": 7535,
        "Total revenue financing activities": 26,
        "Net profit from business activities": 3418,
        "Profit": 421,
        "Profit before tax": 3839,
        "Present corporate income tax expenses": 716,
        "Deferred income taxes expenses": "N/A",
        "The interests of minority shareholders": "N/A",
        "Total Cost of profits": 716,
        "Profit after tax corporate income": 3122,
        "Volume": 5000000,
        "Close of Quarter": 5.2,
        "EPS": 2095,
        "Non-adjusted EPS": 2095,
        "PE": 2.5,
        "Book Price": 14.7
      }
    },
    {
      "quarter": "Q3 2012",
      "income status": {
        "Net sales": 80215,
        "Cost of goods sold": 70454,
        "Gross Profit": 9761,
        "Financial expenses": 2208,
        "Of which: Interest expense": 2208,
        "Cost of sales": "N/A",
        "Enterprise cost management": 4505,
        "Total Operating Expenses": 6713,
        "Total revenue financing activities": 338,
        "Net profit from business activities": 3385,
        "Profit": -450,
        "Profit before tax": 2935,
        "Present corporate income tax expenses": 76,
        "Deferred income taxes expenses": "N/A",
        "The interests of minority shareholders": "N/A",
        "Total Cost of profits": 76,
        "Profit after tax corporate income": 2860,
        "Volume": 5000000,
        "Close of Quarter": 4.6,
        "EPS": 2248,
        "Non-adjusted EPS": 2248,
        "PE": 2.1,
        "Book Price": 15.1
      }
    },
    {
      "quarter": "Q2 2012",
      "income status": {
        "Net sales": 97497,
        "Cost of goods sold": 86578,
        "Gross Profit": 10919,
        "Financial expenses": 2623,
        "Of which: Interest expense": 2623,
        "Cost of sales": "N/A",
        "Enterprise cost management": 5092,
        "Total Operating Expenses": 7715,
        "Total revenue financing activities": 41,
        "Net profit from business activities": 3246,
        "Profit": -213,
        "Profit before tax": 3033,
        "Present corporate income tax expenses": 840,
        "Deferred income taxes expenses": "N/A",
        "The interests of minority shareholders": "N/A",
        "Total Cost of profits": 840,
        "Profit after tax corporate income": 2193,
        "Volume": 5000000,
        "Close of Quarter": 4.9,
        "EPS": 1823,
        "Non-adjusted EPS": 1823,
        "PE": 2.7,
        "Book Price": 14.5
      }
    },
    {
      "quarter": "Q1 2012",
      "income status": {
        "Net sales": 57129,
        "Cost of goods sold": 47161,
        "Gross Profit": 9968,
        "Financial expenses": 2458,
        "Of which: Interest expense": 2458,
        "Cost of sales": "N/A",
        "Enterprise cost management": 4434,
        "Total Operating Expenses": 6892,
        "Total revenue financing activities": 46,
        "Net profit from business activities": 3122,
        "Profit": -28,
        "Profit before tax": 3094,
        "Present corporate income tax expenses": 792,
        "Deferred income taxes expenses": "N/A",
        "The interests of minority shareholders": "N/A",
        "Total Cost of profits": 792,
        "Profit after tax corporate income": 2302,
        "Volume": 5000000,
        "Close of Quarter": 3.9,
        "EPS": 1778,
        "Non-adjusted EPS": 1778,
        "PE": 2.2,
        "Book Price": 14.2
      }
    },
    {
      "quarter": "Q4 2011",
      "income status": {
        "Net sales": 70581,
        "Cost of goods sold": 57008,
        "Gross Profit": 13574,
        "Financial expenses": 3417,
        "Of which: Interest expense": 3417,
        "Cost of sales": "N/A",
        "Enterprise cost management": 4764,
        "Total Operating Expenses": 8181,
        "Total revenue financing activities": 174,
        "Net profit from business activities": 5566,
        "Profit": -220,
        "Profit before tax": 5346,
        "Present corporate income tax expenses": 1461,
        "Deferred income taxes expenses": "N/A",
        "The interests of minority shareholders": "N/A",
        "Total Cost of profits": 1461,
        "Profit after tax corporate income": 3885,
        "Volume": 5000000,
        "Close of Quarter": 3.2,
        "EPS": 1477,
        "Non-adjusted EPS": 1477,
        "PE": 2.2,
        "Book Price": 13.5
      }
    },
    {
      "quarter": "Q3 2011",
      "income status": {
        "Net sales": 61990,
        "Cost of goods sold": 53838,
        "Gross Profit": 8151,
        "Financial expenses": 3095,
        "Of which: Interest expense": 3095,
        "Cost of sales": "N/A",
        "Enterprise cost management": 3592,
        "Total Operating Expenses": 6687,
        "Total revenue financing activities": 45,
        "Net profit from business activities": 1510,
        "Profit": -391,
        "Profit before tax": 1119,
        "Present corporate income tax expenses": 383,
        "Deferred income taxes expenses": "N/A",
        "The interests of minority shareholders": "N/A",
        "Total Cost of profits": 383,
        "Profit after tax corporate income": 736,
        "Volume": 5000000,
        "Close of Quarter": 3.5,
        "EPS": 1139,
        "Non-adjusted EPS": 1139,
        "PE": 3.1,
        "Book Price": 14.1
      }
    },
    {
      "quarter": "Q2 2011",
      "income status": {
        "Net sales": 63389,
        "Cost of goods sold": 48350,
        "Gross Profit": 15039,
        "Financial expenses": 5721,
        "Of which: Interest expense": 5721,
        "Cost of sales": "N/A",
        "Enterprise cost management": 6850,
        "Total Operating Expenses": 12571,
        "Total revenue financing activities": 127,
        "Net profit from business activities": 2596,
        "Profit": 57,
        "Profit before tax": 2653,
        "Present corporate income tax expenses": 688,
        "Deferred income taxes expenses": "N/A",
        "The interests of minority shareholders": "N/A",
        "Total Cost of profits": 688,
        "Profit after tax corporate income": 1965,
        "Volume": 5000000,
        "Close of Quarter": 3.6,
        "EPS": 1317,
        "Non-adjusted EPS": 1317,
        "PE": 2.7,
        "Book Price": 13.9
      }
    },
    {
      "quarter": "Q1 2011",
      "income status": {
        "Net sales": 17226,
        "Cost of goods sold": 14709,
        "Gross Profit": 2517,
        "Financial expenses": 710,
        "Of which: Interest expense": 710,
        "Cost of sales": "N/A",
        "Enterprise cost management": 851,
        "Total Operating Expenses": 1561,
        "Total revenue financing activities": 137,
        "Net profit from business activities": 1093,
        "Profit": -11,
        "Profit before tax": 1082,
        "Present corporate income tax expenses": 284,
        "Deferred income taxes expenses": "N/A",
        "The interests of minority shareholders": "N/A",
        "Total Cost of profits": 284,
        "Profit after tax corporate income": 797,
        "Volume": 5000000,
        "Close of Quarter": 6.1,
        "EPS": 1537,
        "Non-adjusted EPS": 1537,
        "PE": 4.0,
        "Book Price": 13.6
      }
    },
    {
      "quarter": "Q4 2010",
      "income status": {
        "Net sales": 101302,
        "Cost of goods sold": 91898,
        "Gross Profit": 9404,
        "Financial expenses": 2386,
        "Of which: Interest expense": 2386,
        "Cost of sales": "N/A",
        "Enterprise cost management": 4869,
        "Total Operating Expenses": 7255,
        "Total revenue financing activities": 1015,
        "Net profit from business activities": 3165,
        "Profit": -171,
        "Profit before tax": 2994,
        "Present corporate income tax expenses": 798,
        "Deferred income taxes expenses": "N/A",
        "The interests of minority shareholders": "N/A",
        "Total Cost of profits": 798,
        "Profit after tax corporate income": 2196,
        "Volume": 5000000,
        "Close of Quarter": 7.6,
        "EPS": 1527,
        "Non-adjusted EPS": 1527,
        "PE": 5.0,
        "Book Price": 13.3
      }
    },
    {
      "quarter": "Q3 2010",
      "income status": {
        "Net sales": 44625,
        "Cost of goods sold": 36045,
        "Gross Profit": 8580,
        "Financial expenses": 1695,
        "Of which: Interest expense": "N/A",
        "Cost of sales": "N/A",
        "Enterprise cost management": 4595,
        "Total Operating Expenses": 6290,
        "Total revenue financing activities": 21,
        "Net profit from business activities": 2311,
        "Profit": -24,
        "Profit before tax": 2287,
        "Present corporate income tax expenses": 661,
        "Deferred income taxes expenses": "N/A",
        "The interests of minority shareholders": "N/A",
        "Total Cost of profits": 661,
        "Profit after tax corporate income": 1626,
        "Volume": 5000000,
        "Close of Quarter": 10.2,
        "EPS": 1423,
        "Non-adjusted EPS": 1423,
        "PE": 7.2,
        "Book Price": 12.9
      }
    },
    {
      "quarter": "Q1 2010",
      "income status": {
        "Net sales": 60731,
        "Cost of goods sold": 51639,
        "Gross Profit": 9092,
        "Financial expenses": 1522,
        "Of which: Interest expense": "N/A",
        "Cost of sales": "N/A",
        "Enterprise cost management": 3901,
        "Total Operating Expenses": 5423,
        "Total revenue financing activities": 414,
        "Net profit from business activities": 4083,
        "Profit": 3,
        "Profit before tax": 4086,
        "Present corporate income tax expenses": 1021,
        "Deferred income taxes expenses": "N/A",
        "The interests of minority shareholders": "N/A",
        "Total Cost of profits": 1021,
        "Profit after tax corporate income": 3064,
        "Volume": 5000000,
        "Close of Quarter": "N/A",
        "EPS": 1098,
        "Non-adjusted EPS": 1098,
        "PE": "N/A",
        "Book Price": 13.4
      }
    },
    {
      "quarter": "Q4 2009",
      "income status": {
        "Net sales": 78476,
        "Cost of goods sold": 70051,
        "Gross Profit": 8425,
        "Financial expenses": 1200,
        "Of which: Interest expense": 1200,
        "Cost of sales": "N/A",
        "Enterprise cost management": 5775,
        "Total Operating Expenses": 6975,
        "Total revenue financing activities": 460,
        "Net profit from business activities": 1910,
        "Profit": -82,
        "Profit before tax": 1828,
        "Present corporate income tax expenses": 1078,
        "Deferred income taxes expenses": "N/A",
        "The interests of minority shareholders": "N/A",
        "Total Cost of profits": 1078,
        "Profit after tax corporate income": 750,
        "Volume": 5000000,
        "Close of Quarter": "N/A",
        "EPS": 485,
        "Non-adjusted EPS": 485,
        "PE": "N/A",
        "Book Price": 12.8
      }
    },
    {
      "quarter": "Q3 2009",
      "income status": {
        "Net sales": 42819,
        "Cost of goods sold": 36666,
        "Gross Profit": 6153,
        "Financial expenses": 768,
        "Of which: Interest expense": "N/A",
        "Cost of sales": "N/A",
        "Enterprise cost management": 3518,
        "Total Operating Expenses": 4286,
        "Total revenue financing activities": 367,
        "Net profit from business activities": 2234,
        "Profit": "N/A",
        "Profit before tax": 2234,
        "Present corporate income tax expenses": 558,
        "Deferred income taxes expenses": "N/A",
        "The interests of minority shareholders": "N/A",
        "Total Cost of profits": 558,
        "Profit after tax corporate income": 1675,
        "Volume": 5000000,
        "Close of Quarter": "N/A",
        "EPS": 335,
        "Non-adjusted EPS": 335,
        "PE": "N/A",
        "Book Price": "N/A"
      }
    }
  ]
}