{
  "ticker": "TXM",
  "data": [
    {
      "quarter": "Q1 2017",
      "income status": {
        "Net sales": 133601,
        "Cost of goods sold": 114130,
        "Gross Profit": 19471,
        "Financial expenses": 41,
        "Of which: Interest expense": 41,
        "Cost of sales": 13122,
        "Enterprise cost management": 3921,
        "Total Operating Expenses": 17084,
        "Total revenue financing activities": 17,
        "Net profit from business activities": 2404,
        "Profit": 246,
        "Profit before tax": 2649,
        "Present corporate income tax expenses": 542,
        "Deferred income taxes expenses": "N/A",
        "The interests of minority shareholders": "N/A",
        "Total Cost of profits": 542,
        "Profit after tax corporate income": 2107,
        "Volume": 7000000,
        "Close of Quarter": 9.3,
        "EPS": 1561,
        "Non-adjusted EPS": 1561,
        "PE": 6.0,
        "Book Price": 17.4
      }
    },
    {
      "quarter": "Q4 2016",
      "income status": {
        "Net sales": 156711,
        "Cost of goods sold": 133734,
        "Gross Profit": 22976,
        "Financial expenses": 66,
        "Of which: Interest expense": "N/A",
        "Cost of sales": 14382,
        "Enterprise cost management": 5166,
        "Total Operating Expenses": 19614,
        "Total revenue financing activities": 116,
        "Net profit from business activities": 3478,
        "Profit": 424,
        "Profit before tax": 3902,
        "Present corporate income tax expenses": 798,
        "Deferred income taxes expenses": "N/A",
        "The interests of minority shareholders": "N/A",
        "Total Cost of profits": 798,
        "Profit after tax corporate income": 3104,
        "Volume": 7000000,
        "Close of Quarter": 7.7,
        "EPS": 1355,
        "Non-adjusted EPS": 1355,
        "PE": 5.7,
        "Book Price": 17
      }
    },
    {
      "quarter": "Q3 2016",
      "income status": {
        "Net sales": 164601,
        "Cost of goods sold": 141766,
        "Gross Profit": 22835,
        "Financial expenses": "N/A",
        "Of which: Interest expense": "N/A",
        "Cost of sales": 15103,
        "Enterprise cost management": 4712,
        "Total Operating Expenses": 19815,
        "Total revenue financing activities": 373,
        "Net profit from business activities": 3392,
        "Profit": 436,
        "Profit before tax": 3828,
        "Present corporate income tax expenses": 775,
        "Deferred income taxes expenses": "N/A",
        "The interests of minority shareholders": "N/A",
        "Total Cost of profits": 775,
        "Profit after tax corporate income": 3053,
        "Volume": 7000000,
        "Close of Quarter": 6.5,
        "EPS": 956,
        "Non-adjusted EPS": 956,
        "PE": 6.8,
        "Book Price": 16.5
      }
    },
    {
      "quarter": "Q2 2016",
      "income status": {
        "Net sales": 161345,
        "Cost of goods sold": 136534,
        "Gross Profit": 24811,
        "Financial expenses": "N/A",
        "Of which: Interest expense": "N/A",
        "Cost of sales": 15305,
        "Enterprise cost management": 6860,
        "Total Operating Expenses": 22165,
        "Total revenue financing activities": 357,
        "Net profit from business activities": 3003,
        "Profit": 340,
        "Profit before tax": 3343,
        "Present corporate income tax expenses": 684,
        "Deferred income taxes expenses": "N/A",
        "The interests of minority shareholders": "N/A",
        "Total Cost of profits": 684,
        "Profit after tax corporate income": 2660,
        "Volume": 7000000,
        "Close of Quarter": 7.7,
        "EPS": 433,
        "Non-adjusted EPS": 433,
        "PE": 17.8,
        "Book Price": 16.1
      }
    },
    {
      "quarter": "Q1 2016",
      "income status": {
        "Net sales": 111021,
        "Cost of goods sold": 94680,
        "Gross Profit": 16341,
        "Financial expenses": "N/A",
        "Of which: Interest expense": "N/A",
        "Cost of sales": 11856,
        "Enterprise cost management": 4074,
        "Total Operating Expenses": 15930,
        "Total revenue financing activities": 191,
        "Net profit from business activities": 603,
        "Profit": 237,
        "Profit before tax": 841,
        "Present corporate income tax expenses": 172,
        "Deferred income taxes expenses": "N/A",
        "The interests of minority shareholders": "N/A",
        "Total Cost of profits": 172,
        "Profit after tax corporate income": 668,
        "Volume": 7000000,
        "Close of Quarter": 6.8,
        "EPS": 262,
        "Non-adjusted EPS": 262,
        "PE": 26.0,
        "Book Price": 15.7
      }
    },
    {
      "quarter": "Q4 2015",
      "income status": {
        "Net sales": 129528,
        "Cost of goods sold": 112024,
        "Gross Profit": 17504,
        "Financial expenses": 199,
        "Of which: Interest expense": 6,
        "Cost of sales": 14568,
        "Enterprise cost management": 6129,
        "Total Operating Expenses": 20896,
        "Total revenue financing activities": 243,
        "Net profit from business activities": -3148,
        "Profit": 3427,
        "Profit before tax": 279,
        "Present corporate income tax expenses": -35,
        "Deferred income taxes expenses": "N/A",
        "The interests of minority shareholders": "N/A",
        "Total Cost of profits": -35,
        "Profit after tax corporate income": 314,
        "Volume": 7000000,
        "Close of Quarter": 10.1,
        "EPS": 475,
        "Non-adjusted EPS": 475,
        "PE": 21.2,
        "Book Price": 16.1
      }
    },
    {
      "quarter": "Q3 2015",
      "income status": {
        "Net sales": 149836,
        "Cost of goods sold": 131163,
        "Gross Profit": 18672,
        "Financial expenses": 18,
        "Of which: Interest expense": "N/A",
        "Cost of sales": 14905,
        "Enterprise cost management": 4845,
        "Total Operating Expenses": 19768,
        "Total revenue financing activities": 185,
        "Net profit from business activities": -910,
        "Profit": 297,
        "Profit before tax": -614,
        "Present corporate income tax expenses": "N/A",
        "Deferred income taxes expenses": "N/A",
        "The interests of minority shareholders": "N/A",
        "Total Cost of profits": 0,
        "Profit after tax corporate income": -614,
        "Volume": 7000000,
        "Close of Quarter": 8.8,
        "EPS": 604,
        "Non-adjusted EPS": 604,
        "PE": 14.6,
        "Book Price": 16
      }
    },
    {
      "quarter": "Q2 2015",
      "income status": {
        "Net sales": 148559,
        "Cost of goods sold": 130292,
        "Gross Profit": 18267,
        "Financial expenses": 198,
        "Of which: Interest expense": "N/A",
        "Cost of sales": 13710,
        "Enterprise cost management": 3823,
        "Total Operating Expenses": 17731,
        "Total revenue financing activities": 199,
        "Net profit from business activities": 735,
        "Profit": 1163,
        "Profit before tax": 1898,
        "Present corporate income tax expenses": 432,
        "Deferred income taxes expenses": "N/A",
        "The interests of minority shareholders": "N/A",
        "Total Cost of profits": 432,
        "Profit after tax corporate income": 1466,
        "Volume": 7000000,
        "Close of Quarter": 8.7,
        "EPS": 955,
        "Non-adjusted EPS": 955,
        "PE": 9.1,
        "Book Price": 16.1
      }
    },
    {
      "quarter": "Q1 2015",
      "income status": {
        "Net sales": 137830,
        "Cost of goods sold": 119658,
        "Gross Profit": 18172,
        "Financial expenses": "N/A",
        "Of which: Interest expense": "N/A",
        "Cost of sales": 13456,
        "Enterprise cost management": 4658,
        "Total Operating Expenses": 18114,
        "Total revenue financing activities": 96,
        "Net profit from business activities": 153,
        "Profit": 2611,
        "Profit before tax": 2764,
        "Present corporate income tax expenses": 608,
        "Deferred income taxes expenses": "N/A",
        "The interests of minority shareholders": "N/A",
        "Total Cost of profits": 608,
        "Profit after tax corporate income": 2156,
        "Volume": 7000000,
        "Close of Quarter": 9.1,
        "EPS": 970,
        "Non-adjusted EPS": 970,
        "PE": 9.4,
        "Book Price": 15.9
      }
    },
    {
      "quarter": "Q4 2014",
      "income status": {
        "Net sales": 139741,
        "Cost of goods sold": 118015,
        "Gross Profit": 21727,
        "Financial expenses": 29,
        "Of which: Interest expense": 2,
        "Cost of sales": 17135,
        "Enterprise cost management": 4167,
        "Total Operating Expenses": 21331,
        "Total revenue financing activities": 241,
        "Net profit from business activities": 637,
        "Profit": 936,
        "Profit before tax": 1573,
        "Present corporate income tax expenses": 355,
        "Deferred income taxes expenses": "N/A",
        "The interests of minority shareholders": "N/A",
        "Total Cost of profits": 355,
        "Profit after tax corporate income": 1218,
        "Volume": 7000000,
        "Close of Quarter": 8.3,
        "EPS": 911,
        "Non-adjusted EPS": 911,
        "PE": 9.1,
        "Book Price": 16.1
      }
    },
    {
      "quarter": "Q3 2014",
      "income status": {
        "Net sales": 178233,
        "Cost of goods sold": 155335,
        "Gross Profit": 22898,
        "Financial expenses": "N/A",
        "Of which: Interest expense": "N/A",
        "Cost of sales": 17615,
        "Enterprise cost management": 4247,
        "Total Operating Expenses": 21862,
        "Total revenue financing activities": 300,
        "Net profit from business activities": 1336,
        "Profit": 1042,
        "Profit before tax": 2377,
        "Present corporate income tax expenses": 531,
        "Deferred income taxes expenses": "N/A",
        "The interests of minority shareholders": "N/A",
        "Total Cost of profits": 531,
        "Profit after tax corporate income": 1846,
        "Volume": 7000000,
        "Close of Quarter": 8.5,
        "EPS": 890,
        "Non-adjusted EPS": 890,
        "PE": 9.5,
        "Book Price": 15.9
      }
    },
    {
      "quarter": "Q2 2014",
      "income status": {
        "Net sales": 160952,
        "Cost of goods sold": 138559,
        "Gross Profit": 22393,
        "Financial expenses": 30,
        "Of which: Interest expense": "N/A",
        "Cost of sales": 16757,
        "Enterprise cost management": 4425,
        "Total Operating Expenses": 21212,
        "Total revenue financing activities": 185,
        "Net profit from business activities": 1367,
        "Profit": 658,
        "Profit before tax": 2024,
        "Present corporate income tax expenses": 453,
        "Deferred income taxes expenses": "N/A",
        "The interests of minority shareholders": "N/A",
        "Total Cost of profits": 453,
        "Profit after tax corporate income": 1571,
        "Volume": 7000000,
        "Close of Quarter": 7.9,
        "EPS": 743,
        "Non-adjusted EPS": 743,
        "PE": 10.6,
        "Book Price": 15.7
      }
    },
    {
      "quarter": "Q1 2014",
      "income status": {
        "Net sales": 143356,
        "Cost of goods sold": 123836,
        "Gross Profit": 19520,
        "Financial expenses": 32,
        "Of which: Interest expense": 32,
        "Cost of sales": 14898,
        "Enterprise cost management": 4525,
        "Total Operating Expenses": 19455,
        "Total revenue financing activities": 342,
        "Net profit from business activities": 408,
        "Profit": 1833,
        "Profit before tax": 2241,
        "Present corporate income tax expenses": 501,
        "Deferred income taxes expenses": "N/A",
        "The interests of minority shareholders": "N/A",
        "Total Cost of profits": 501,
        "Profit after tax corporate income": 1740,
        "Volume": 7000000,
        "Close of Quarter": 8.7,
        "EPS": 864,
        "Non-adjusted EPS": 864,
        "PE": 10.1,
        "Book Price": 15.4
      }
    },
    {
      "quarter": "Q4 2013",
      "income status": {
        "Net sales": 128938,
        "Cost of goods sold": 108598,
        "Gross Profit": 20340,
        "Financial expenses": 149,
        "Of which: Interest expense": 31,
        "Cost of sales": 17580,
        "Enterprise cost management": 3454,
        "Total Operating Expenses": 21183,
        "Total revenue financing activities": 142,
        "Net profit from business activities": -701,
        "Profit": 2215,
        "Profit before tax": 1515,
        "Present corporate income tax expenses": 445,
        "Deferred income taxes expenses": "N/A",
        "The interests of minority shareholders": "N/A",
        "Total Cost of profits": 445,
        "Profit after tax corporate income": 1070,
        "Volume": 7000000,
        "Close of Quarter": 5.6,
        "EPS": 794,
        "Non-adjusted EPS": 794,
        "PE": 7.1,
        "Book Price": 15.7
      }
    },
    {
      "quarter": "Q3 2013",
      "income status": {
        "Net sales": 127364,
        "Cost of goods sold": 108962,
        "Gross Profit": 18402,
        "Financial expenses": 163,
        "Of which: Interest expense": "N/A",
        "Cost of sales": 14056,
        "Enterprise cost management": 3423,
        "Total Operating Expenses": 17642,
        "Total revenue financing activities": 123,
        "Net profit from business activities": 884,
        "Profit": 222,
        "Profit before tax": 1106,
        "Present corporate income tax expenses": 286,
        "Deferred income taxes expenses": "N/A",
        "The interests of minority shareholders": "N/A",
        "Total Cost of profits": 286,
        "Profit after tax corporate income": 819,
        "Volume": 7000000,
        "Close of Quarter": 3.0,
        "EPS": 673,
        "Non-adjusted EPS": 673,
        "PE": 4.4,
        "Book Price": 15.5
      }
    },
    {
      "quarter": "Q2 2013",
      "income status": {
        "Net sales": 156330,
        "Cost of goods sold": 132173,
        "Gross Profit": 24157,
        "Financial expenses": 428,
        "Of which: Interest expense": 99,
        "Cost of sales": 16126,
        "Enterprise cost management": 4589,
        "Total Operating Expenses": 21143,
        "Total revenue financing activities": 191,
        "Net profit from business activities": 3206,
        "Profit": 73,
        "Profit before tax": 3279,
        "Present corporate income tax expenses": 860,
        "Deferred income taxes expenses": "N/A",
        "The interests of minority shareholders": "N/A",
        "Total Cost of profits": 860,
        "Profit after tax corporate income": 2419,
        "Volume": 7000000,
        "Close of Quarter": 2.9,
        "EPS": 619,
        "Non-adjusted EPS": 619,
        "PE": 4.7,
        "Book Price": 15.4
      }
    },
    {
      "quarter": "Q1 2013",
      "income status": {
        "Net sales": 122696,
        "Cost of goods sold": 102832,
        "Gross Profit": 19865,
        "Financial expenses": 164,
        "Of which: Interest expense": 158,
        "Cost of sales": 14024,
        "Enterprise cost management": 4658,
        "Total Operating Expenses": 18846,
        "Total revenue financing activities": 104,
        "Net profit from business activities": 1122,
        "Profit": 567,
        "Profit before tax": 1689,
        "Present corporate income tax expenses": 436,
        "Deferred income taxes expenses": "N/A",
        "The interests of minority shareholders": "N/A",
        "Total Cost of profits": 436,
        "Profit after tax corporate income": 1253,
        "Volume": 7000000,
        "Close of Quarter": 2.7,
        "EPS": 669,
        "Non-adjusted EPS": 669,
        "PE": 4.1,
        "Book Price": 15.1
      }
    },
    {
      "quarter": "Q4 2012",
      "income status": {
        "Net sales": 127414,
        "Cost of goods sold": 109939,
        "Gross Profit": 17475,
        "Financial expenses": 133,
        "Of which: Interest expense": 12,
        "Cost of sales": 15790,
        "Enterprise cost management": 4647,
        "Total Operating Expenses": 20570,
        "Total revenue financing activities": 39,
        "Net profit from business activities": -3056,
        "Profit": 3402,
        "Profit before tax": 346,
        "Present corporate income tax expenses": 127,
        "Deferred income taxes expenses": "N/A",
        "The interests of minority shareholders": "N/A",
        "Total Cost of profits": 127,
        "Profit after tax corporate income": 219,
        "Volume": 7000000,
        "Close of Quarter": 2.7,
        "EPS": 649,
        "Non-adjusted EPS": 649,
        "PE": 4.1,
        "Book Price": 15.2
      }
    },
    {
      "quarter": "Q3 2012",
      "income status": {
        "Net sales": 117577,
        "Cost of goods sold": 101225,
        "Gross Profit": 16352,
        "Financial expenses": 3,
        "Of which: Interest expense": "N/A",
        "Cost of sales": 10600,
        "Enterprise cost management": 5675,
        "Total Operating Expenses": 16278,
        "Total revenue financing activities": 45,
        "Net profit from business activities": 119,
        "Profit": 475,
        "Profit before tax": 593,
        "Present corporate income tax expenses": 148,
        "Deferred income taxes expenses": "N/A",
        "The interests of minority shareholders": "N/A",
        "Total Cost of profits": 148,
        "Profit after tax corporate income": 445,
        "Volume": 7000000,
        "Close of Quarter": 2.4,
        "EPS": 695,
        "Non-adjusted EPS": 695,
        "PE": 3.4,
        "Book Price": 15.2
      }
    },
    {
      "quarter": "Q2 2012",
      "income status": {
        "Net sales": 154238,
        "Cost of goods sold": 130779,
        "Gross Profit": 23459,
        "Financial expenses": 23,
        "Of which: Interest expense": "N/A",
        "Cost of sales": 16133,
        "Enterprise cost management": 4580,
        "Total Operating Expenses": 20736,
        "Total revenue financing activities": 117,
        "Net profit from business activities": 2840,
        "Profit": 876,
        "Profit before tax": 3716,
        "Present corporate income tax expenses": 952,
        "Deferred income taxes expenses": "N/A",
        "The interests of minority shareholders": "N/A",
        "Total Cost of profits": 952,
        "Profit after tax corporate income": 2764,
        "Volume": 7000000,
        "Close of Quarter": 3.1,
        "EPS": 664,
        "Non-adjusted EPS": 664,
        "PE": 4.7,
        "Book Price": 15.1
      }
    },
    {
      "quarter": "Q1 2012",
      "income status": {
        "Net sales": 105249,
        "Cost of goods sold": 88851,
        "Gross Profit": 16398,
        "Financial expenses": 24,
        "Of which: Interest expense": "N/A",
        "Cost of sales": 11451,
        "Enterprise cost management": 4326,
        "Total Operating Expenses": 15801,
        "Total revenue financing activities": 163,
        "Net profit from business activities": 759,
        "Profit": 726,
        "Profit before tax": 1486,
        "Present corporate income tax expenses": 371,
        "Deferred income taxes expenses": "N/A",
        "The interests of minority shareholders": "N/A",
        "Total Cost of profits": 371,
        "Profit after tax corporate income": 1114,
        "Volume": 7000000,
        "Close of Quarter": 2.9,
        "EPS": 1082,
        "Non-adjusted EPS": 1082,
        "PE": 2.7,
        "Book Price": 14.8
      }
    },
    {
      "quarter": "Q4 2011",
      "income status": {
        "Net sales": 85419,
        "Cost of goods sold": 74466,
        "Gross Profit": 10953,
        "Financial expenses": 25,
        "Of which: Interest expense": "N/A",
        "Cost of sales": 10689,
        "Enterprise cost management": 1084,
        "Total Operating Expenses": 11798,
        "Total revenue financing activities": 62,
        "Net profit from business activities": -783,
        "Profit": 1508,
        "Profit before tax": 10597,
        "Present corporate income tax expenses": 181,
        "Deferred income taxes expenses": "N/A",
        "The interests of minority shareholders": "N/A",
        "Total Cost of profits": 181,
        "Profit after tax corporate income": 544,
        "Volume": 7000000,
        "Close of Quarter": 2.0,
        "EPS": 1135,
        "Non-adjusted EPS": 1135,
        "PE": 1.8,
        "Book Price": 15.2
      }
    },
    {
      "quarter": "Q3 2011",
      "income status": {
        "Net sales": 108447,
        "Cost of goods sold": 90543,
        "Gross Profit": 17904,
        "Financial expenses": 41,
        "Of which: Interest expense": "N/A",
        "Cost of sales": 11468,
        "Enterprise cost management": 7590,
        "Total Operating Expenses": 19099,
        "Total revenue financing activities": 26,
        "Net profit from business activities": -1168,
        "Profit": 1473,
        "Profit before tax": 9872,
        "Present corporate income tax expenses": 76,
        "Deferred income taxes expenses": "N/A",
        "The interests of minority shareholders": "N/A",
        "Total Cost of profits": 76,
        "Profit after tax corporate income": 228,
        "Volume": 7000000,
        "Close of Quarter": 3.1,
        "EPS": 1229,
        "Non-adjusted EPS": 1229,
        "PE": 2.5,
        "Book Price": 15.1
      }
    },
    {
      "quarter": "Q2 2011",
      "income status": {
        "Net sales": 180560,
        "Cost of goods sold": 149649,
        "Gross Profit": 30911,
        "Financial expenses": -18,
        "Of which: Interest expense": 69,
        "Cost of sales": 16660,
        "Enterprise cost management": 7994,
        "Total Operating Expenses": 24636,
        "Total revenue financing activities": 21,
        "Net profit from business activities": 6297,
        "Profit": 1285,
        "Profit before tax": 7582,
        "Present corporate income tax expenses": 1896,
        "Deferred income taxes expenses": "N/A",
        "The interests of minority shareholders": "N/A",
        "Total Cost of profits": 1896,
        "Profit after tax corporate income": 5687,
        "Volume": 7000000,
        "Close of Quarter": 3.0,
        "EPS": 1258,
        "Non-adjusted EPS": 1258,
        "PE": 2.3,
        "Book Price": 15.1
      }
    },
    {
      "quarter": "Q1 2011",
      "income status": {
        "Net sales": 110542,
        "Cost of goods sold": 96032,
        "Gross Profit": 14510,
        "Financial expenses": 604,
        "Of which: Interest expense": 32,
        "Cost of sales": 9902,
        "Enterprise cost management": 3569,
        "Total Operating Expenses": 14075,
        "Total revenue financing activities": 20,
        "Net profit from business activities": 454,
        "Profit": 1532,
        "Profit before tax": 1986,
        "Present corporate income tax expenses": 496,
        "Deferred income taxes expenses": "N/A",
        "The interests of minority shareholders": "N/A",
        "Total Cost of profits": 496,
        "Profit after tax corporate income": 1489,
        "Volume": 7000000,
        "Close of Quarter": 5.0,
        "EPS": 574,
        "Non-adjusted EPS": 574,
        "PE": 8.7,
        "Book Price": 14.6
      }
    },
    {
      "quarter": "Q4 2010",
      "income status": {
        "Net sales": 92880,
        "Cost of goods sold": 82630,
        "Gross Profit": 10250,
        "Financial expenses": 112,
        "Of which: Interest expense": "N/A",
        "Cost of sales": 8785,
        "Enterprise cost management": 3626,
        "Total Operating Expenses": 12523,
        "Total revenue financing activities": 96,
        "Net profit from business activities": -2177,
        "Profit": 3550,
        "Profit before tax": 1373,
        "Present corporate income tax expenses": 172,
        "Deferred income taxes expenses": "N/A",
        "The interests of minority shareholders": "N/A",
        "Total Cost of profits": 172,
        "Profit after tax corporate income": 1201,
        "Volume": 7000000,
        "Close of Quarter": 6.3,
        "EPS": 361,
        "Non-adjusted EPS": 361,
        "PE": 17.4,
        "Book Price": 14.4
      }
    },
    {
      "quarter": "Q3 2010",
      "income status": {
        "Net sales": 96299,
        "Cost of goods sold": 86813,
        "Gross Profit": 9486,
        "Financial expenses": 790,
        "Of which: Interest expense": "N/A",
        "Cost of sales": 8476,
        "Enterprise cost management": 2490,
        "Total Operating Expenses": 11756,
        "Total revenue financing activities": 572,
        "Net profit from business activities": -1699,
        "Profit": 2188,
        "Profit before tax": 489,
        "Present corporate income tax expenses": 61,
        "Deferred income taxes expenses": "N/A",
        "The interests of minority shareholders": "N/A",
        "Total Cost of profits": 61,
        "Profit after tax corporate income": 428,
        "Volume": 7000000,
        "Close of Quarter": 7.4,
        "EPS": -284,
        "Non-adjusted EPS": -284,
        "PE": -26.0,
        "Book Price": 14.2
      }
    },
    {
      "quarter": "Q2 2010",
      "income status": {
        "Net sales": 91288,
        "Cost of goods sold": 80482,
        "Gross Profit": 10806,
        "Financial expenses": 1872,
        "Of which: Interest expense": "N/A",
        "Cost of sales": 7813,
        "Enterprise cost management": 2599,
        "Total Operating Expenses": 12284,
        "Total revenue financing activities": 537,
        "Net profit from business activities": -942,
        "Profit": 1970,
        "Profit before tax": 1028,
        "Present corporate income tax expenses": 129,
        "Deferred income taxes expenses": "N/A",
        "The interests of minority shareholders": "N/A",
        "Total Cost of profits": 129,
        "Profit after tax corporate income": 900,
        "Volume": 7000000,
        "Close of Quarter": 7.9,
        "EPS": -207,
        "Non-adjusted EPS": -207,
        "PE": -38.4,
        "Book Price": 14.1
      }
    },
    {
      "quarter": "Q1 2010",
      "income status": {
        "Net sales": 70884,
        "Cost of goods sold": 62433,
        "Gross Profit": 8452,
        "Financial expenses": 467,
        "Of which: Interest expense": "N/A",
        "Cost of sales": 7229,
        "Enterprise cost management": 2486,
        "Total Operating Expenses": 10182,
        "Total revenue financing activities": 653,
        "Net profit from business activities": -1077,
        "Profit": 1077,
        "Profit before tax": "N/A",
        "Present corporate income tax expenses": "N/A",
        "Deferred income taxes expenses": "N/A",
        "The interests of minority shareholders": "N/A",
        "Total Cost of profits": 0,
        "Profit after tax corporate income": 0,
        "Volume": 7000000,
        "Close of Quarter": 6.9,
        "EPS": -188,
        "Non-adjusted EPS": -188,
        "PE": -36.8,
        "Book Price": 13.8
      }
    },
    {
      "quarter": "Q4 2009",
      "income status": {
        "Net sales": 77568,
        "Cost of goods sold": 69339,
        "Gross Profit": 8229,
        "Financial expenses": 3701,
        "Of which: Interest expense": "N/A",
        "Cost of sales": 6397,
        "Enterprise cost management": 3255,
        "Total Operating Expenses": 13353,
        "Total revenue financing activities": 555,
        "Net profit from business activities": -4569,
        "Profit": 1251,
        "Profit before tax": -3318,
        "Present corporate income tax expenses": "N/A",
        "Deferred income taxes expenses": "N/A",
        "The interests of minority shareholders": "N/A",
        "Total Cost of profits": 0,
        "Profit after tax corporate income": -3318,
        "Volume": 7000000,
        "Close of Quarter": 6.5,
        "EPS": "N/A",
        "Non-adjusted EPS": " ",
        "PE": "N/A",
        "Book Price": 13.9
      }
    },
    {
      "quarter": "Q3 2009",
      "income status": {
        "Net sales": 79867,
        "Cost of goods sold": 72232,
        "Gross Profit": 7635,
        "Financial expenses": 56,
        "Of which: Interest expense": "N/A",
        "Cost of sales": 5666,
        "Enterprise cost management": 2854,
        "Total Operating Expenses": 8576,
        "Total revenue financing activities": 782,
        "Net profit from business activities": -159,
        "Profit": 1131,
        "Profit before tax": 972,
        "Present corporate income tax expenses": "N/A",
        "Deferred income taxes expenses": "N/A",
        "The interests of minority shareholders": "N/A",
        "Total Cost of profits": 0,
        "Profit after tax corporate income": 972,
        "Volume": 7000000,
        "Close of Quarter": 8.5,
        "EPS": "",
        "Non-adjusted EPS": "N/A",
        "PE": 17.8,
        "Book Price": 14.3
      }
    },
    {
      "quarter": "Q2 2009",
      "income status": {
        "Net sales": 86840,
        "Cost of goods sold": 79411,
        "Gross Profit": 7429,
        "Financial expenses": 4,
        "Of which: Interest expense": "N/A",
        "Cost of sales": 5702,
        "Enterprise cost management": 2947,
        "Total Operating Expenses": 8653,
        "Total revenue financing activities": 1069,
        "Net profit from business activities": -156,
        "Profit": 1185,
        "Profit before tax": 1029,
        "Present corporate income tax expenses": "N/A",
        "Deferred income taxes expenses": "N/A",
        "The interests of minority shareholders": "N/A",
        "Total Cost of profits": 0,
        "Profit after tax corporate income": 1029,
        "Volume": 7000000,
        "Close of Quarter": 7.8,
        "EPS": "",
        "Non-adjusted EPS": 478,
        "PE": 12.1,
        "Book Price": 14.1
      }
    },
    {
      "quarter": "Q1 2009",
      "income status": {
        "Net sales": 47088,
        "Cost of goods sold": 41354,
        "Gross Profit": 5735,
        "Financial expenses": 66,
        "Of which: Interest expense": "N/A",
        "Cost of sales": 3339,
        "Enterprise cost management": 2683,
        "Total Operating Expenses": 6088,
        "Total revenue financing activities": 1172,
        "Net profit from business activities": 819,
        "Profit": 499,
        "Profit before tax": 1318,
        "Present corporate income tax expenses": "N/A",
        "Deferred income taxes expenses": "N/A",
        "The interests of minority shareholders": "N/A",
        "Total Cost of profits": 0,
        "Profit after tax corporate income": 1318,
        "Volume": 7000000,
        "Close of Quarter": 4.8,
        "EPS": 478,
        "Non-adjusted EPS": 647,
        "PE": 6.0,
        "Book Price": 14.6
      }
    },
    {
      "quarter": "Q4 2008",
      "income status": {
        "Net sales": 58941,
        "Cost of goods sold": 51994,
        "Gross Profit": 6946,
        "Financial expenses": 14,
        "Of which: Interest expense": "N/A",
        "Cost of sales": 4790,
        "Enterprise cost management": 3967,
        "Total Operating Expenses": 8771,
        "Total revenue financing activities": 1050,
        "Net profit from business activities": -775,
        "Profit": 799,
        "Profit before tax": 24,
        "Present corporate income tax expenses": "N/A",
        "Deferred income taxes expenses": "N/A",
        "The interests of minority shareholders": "N/A",
        "Total Cost of profits": 0,
        "Profit after tax corporate income": 24,
        "Volume": 7000000,
        "Close of Quarter": 5.6,
        "EPS": 647,
        "Non-adjusted EPS": 810,
        "PE": 6.1,
        "Book Price": 14.8
      }
    },
    {
      "quarter": "Q3 2008",
      "income status": {
        "Net sales": 81671,
        "Cost of goods sold": 71968,
        "Gross Profit": 9703,
        "Financial expenses": -845,
        "Of which: Interest expense": "N/A",
        "Cost of sales": 7459,
        "Enterprise cost management": 4150,
        "Total Operating Expenses": 10764,
        "Total revenue financing activities": 1898,
        "Net profit from business activities": 837,
        "Profit": 1321,
        "Profit before tax": 2158,
        "Present corporate income tax expenses": "N/A",
        "Deferred income taxes expenses": "N/A",
        "The interests of minority shareholders": "N/A",
        "Total Cost of profits": 0,
        "Profit after tax corporate income": 2158,
        "Volume": 7000000,
        "Close of Quarter": 8.3,
        "EPS": 810,
        "Non-adjusted EPS": 915,
        "PE": 6.3,
        "Book Price": 14.8
      }
    },
    {
      "quarter": "Q2 2008",
      "income status": {
        "Net sales": 74607,
        "Cost of goods sold": 62838,
        "Gross Profit": 11769,
        "Financial expenses": 994,
        "Of which: Interest expense": "N/A",
        "Cost of sales": 7438,
        "Enterprise cost management": 2911,
        "Total Operating Expenses": 11343,
        "Total revenue financing activities": 1671,
        "Net profit from business activities": 2096,
        "Profit": 77,
        "Profit before tax": 2173,
        "Present corporate income tax expenses": "N/A",
        "Deferred income taxes expenses": "N/A",
        "The interests of minority shareholders": "N/A",
        "Total Cost of profits": 0,
        "Profit after tax corporate income": 2173,
        "Volume": 7000000,
        "Close of Quarter": 6.5,
        "EPS": 915,
        "Non-adjusted EPS": 1315,
        "PE": 5.4,
        "Book Price": 14.5
      }
    },
    {
      "quarter": "Q1 2008",
      "income status": {
        "Net sales": 77106,
        "Cost of goods sold": 64087,
        "Gross Profit": 13019,
        "Financial expenses": 39,
        "Of which: Interest expense": "N/A",
        "Cost of sales": 7111,
        "Enterprise cost management": 4273,
        "Total Operating Expenses": 11423,
        "Total revenue financing activities": 387,
        "Net profit from business activities": 1983,
        "Profit": 70,
        "Profit before tax": 2053,
        "Present corporate income tax expenses": "N/A",
        "Deferred income taxes expenses": "N/A",
        "The interests of minority shareholders": "N/A",
        "Total Cost of profits": 0,
        "Profit after tax corporate income": 2053,
        "Volume": 7000000,
        "Close of Quarter": 11.6,
        "EPS": 1315,
        "Non-adjusted EPS": 1199,
        "PE": 10.7,
        "Book Price": 14.5
      }
    },
    {
      "quarter": "Q4 2007",
      "income status": {
        "Net sales": 87346,
        "Cost of goods sold": 76504,
        "Gross Profit": 10842,
        "Financial expenses": 14,
        "Of which: Interest expense": "N/A",
        "Cost of sales": 6226,
        "Enterprise cost management": 3661,
        "Total Operating Expenses": 9901,
        "Total revenue financing activities": 547,
        "Net profit from business activities": 1489,
        "Profit": 1334,
        "Profit before tax": 2823,
        "Present corporate income tax expenses": "N/A",
        "Deferred income taxes expenses": "N/A",
        "The interests of minority shareholders": "N/A",
        "Total Cost of profits": 0,
        "Profit after tax corporate income": 2823,
        "Volume": 7000000,
        "Close of Quarter": 24.0,
        "EPS": 1199,
        "Non-adjusted EPS": 1076,
        "PE": 25.4,
        "Book Price": 6.8
      }
    },
    {
      "quarter": "Q3 2007",
      "income status": {
        "Net sales": 97776,
        "Cost of goods sold": 85220,
        "Gross Profit": 12556,
        "Financial expenses": 16,
        "Of which: Interest expense": "N/A",
        "Cost of sales": 7130,
        "Enterprise cost management": 3759,
        "Total Operating Expenses": 10905,
        "Total revenue financing activities": 162,
        "Net profit from business activities": 1813,
        "Profit": 55,
        "Profit before tax": 1868,
        "Present corporate income tax expenses": 523,
        "Deferred income taxes expenses": "N/A",
        "The interests of minority shareholders": "N/A",
        "Total Cost of profits": 523,
        "Profit after tax corporate income": 1345,
        "Volume": 7000000,
        "Close of Quarter": 22.5,
        "EPS": 1076,
        "Non-adjusted EPS": 948,
        "PE": 41.3,
        "Book Price": 6.6
      }
    },
    {
      "quarter": "Q2 2007",
      "income status": {
        "Net sales": 89980,
        "Cost of goods sold": 78860,
        "Gross Profit": 11120,
        "Financial expenses": 5,
        "Of which: Interest expense": "N/A",
        "Cost of sales": 5325,
        "Enterprise cost management": 4060,
        "Total Operating Expenses": 9390,
        "Total revenue financing activities": 91,
        "Net profit from business activities": 1821,
        "Profit": 3,
        "Profit before tax": 1824,
        "Present corporate income tax expenses": 511,
        "Deferred income taxes expenses": "N/A",
        "The interests of minority shareholders": "N/A",
        "Total Cost of profits": 511,
        "Profit after tax corporate income": 1313,
        "Volume": 7000000,
        "Close of Quarter": 18.1,
        "EPS": 948,
        "Non-adjusted EPS": 545,
        "PE": 51.3,
        "Book Price": 6.5
      }
    },
    {
      "quarter": "Q1 2007",
      "income status": {
        "Net sales": 78068,
        "Cost of goods sold": 67494,
        "Gross Profit": 10574,
        "Financial expenses": 16,
        "Of which: Interest expense": "N/A",
        "Cost of sales": 6108,
        "Enterprise cost management": 2901,
        "Total Operating Expenses": 9025,
        "Total revenue financing activities": 51,
        "Net profit from business activities": 1600,
        "Profit": 6,
        "Profit before tax": 1606,
        "Present corporate income tax expenses": 450,
        "Deferred income taxes expenses": "N/A",
        "The interests of minority shareholders": "N/A",
        "Total Cost of profits": 450,
        "Profit after tax corporate income": 1157,
        "Volume": 7000000,
        "Close of Quarter": 28.0,
        "EPS": 545,
        "Non-adjusted EPS": 353,
        "PE": 169.8,
        "Book Price": 6.7
      }
    }
  ]
}